4004 6022
681 170 1154 234 flammeorum*
1560 254 1570 275 ι
1717 184 1774 242 m

78 329 189 385 desinat
213 344 274 384 ease
292 328 529 384 mentaliter
545 329 583 384 td
602 329 712 386 illerum
728 330 915 387 aeddmtiunr
942 349 1045 399 magna
1078 333 1162 400 copia
1193 336 1348 385 sumantur.
1388 329 1429 382 At
1454 346 1520 383 num
1548 334 1640 399 potest
1667 330 1774 401 aliquid

78 415 244 470 desitionern
271 423 324 469 ete.
365 413 421 469 Sed
445 415 515 469 haec
542 423 608 471 sunt
633 416 740 472 somnia
765 417 915 472 edmerum
942 416 1054 485 nutrire,
1073 417 1147 487 quod
1167 413 1384 472 ncnsltcibns?
1411 414 1516 480 Quarto
1535 423 1702 484 scqacrctar,
1720 433 1777 469 non

79 501 229 556 hominum.
274 500 361 554 Panis
397 501 571 557 eucharistici
608 504 646 557 ad
679 520 779 573 eorpus
814 501 916 556 Christi
940 519 1023 569 posse
1042 521 1144 571 corpses
1168 502 1288 556 Domini
1306 502 1411 569 accipi,
1437 502 1505 569 quin
1527 502 1681 554 solueretur
1699 503 1778 570 jeju-

81 588 197 642 docente
217 587 422 657 apostolohaec
439 593 483 641 est
496 587 636 659 analogia,
649 588 726 659 quod
736 589 774 642 sit
784 595 916 644 κοινωνία
943 589 1028 641 ninam.
1066 589 1290 657 Respondemus:
1319 601 1390 656 quse
1412 601 1479 640 varo
1496 586 1582 640 fuerit
1599 585 1778 640 absurditas?

79 674 202 742 corperis
223 671 326 726 Christi
348 678 369 726 l.
389 671 451 726 Cor.
473 678 520 737 10,
538 692 564 730 v.
586 679 625 729 16.
646 673 721 744 quod
739 676 800 744 ejus
818 692 917 729 munus
944 674 967 726 si
989 691 1046 727 non
1069 681 1161 745 potest
1179 691 1280 744 corpus
1300 672 1411 727 Domini
1429 672 1482 724 rite
1503 673 1573 725 sumi
1593 673 1645 725 nisi
1669 690 1686 726 a
1704 674 1777 743 jeju-

79 768 107 815 st
121 759 249 815 officium
269 761 468 814 sacramentale
486 761 540 829 ait,
568 766 601 814 ut
617 762 757 816 mediante
777 778 810 817 ee
827 762 917 816 distri·
944 760 996 824 nis,
1016 776 1084 830 ergo
1103 760 1229 813 Christus
1247 767 1311 829 pest
1328 775 1405 813 esum
1425 757 1492 828 agni
1508 758 1646 828 paschalis
1660 776 1715 814 non
1727 758 1780 812 rite

81 847 184 901 buatar
207 853 237 902 et
258 846 443 902 manducetur
466 847 567 903 Christi
590 864 706 918 corpus,
732 848 768 902 ad
786 848 840 902 hoc
858 848 917 902 0ru-
945 846 1066 900 instituit
1082 846 1292 909 eucharistiam,
1319 862 1386 915 ergo
1404 849 1556 914 peccarunt
1575 845 1706 914 apostoli,
1731 845 1798 914 qut

80 933 152 986 cium
192 939 224 986 et
252 949 354 986 munus
384 933 583 989 sacramentale
614 933 778 1005 requiritur,
814 942 846 989 ut
875 950 918 988 ac·
945 939 1093 1002 postquam
1122 939 1302 998 coenassent,
1339 947 1438 1000 eorpus
1473 930 1586 983 Domini
1615 937 1779 984 sumserunt.

82 1019 207 1072 cident'a
231 1017 353 1073 habeant
377 1020 502 1075 ordinem
523 1021 560 1074 ad
578 1036 679 1091 corpus
699 1021 801 1075 Christi
818 1022 918 1090 prima·
946 1015 1019 1072 Vide
1041 1017 1162 1088 August.
1190 1017 1270 1086 epist.
1292 1023 1346 1072 lla.
1367 1017 1403 1070 ad
1421 1017 1533 1070 ianuar.
1553 1033 1575 1069 a
1596 1021 1621 1071 6.
1640 1022 1670 1069 et
1689 1023 1712 1071 t.
1731 1014 1780 1069 ubi

82 1104 134 1166 rio,
159 1121 218 1157 aen
244 1110 337 1158 antem
360 1104 398 1158 ad
421 1122 528 1176 panem.
573 1107 741 1162 Bellarmino
767 1106 918 1160 absurdum
946 1103 1017 1156 inter
1035 1110 1129 1157 cetera
1146 1102 1257 1169 scribit,
1279 1103 1429 1156 ncnnmlos
1442 1102 1618 1171 probabilem
1636 1103 1780 1170 quandem

83 1189 207 1252 sidem,
234 1190 258 1243 si
284 1189 356 1244 duae
380 1191 553 1246 substantias
575 1191 710 1247 haberent
733 1192 857 1245 ordinem
881 1190 918 1244 ad
945 1190 1083 1241 rationem
1107 1189 1277 1256 mucione,
1306 1196 1335 1240 ut
1360 1207 1416 1242 uno
1438 1197 1513 1242 certo
1534 1189 1581 1241 dic
1595 1205 1649 1256 pcc
1666 1204 1779 1256 annam,

12 1274 179 1334 maedam
196 1274 369 1344 accidentia3
389 1276 438 1330 sed
456 1293 493 1331 an
511 1294 566 1331 nen
586 1279 675 1349 magis
692 1278 856 1341 absurdum,
874 1294 919 1331 ac-
945 1291 1000 1342 quo
1017 1277 1110 1343 ipsam
1127 1292 1241 1328 coenam
1261 1276 1403 1328 Dominus
1421 1275 1507 1342 dedit,
1527 1282 1663 1343 tanesiam
1679 1276 1721 1327 ad
1737 1275 1779 1327 ia-

83 1359 206 1414 eamus
230 1360 311 1430 panis
334 1361 485 1417 consistere
503 1363 660 1418 intereunte
679 1364 820 1433 subJ'ecto,
846 1364 918 1417 aeci·
944 1361 1096 1429 οἰοηίονοηι
1127 1362 1413 1414 connumerationem
1439 1367 1506 1429 post
1531 1361 1606 1412 cibos
1632 1361 1732 1430 offerri
1754 1369 1780 1414 ct

82 1444 177 1500 dantia
194 1446 310 1514 nutrire,
329 1447 468 1518 eorrumpi
489 1455 540 1502 stc.
560 1449 637 1518 prius
657 1448 767 1502 facilius
785 1450 919 1504 concedet
945 1448 1040 1516 accipi
1060 1449 1145 1501 liccat
1169 1463 1273 1514 coaptis
1288 1454 1316 1499 ct
1333 1447 1497 1514 canosinam
1516 1448 1640 1525 Domini.
1675 1447 1779 1512 ttQui-

82 1531 151 1585 ratio
167 1547 256 1601 quarn
272 1533 417 1601 posterius.
452 1533 581 1589 Secundo
603 1536 763 1603 pericnlum
783 1544 861 1600 essct,
883 1553 918 1588 nc
946 1533 1010 1586 dam
1034 1551 1067 1588 ex
1090 1532 1244 1588 Pontificiis
1269 1535 1464 1603 augustanum
1487 1532 1686 1587 confessionem
1706 1550 1779 1588 asse

82 1617 271 1686 nnrpiiciorss
289 1621 446 1672 adorarent
460 1636 573 1688 panem.
610 1622 833 1692 Respondemus:
853 1640 917 1675 num
945 1636 1006 1674 rere
1023 1619 1361 1673 transsubstantiationem
1381 1619 1499 1689 probare
1517 1625 1651 1673 comatur
1668 1636 1780 1674 exvoee

82 1719 145 1759 vero
169 1703 278 1757 nullum
301 1711 345 1759 ast
362 1705 531 1775 periculum,
557 1723 592 1759 ns
609 1708 726 1761 aderant
742 1709 918 1762 accidentia?
944 1707 1049 1773 speciei
1073 1713 1124 1759 art.
1146 1712 1185 1761 ld.
1205 1705 1242 1759 ab
1261 1705 1521 1773 eademusurpata.
1556 1702 1779 1774 Respondemnse

82 1789 268 1844 Bellarminns
285 1789 422 1859 disputat,
441 1792 617 1846 statuendam
634 1808 695 1847 esse
713 1795 919 1847 uanssubstan·
944 1790 1106 1861 figmentum
1125 1790 1440 1845 transsubstantiationis
1459 1789 1625 1859 jampridem
1644 1807 1677 1844 ex
1697 1807 1778 1845 eran·

82 1873 238 1943 dationem,
267 1892 303 1929 ne
329 1875 511 1945 simpliciores
536 1877 653 1931 adorent
674 1894 790 1947 panem;
821 1881 917 1934 eodem
945 1877 1096 1946 gelidarum
1114 1877 1292 1931 ecelesiarum
1304 1875 1675 1946 finibuseratprofligatum.
1696 1878 1779 1931 Anno

80 1961 147 2028 jars·
159 1959 257 2014 inferri
275 1969 383 2030 posset,
408 1964 585 2016 statuendam
603 1979 665 2018 esse
683 1965 917 2019 transaccidents-
948 1968 1020 2016 1520.
1058 1963 1196 2017 Lutherus
1225 1963 1253 2015 in
1278 1962 1338 2016 libr.
1369 1963 1405 2016 de
1434 1969 1508 2031 capt.
1538 1960 1639 2032 Babyl.
1669 1962 1780 2016 scribitr

83 2044 199 2114 umam,
223 2062 259 2100 ne
280 2046 398 2100 adorent
414 2046 577 2102 accidentia.
613 2047 702 2118 Atqui
720 2067 772 2104 nec
789 2051 917 2105 substan·
946 2051 1080 2103 secusia
1102 2049 1181 2102 altra
1197 2050 1275 2102 saitis
1296 2051 1428 2101 ctuccntas
1446 2064 1537 2101 annos
1557 2055 1631 2100 recte
1649 2049 1780 2116 madidis,

83 2131 161 2195 tiam,
186 2147 239 2186 nee
265 2131 421 2186 accidentia
443 2133 545 2201 panis,¹
570 2135 620 2188 ssd
638 2134 779 2188 Christum
803 2137 919 2191 adorare
945 2153 997 2189 nce
1021 2153 1140 2204 mquam
1166 2152 1217 2188 acc
1242 2153 1365 2203 anqraeam
1391 2137 1426 2187 dc
1450 2135 1506 2186 ista
1531 2134 1781 2188 transsubstantia-

84 2215 228 2284 debemus,
248 2217 297 2288 qui
317 2222 359 2271 est
376 2217 504 2273 coelestis
521 2219 604 2288 hujus
622 2220 741 2273 convivii
759 2222 860 2292 hospes
878 2232 919 2278 at·
946 2224 1028 2290 tione,
1048 2231 1210 2290 pmuntoso
1227 2222 1333 2274 scilicet
1351 2221 1486 2274 vocando
1503 2228 1529 2271 ct
1548 2221 1670 2288 somnio,
1687 2222 1781 2273 memi-

84 2319 137 2371 qne
160 2304 223 2372 ipss
245 2310 372 2358 sanetum
397 2321 477 2358 suurn
500 2320 600 2375 eorpus
619 2322 651 2358 aa
669 2307 820 2374 pretiosum
838 2326 919 2363 snum
946 2316 1047 2360 nsnmt
1067 2309 1160 2360 sacnti
1178 2315 1285 2376 patres
1328 2305 1437 2359 Ibidem
1461 2304 1547 2358 refert
1574 2305 1781 2359 transsubstan-

84 2389 248 2460 sanguinem
276 2391 356 2445 nobis
384 2390 533 2447 distribuit.
569 2391 919 2449 lhmrssubstantiationsm
945 2393 1087 2447 tadonem
1107 2393 1178 2446 inter
1195 2408 1285 2461 nugas
1302 2389 1506 2459 metaphysieas
1526 2389 1780 2444 mundanorum.

83 2490 114 2529 ax
136 2475 302 2530 adoratione
325 2476 406 2545 panis
424 2475 544 2546 probare
562 2483 604 2532 sst
621 2478 698 2532 litem
716 2479 767 2532 lite
788 2486 817 2534 et
835 2496 919 2550 quae-
946 2479 1028 2532 Anno
1053 2484 1127 2533 15²2.
1153 2485 1219 2532 tem.
1246 2484 1268 2531 2.
1295 2476 1357 2529 ian.
1383 2474 1475 2529 Germ.
1500 2475 1528 2527 in
1547 2474 1595 2529 lib.
1617 2476 1653 2529 de
1671 2475 1779 2530 abusib.

84 2561 495 2631 nouamquassfionssolverc.
516 2562 919 2620 cabalticlleccrsinccn:
945 2565 1045 2618 missae
1069 2563 1294 2617 annihilationem
1321 2561 1401 2632 panis
1424 2560 1510 2615 refert
1527 2561 1599 2614 inter
1615 2561 1714 2614 inanes
1731 2576 1780 2631 pa·

87 2647 158 2709 Quia
182 2665 240 2701 aon
260 2656 432 2716 potestesse
452 2649 723 2704 evideaccrtitadn
742 2668 831 2719 noque
850 2653 919 2706 ecie-
945 2650 1026 2720 pismi
1049 2656 1146 2720 stupas
1170 2656 1198 2704 st
1217 2647 1341 2717 stipulas.
1377 2645 1483 2701 Eodem
1508 2661 1572 2701 ann.
1592 2646 1621 2699 in
1641 2646 1779 2702 libeant.

85 2735 191 2802 manti,
217 2750 307 2802 nsque
328 2735 438 2803 populo
464 2736 658 2789 circumstanti
679 2739 716 2790 ds
741 2739 920 2792 amerinae
945 2755 1002 2808 reg.
1025 2736 1147 2805 Angliae
1170 2733 1252 2800 dicit,
1281 2731 1466 2789 vicariatum
1494 2748 1552 2785 scas
1579 2733 1730 2802 impioram
1754 2739 1781 2786 ct

82 2822 167 2889 pastis
190 2821 222 2874 in
246 2836 347 2889 corpas
369 2819 475 2874 Christi
493 2831 613 2891 propter
638 2824 780 2890 dessctrm
797 2825 920 2893 aiiqsccm
945 2840 1092 2878 coacmmm
1114 2823 1319 2874 Themistonem
1344 2821 1515 2887 nimmia,
1541 2821 1682 2887 quidquid
1700 2820 1781 2873 nces-

84 2908 291 2976 mediantem,
309 2915 338 2960 st
355 2908 515 2974 cmttinpsnc
527 2916 684 2977 potentem,
702 2916 733 2962 nt
750 2912 920 2977 quodfacto
945 2919 1007 2964 rant
1024 2913 1061 2963 dc
1078 2907 1398 2962 nammbstcnnasione.
1435 2904 1472 2959 lit
1490 2922 1613 2961 rursum:
1640 2908 1780 2972 Decerne,

85 2994 229 3048 celabam
256 3011 313 3047 non
336 3003 376 3047 est
401 2997 552 3060 sacerdos,
577 2996 717 3064 mquidem
734 2997 831 3052 arcitus
849 2999 919 3051 cclc-
945 2994 1063 3065 impiam
1082 3013 1140 3049 csse
1157 3004 1184 3048 et
1202 2995 1405 3062 blasphemam,
1428 2993 1454 3043 si
1477 2994 1649 3061 quisdicat,
1676 3010 1780 3061 panem

85 3081 168 3133 mass
184 3086 279 3149 potest
296 3081 438 3134 euidenter
455 3081 537 3145 scire,
553 3098 584 3135 as
593 3083 665 3150 fors
683 3082 853 3150 baptizamini
870 3092 920 3137 aut
945 3082 1215 3136 emmeramensi.
1250 3081 1333 3133 Anne
1352 3084 1426 3133 1524.
1450 3085 1546 3131 centra
1567 3078 1699 3133 coelestes
1718 3095 1780 3148 pre·

84 3165 205 3232 leptim
241 3166 411 3219 ordinatam.
463 3166 601 3220 Similiter
629 3176 747 3237 propter
777 3170 919 3236 desectam
945 3169 1044 3239 phetas
1072 3184 1160 3238 agera
1187 3182 1315 3237 expresse
1342 3165 1418 3218 illam
1447 3164 1527 3233 panis
1553 3164 1780 3220 anmhdationem

82 3253 209 3325 plmajas
232 3253 391 3307 messario
416 3254 548 3322 regamiti
564 3256 606 3306 ad
621 3256 854 3322 coruccrandum,
876 3263 919 3307 at-
945 3255 1037 3325 reJ'ieit
1058 3258 1088 3309 et
1111 3251 1317 3307 disfincfienem
1341 3250 1558 3304 substantiarum
1577 3250 1657 3320 panis
1676 3257 1704 3304 et
1721 3267 1780 3304 cer·

81 3347 146 3408 pote
166 3339 280 3392 dehs‘tas
297 3340 467 3408 misnticnic,
487 3347 537 3393 ant
554 3356 678 3393 errorem
698 3341 873 3394 cmnmicsum
889 3341 920 3394 in
946 3342 1021 3412 poris
1039 3338 1143 3393 Christi
1162 3336 1343 3392 similitudine
1362 3335 1427 3389 ferri
1446 3340 1474 3388 et
1493 3334 1581 3404 ignis,
1605 3335 1671 3390 item
1691 3335 1780 3390 deita-

84 3426 180 3487 sorma
199 3424 244 3478 nel
260 3426 290 3477 in
308 3429 436 3492 materia,
457 3434 483 3479 st
501 3427 589 3480 mnito
607 3427 698 3480 minas
710 3427 921 3480 drmcmnantcs
946 3427 983 3480 tis
1008 3432 1036 3481 et
1067 3424 1246 3478 humanitatis
1277 3422 1306 3474 in
1332 3420 1441 3474 Christe
1468 3418 1623 3473 luculenter
1651 3421 1779 3476 illustrat.

86 3510 281 3574 infallibiliter
298 3512 371 3564 scire
385 3518 512 3579 poscrmt,
528 3513 579 3565 aab
591 3512 684 3565 hostia
694 3514 759 3576 fors
772 3511 921 3577 Christum,
946 3513 1030 3566 Anno
1051 3516 1125 3567 1528.
1142 3510 1171 3564 in
1190 3508 1261 3563 conf.
1280 3507 1399 3577 majore:
1419 3507 1480 3560 Nos
1494 3523 1596 3574 capris
1608 3506 1781 3561 Christiana

86 3597 150 3650 idco
175 3597 312 3650 οάονοιίο
330 3598 399 3665 ficri
419 3598 500 3651 debet
523 3599 575 3650 σοὺ
598 3598 758 3652 condicens
781 3598 923 3652 sansacu
947 3599 1106 3668 conficimus
1123 3612 1156 3650 cc
1169 3611 1256 3664 panc,
1273 3603 1304 3647 nt
1322 3594 1403 3646 nobis
1416 3593 1533 3662 affinpit
1544 3594 1662 3660 spiritus
1674 3596 1782 3661 (sacra

86 3683 172 3735 tacita
189 3682 233 3735 ccl
250 3683 362 3736 Mtaoii
379 3699 527 3750 expressa,
549 3683 605 3737 toli
626 3684 743 3751 nanc,
768 3684 796 3737 si
811 3692 922 3738 seruato
946 3685 1123 3749 mastacius),
1153 3683 1209 3735 imo
1232 3696 1320 3749 nsque
1343 3680 1478 3747 dicimus,
1506 3696 1607 3748 corpus
1631 3681 1723 3748 ipsias
1748 3696 1782 3735 aa·

84 3770 140 3821 sint
165 3769 261 3822 onmis
289 3769 331 3821 od
363 3769 599 3823 cmuccratioacm
631 3770 801 3825 neccssaria
842 3769 922 3825 Haec
946 3788 1021 3842 panc
1036 3771 1111 3839 fieri,
1127 3770 1178 3822 secl
1196 3767 1330 3824 dicimus.
1348 3783 1451 3835 corpus
1468 3767 1543 3834 ejas,
1571 3768 1648 3835 qaod
1674 3768 1782 3821 dicdum

85 3855 209 3924 pericula
225 3853 303 3924 prius
320 3861 429 3909 armtat
445 3854 647 3920 Bellarminus,
665 3861 815 3926 antequam
832 3856 920 3911 solici-
946 3860 1056 3922 factam
1075 3864 1129 3917 cst,
1148 3856 1249 3907 adesce
1265 3855 1380 3922 qnando
1398 3852 1533 3915 dicimus,
1551 3853 1603 3905 hoc
1621 3862 1661 3905 cst
1679 3872 1782 3923 corpas

84 3948 129 3997 tus
155 3942 204 4009 ait,
232 3957 268 3996 ne
291 3941 474 4011 simpliciores
495 3940 612 3996 adorent
628 3941 709 4011 panis
727 3942 920 3997 substantiam.
947 3961 1045 3999 msam
1080 3944 1163 3995 Anno
1184 3947 1258 3995 1525.
1283 3941 1312 3993 in
1334 3944 1541 4010 syngrammata
1560 3937 1677 3992 Suerioo
1696 3941 1782 3995 eecle-

83 4027 179 4083 ‘l'ertio
197 4044 255 4082 son
272 4029 384 4082 cicietur
400 4029 508 4081 retiam
526 4036 747 4096 concatenatim,
763 4037 795 4083 at
808 4040 921 4085 mancat
947 4032 1005 4085 siae
1029 4028 1179 4099 superioris
1201 4025 1368 4080 Germaniae
1385 4024 1721 4079 transsubstantiationem
1739 4042 1781 4080 re·
1830 4036 1839 4050 '

84 4115 167 4169 aaut
193 4115 272 4167 diris
295 4116 393 4168 menas
417 4124 443 4168 st
460 4115 571 4168 vntris
606 4113 832 4185 Respondemus:
865 4116 920 4170 imo
943 4119 1080 4189 jecerunt
1115 4115 1177 4168 Nos
1199 4112 1348 4182 (inquiunt)
1368 4127 1473 4178 passm
1497 4112 1602 4178 ipsunt,
1625 4128 1681 4178 grta
1694 4113 1782 4178 panis

85 4217 149 4255 vero
166 4199 299 4270 analogia
317 4200 523 4255 sacramentalis
543 4199 596 4255 hac
613 4200 721 4255 ratiorm
739 4201 838 4256 melius
855 4218 920 4256 con·
947 4212 1001 4272 cst,
1028 4209 1167 4267 tractans,
1192 4202 1341 4266 frangere,
1371 4198 1466 4262 canc,
1499 4196 1626 4249 dentibm
1654 4204 1781 4264 atterere,

86 4293 149 4343 stat
195 4286 327 4351 Quamvis
351 4286 425 4340 enim
450 4286 609 4356 primarium
635 4286 716 4356 panis
745 4286 921 4341 eucharistici
946 4287 1076 4344 Brentius
1090 4286 1221 4356 inegreg.
1230 4289 1375 4337 comment.
1386 4299 1410 4336 e.
1418 4282 1513 4337 taiob.
1531 4283 1781 4338 Ann01527:Non

86 4370 206 4426 officinm
226 4372 264 4427 sit
282 4389 343 4426 esse
362 4388 497 4442 organum
517 4377 545 4425 et
563 4369 657 4443 ὄχημα
675 4373 797 4441 serpens
810 4372 920 4441 Christi,
932 4386 935 4441 ξ
947 4373 1117 4443 ariaci-imas,
1136 4388 1174 4422 an
1187 4371 1275 4440 panis
1290 4369 1449 4421 substantia
1467 4376 1588 4422 maistin
1607 4370 1637 4422 in
1653 4371 1782 4438 corporis

86 4457 151 4512 nihil
167 4464 264 4513 tamen
276 4457 400 4533 impedit,
418 4459 564 4528 quominus
578 4475 643 4514 cnm
656 4457 805 4529 Cypriane,
822 4459 920 4527 Augu·
932 4450 935 4487 ἶ
947 4460 1137 4525 mbstantiom,
1155 4465 1185 4509 ut
1197 4462 1315 4524 pransi
1333 4455 1505 4522 accidentia,
1523 4471 1595 4523 ortos
1614 4456 1656 4507 ric
1672 4463 1780 4521 vocant,

86 4545 156 4599 stine
174 4550 203 4600 et
221 4544 285 4600 aliia
302 4545 442 4608 dicamus,
465 4561 567 4615 panem
591 4543 802 4599 eucharisticum
822 4559 920 4597 secun·
947 4547 1020 4600 nihii
1045 4550 1189 4598 remaneat
1209 4544 1240 4596 in
1266 4559 1349 4611 panc.
1391 4545 1438 4595 Dc
1463 4542 1507 4594 nis
1531 4544 1614 4608 napis
1640 4542 1781 4609 dispraeti

87 4631 163 4686 dario
184 4629 257 4685 haris
276 4629 381 4685 habere
395 4630 553 4700 analogiam
571 4630 608 4684 ad
627 4628 731 4684 Christi
748 4645 864 4699 cerpus,
887 4635 920 4682 ut
946 4634 1015 4686 nani
1027 4631 1174 4700 papistuc,
1194 4630 1245 4698 qni
1264 4646 1296 4680 ss
1312 4629 1408 4697 monis
1427 4628 1539 4697 quiduis
1549 4629 1669 4694 flagrant.
1705 4624 1782 4695 Ergo

87 4718 157 4772 sicut
173 4716 255 4786 panis
272 4717 361 4771 sunit
378 4733 491 4786 corpus,
519 4717 559 4771 lta
576 4733 677 4786 corpus
694 4714 797 4770 Christi
816 4731 920 4770 norum
933 4732 935 4771 l
947 4720 1138 4773 Pretestantes
1163 4716 1269 4784 speciei
1291 4730 1359 4768 vocs
1383 4713 1531 4783 designant
1553 4710 1675 4765 risibilia
1700 4718 1730 4763 et
1751 4711 1781 4764 in

87 4802 231 4859 hominem.
268 4803 383 4858 lnterim
404 4809 497 4858 tamen
522 4805 589 4875 quia
611 4802 664 4857 hcc
687 4819 743 4857 non
762 4808 804 4855 est
820 4776 1090 4873 prima-ierternum
1115 4801 1259 4855 oculorum
1283 4815 1394 4854 sensum
1419 4797 1587 4853 incurrentia
1610 4796 1737 4866 symbola
1754 4805 1782 4851 et

88 4891 155 4945 rium
173 4889 256 4960 panis
273 4889 480 4944 sacramentalis
497 4888 633 4952 officium,
658 4888 708 4943 sed
727 4888 921 4959 qualecunque
933 4876 936 4953 ξ
948 4892 988 4945 sic
1004 4888 1125 4960 speciem
1147 4904 1204 4943 non
1223 4884 1378 4940 substantia
1395 4900 1527 4951 vacuam,
1552 4882 1601 4936 sed
1620 4881 1736 4935 solidam
1754 4890 1783 4937 et

87 4977 262 5047 adjunctum,
281 4977 345 5032 ideo
360 4978 443 5047 juxta
460 4991 594 5030 canonem
607 4975 760 5030 Nicaenum
777 4993 834 5028 non
851 4976 922 5029 mni·
933 4956 938 5056 i
949 4994 1012 5032 cunr
1039 4974 1142 5045 speciei
1166 4973 1283 5028 resima
1302 4972 1487 5040 conjunctam.
1521 4966 1661 5021 Pontificii
1680 4966 1733 5036 ipsi
1752 4969 1782 5023 in

88 5070 157 5129 tam,
175 5065 231 5117 scd
249 5080 356 5132 param
375 5064 521 5129 ruminas,
544 5062 685 5130 amidam
702 5080 759 5116 non
776 5062 936 5149 catinam}
948 5080 1000 5119 sua
1024 5060 1214 5116 confutatione
1239 5063 1346 5111 nostros
1371 5055 1473 5110 hortati
1491 5059 1566 5120 sunt,
1590 5057 1623 5105 ut
1642 5054 1782 5108 hanmub·

88 5153 137 5204 ssd
164 5150 399 5219 sancb'ficationss
428 5165 516 5203 caasa
535 5157 647 5217 'partem
673 5148 755 5202 iiiam
781 5149 936 5221 sanamus}
949 5146 1154 5204 enudationem
1169 5142 1329 5205 eraderent,
1347 5142 1424 5212 quod
1441 5137 1611 5209 superfluum
1631 5137 1803 5204 luisset,si.

88 5235 258 5292 cnmadicit
284 5244 379 5291 autem
403 5232 588 5291 Bellarminns
610 5232 752 5304 sibiipsi,
779 5235 832 5290 hoc
851 5224 979 5291 ommim
999 5233 1054 5289 illis
1074 5230 1167 5286 verbis
1192 5243 1254 5284 sam
1277 5227 1413 5282 contineri
1428 5224 1609 5295 judicassent.
1644 5223 1783 5294 Apologia

89 5323 147 5379 loco
172 5332 285 5395 negat,
301 5342 414 5379 marisco
440 5324 530 5376 cibrcm
550 5321 667 5390 matris,
695 5320 745 5374 sed
768 5322 859 5391 capite
883 5288 937 5381 iai
951 5320 1032 5378 dicit:
1065 5318 1175 5386 Corpus
1200 5321 1227 5368 ct
1253 5315 1416 5382 sanguinem
1442 5309 1549 5363 Christi
1574 5310 1697 5364 calcini
1721 5330 1783 5366 cam

90 5409 229 5482 disputat,
259 5411 422 5464 macentia
444 5408 532 5480 panis
556 5407 681 5476 narina,
707 5406 815 5461 cciiicst
843 5409 870 5461 si
894 5392 938 5481 ini
951 5410 995 5465 bis
1013 5408 1110 5473 rabac,
1127 5418 1199 5473 quw
1215 5401 1393 5454 stammas*
1532 5439 1537 5448 .
1658 5458 1660 5462 Α
1680 5441 1696 5472 0
1781 5420 1787 5448 ·.

1403 5498 1453 5554 10*
