4004 6022
822 269 1169 331 unsscasconua
1779 289 1838 349 uu

154 441 214 482 esen
229 427 313 496 jueta
333 425 494 495 judicium,-
523 426 651 499 conjuug.
673 427 774 483 Psalm.
801 431 866 494 1³2,
887 444 913 483 v.
943 420 1078 545 131010τί
1095 428 1182 485 honor
1201 430 1360 501 sapientiae,
1379 432 1503 489 veritatis
1521 439 1549 491 et
1568 435 1782 508 omnipotentiae
1793 437 1841 493 tri·

154 519 177 568 1.
201 511 373 567 Salomonem
406 509 464 566 eine
495 510 578 569 verbo
606 519 633 568 et
660 512 789 570 mandato
812 511 866 568 Dei
890 512 1129 599 arcam,buitur);
1149 523 1228 587 grato
1248 517 1331 573 corde
1352 520 1841 594 agnoscendastpraedicandaeoe-

153 597 323 655 transtulisse
352 597 379 652 in
409 597 563 655 Jerusalem
589 597 644 653 dici
667 598 744 654 nulla
770 598 862 670 specie
884 599 1089 689 potestfllestia
1113 601 1258 672 beneficia,
1288 621 1359 675 quae
1376 621 1427 676 per
1446 613 1594 664 κοινωνίαν
1613 611 1839 671 sacramentalem

153 701 214 742 cum
232 684 266 740 de
285 690 424 740 structura
437 683 533 756 templi
547 700 705 755 expressum
719 702 736 740 a
749 684 809 740 Dco
823 685 983 742 mandatum
994 742 997 771 Ε
1009 689 1129 759 corporis
1149 696 1177 744 ct
1195 691 1338 763 sanguinis
1356 691 1458 750 Christi
1477 695 1513 750 ad
1533 713 1583 751 uos
1599 704 1778 770 promanant,
1800 698 1841 755 di-

154 770 296 842 acceperit,
315 771 388 825 unde
408 770 489 827 etiam
503 771 599 841 qloria
612 771 732 826 Domini
744 771 984 842 replevitdomum
1009 792 1092 845 gnam
1122 777 1358 848 praeparationem
1384 780 1446 835 usui
1465 779 1548 852 hujus
1567 782 1733 839 sanctissimi
1751 801 1841 842 sacn-

154 858 228 916 illam
245 857 274 913 iu
292 856 381 925 nube,
404 861 424 912 1.
443 855 512 929 Reg.
532 861 556 920 8,
574 875 600 910 v.
622 863 660 913 11.
677 856 782 929 Magna
801 857 887 930 igitur
906 858 983 913 disei-
1010 862 1094 916 menti
1110 863 1354 935 praemittendam,
1373 868 1611 925 annuntiationem
1623 871 1718 927 mortis
1731 868 1842 942 Christi,

154 945 278 1000 militudo
312 944 384 999 inter
412 942 697 1016 circumgestationem
725 960 805 999 arcae
833 961 850 998 a
875 944 928 1015 piis
956 945 1160 1039 iulgratiarum
1178 949 1328 1019 actionem,
1346 951 1553 1025 poenitentiam,
1571 955 1655 1013 fidem
1671 975 1704 1014 ac
1723 958 1842 1017 melioris

156 1032 187 1089 V.
212 1030 245 1089 T.
269 1031 362 1085 divino
382 1029 505 1100 euspicio
523 1036 679 1102 susceptam
699 1037 726 1086 et
744 1030 815 1086 iuter
833 1031 984 1104 circumge·
995 1067 998 1125 5
1010 1036 1083 1091 ritae
1104 1037 1273 1108 propositum
1293 1039 1321 1095 in
1340 1057 1393 1096 usu
1409 1058 1504 1097 sacrae
1523 1061 1625 1100 coenae
1644 1045 1841 1105 adhibendum.

154 1118 298 1175 stationem
323 1116 403 1189 panis
422 1115 595 1171 eucharistici
613 1116 772 1173 hinnauitus
791 1117 983 1189 excogitatam.
995 1149 997 1211 j
1012 1122 1508 1199 18111ηοοᾱοοιτοηιυονετειιὶῐα,
1522 1148 1593 1202 qnae
1605 1131 1634 1186 iu
1649 1131 1842 1191 distributione

154 1206 243 1262 Areae
274 1221 340 1259 usus
370 1219 425 1259 uon
455 1202 542 1258 solum
570 1203 674 1273 licitus,
705 1203 754 1259 sed
783 1204 865 1260 edam
893 1203 1039 1265 divinoet
1054 1210 1190 1266 sumtione
1208 1211 1390 1268 eucharistiae
1409 1213 1565 1286 adhibetur,
1584 1218 1694 1288 proprie
1711 1219 1764 1276 hoc
1781 1220 1843 1277 loeo

153 1291 284 1347 mandato
303 1289 496 1361 comprobatus
516 1290 582 1360 suit,
605 1297 636 1345 ut
654 1291 860 1361 deportaretu13
885 1268 1166 1381 suche-[quaesitum
1190 1297 1302 1369 ipsimet
1325 1300 1397 1354 enim
1424 1301 1553 1367 dicimus,
1578 1305 1697 1360 externis
1717 1306 1842 1378 gestibus

154 1378 245 1436 ristiae
264 1395 330 1432 usus
352 1375 495 1435 aCbristo
516 1376 658 1433 institutus
678 1385 727 1447 est,
746 1396 800 1433 non
819 1384 849 1432 ut
870 1377 1167 1449 circum-,interiorem
1187 1387 1369 1442 reverentiam
1387 1405 1446 1444 esse
1467 1389 1671 1446 declarandam.
1708 1392 1762 1459 Qui
1778 1411 1843 1451 vere

153 1469 290 1539 gestetur,
314 1464 362 1520 sed
386 1470 417 1519 ut
439 1463 621 1520 manducetur
645 1481 677 1520 ac
694 1463 813 1522 bibatur.
848 1465 927 1520 Idem
943 1483 983 1521 re·
995 1454 998 1479 '
1010 1476 1037 1526 et
1050 1487 1082 1524 er
1097 1471 1186 1526 animo
1197 1472 1293 1543 credit,
1306 1471 1445 1529 Christum
1457 1474 1547 1545 ipsum
1560 1475 1588 1531 in
1600 1477 1708 1533 achone
1720 1478 1843 1537 euchari·

154 1551 345 1624 spondeudum
372 1557 414 1606 est
437 1549 581 1616 Gretsero,
613 1552 710 1623 quiin
733 1552 924 1608 dissertatione
949 1530 1078 1612 de'atiae
1096 1575 1159 1614 vere
1179 1566 1351 1629 praesentem
1375 1577 1425 1615 suo
1450 1577 1564 1632 corporo
1589 1570 1617 1618 et
1636 1565 1772 1637 sanguiue
1791 1583 1842 1623 nos

154 1638 224 1696 festo
243 1637 366 1710 corporis
386 1637 487 1693 Christi
507 1639 612 1709 prolixe
632 1647 714 1712 urget
730 1637 885 1711 exemplum
899 1639 983 1694 Dasi-
1008 1660 1130 1714 pascere,
1147 1645 1170 1700 is
1188 1644 1381 1716 genuflexione
1395 1652 1423 1701 et
1442 1648 1596 1703 reverentia
1608 1657 1722 1707 externa
1734 1651 1842 1709 interio-

155 1724 205 1796 dis,
222 1727 299 1797 quod
317 1726 489 1781 constituerit
506 1732 579 1780 stata
598 1726 658 1794 lepe
677 1733 806 1780 cantores
824 1727 854 1778 in
869 1728 983 1795 arpanis
994 1708 999 1741 ¹
1010 1747 1066 1785 rem
1080 1729 1165 1786 fidem
1185 1748 1218 1787 ae
1235 1732 1408 1789 devotionem
1425 1751 1503 1789 suam
1517 1735 1672 1791 testabitur.
1703 1736 1842 1799 Lutbarrss

154 1813 318 1867 musicorum
336 1812 406 1880 lyris
427 1820 452 1865 et
470 1812 612 1882 cymbalis,
629 1820 659 1867 ut
676 1830 771 1866 coram
784 1830 853 1866 arca
868 1813 1037 1871 Dousiuiin
1056 1835 1079 1873 c.
1097 1824 1138 1875 11.
1157 1817 1272 1875 Genea:
1299 1821 1361 1875 Nos
1384 1840 1439 1875 non
1464 1829 1572 1876 tantum
1595 1832 1722 1893 orantes,
1745 1827 1843 1883 sedet

154 1902 374 1954 recordarentur
393 1916 506 1968 operum
527 1900 603 1968 ejus,
628 1900 820 1970 plorificarent
840 1908 865 1953 et
882 1899 983 1953 lauria·
995 1876 998 1987 ξ
1010 1905 1187 1975 baptizantes,
1206 1906 1378 1961 absolventes
1398 1915 1423 1961 et
1437 1908 1566 1977 absolui,
1587 1917 1612 1962 et
1627 1912 1788 1965 accedentes
1800 1914 1844 1967 ad

155 1993 215 2041 sent
245 1985 398 2040 Dominum
428 1990 479 2040 etc.
529 1984 616 2058 Atqui
653 1985 879 2057 distinguendum
913 1985 984 2041 inter
1009 2009 1121 2046 sacram
1138 1994 1266 2060 synaxin,
1283 1993 1349 2063 quin
1367 1993 1451 2048 etiam
1468 1995 1510 2048 ad
1518 1997 1709 2051 recitationem
1719 1999 1842 2067 promis·

155 2071 311 2130 essentialia
338 2077 367 2127 et
391 2071 638 2127 circumstantialia
660 2072 750 2127 cultus
774 2071 869 2129 divini.
905 2071 1096 2132 Ordiwss'ons's
1114 2086 1163 2131 aut
1181 2086 1270 2133 tentus
1288 2079 1427 2148 euanpels'i
1443 2097 1535 2148 penus
1549 2082 1664 2151 flectere
1681 2084 1726 2139 vei
1744 2085 1843 2141 saltem

155 2159 230 2214 natio
256 2164 396 2214 cantorum
425 2163 453 2212 et
478 2157 719 2213 instrumentorum
745 2158 909 2214 musicorum
928 2177 983 2215 non
1009 2173 1085 2219 stare
1104 2166 1231 2220 debemus
1249 2165 1399 2234 isaianum
1412 2168 1588 2222 adorationis
1601 2170 1658 2224 siue
1672 2173 1841 2229 reverentiae
1941 2152 1944 2157 Ι

155 2246 273 2317 pertinet
290 2243 325 2298 ad
345 2243 525 2298 substantium
545 2243 636 2299 tullus
654 2244 754 2313 divini,
773 2244 822 2300 ted
841 2246 876 2301 ud
894 2251 984 2301 exter·
995 2282 998 2287 ·
1009 2260 1035 2306 el
1051 2253 1245 2321 pratitudinis.
1276 2255 1314 2307 El
1332 2253 1360 2306 si
1373 2253 1402 2305 in
1414 2269 1499 2306 coena
1511 2255 1664 2310 Dominiese
1677 2258 1749 2313 nilil
1760 2260 1844 2315 aliud

156 2348 219 2386 narn
238 2330 446 2405 εὐσχημοσύνην
465 2334 492 2384 et
511 2336 702 2385 ornamentum
722 2336 805 2402 atque
823 2331 983 2386 incitamen·
1006 2338 1201 2407 porriperetur
1223 2346 1339 2408 praeter
1356 2356 1461 2408 panem
1480 2347 1505 2393 et
1523 2340 1630 2406 sinum,
1655 2342 1726 2395 u'cut
1745 2363 1842 2401 sacru·

156 2420 213 2473 lum
232 2417 324 2473 cultus
342 2415 436 2473 divini.
466 2417 530 2472 Jam
546 2432 610 2471 vero
623 2415 651 2470 in
663 2415 734 2471 festo
746 2417 869 2488 corporis
883 2417 997 2474 Christi
1012 2425 1142 2477 mauturii
1156 2423 1357 2493 blasphemant,
1376 2431 1467 2477 tamen
1486 2433 1525 2479 est
1537 2426 1739 2495 ibipromirsio
1753 2438 1778 2483 et
1789 2448 1842 2486 soa

155 2521 210 2560 uon
230 2504 320 2559 solum
338 2501 594 2569 circumstantialia,
620 2502 669 2556 sed
688 2501 771 2557 etiam
790 2502 1162 2619 substantialiapDominico
1180 2517 1206 2563 et
1225 2509 1349 2578 Spiritus
1365 2518 1477 2564 sanctus
1493 2529 1547 2580 per
1566 2513 1677 2568 umbem
1695 2516 1724 2568 in
1745 2533 1841 2586 com,

156 2592 245 2646 cultus
272 2594 396 2662 praeter,
417 2588 471 2642 imo
496 2594 592 2642 contra
610 2587 661 2642 Dei
682 2589 841 2644 mandatum
858 2589 1126 2715 instimu'tdeopm
1139 2596 1314 2651 decebatnos
1329 2599 1557 2651 cumreoerentia
1570 2601 1701 2653 accedere
1708 2622 1720 2670 ,·
1735 2610 1840 2672 quanto

156 2683 232 2743 sunt,
260 2675 388 2730 videlicet
413 2673 493 2744 panis
517 2672 690 2729 eucharistici
710 2674 843 2744 inclusio,
870 2675 984 2732 circnm-
1010 2683 1099 2750 napis
1126 2683 1159 2737 id
1183 2683 1247 2746 fieri
1265 2700 1323 2751 par
1343 2689 1394 2751 est,
1423 2685 1535 2752 pasco
1558 2685 1711 2750 credimus,
1742 2689 1842 2743 adesse

155 2762 282 2836 gestatio,
300 2759 423 2816 adoratio
441 2765 492 2814 etc.
528 2758 610 2816 Adde
629 2761 705 2833 quod
721 2760 812 2815 David
824 2780 858 2817 nc
873 2762 1104 2834 quidemsverum
1127 2786 1228 2838 corpus
1251 2777 1276 2822 ee
1299 2786 1393 2823 aarum
1409 2771 1572 2840 sanquinem
1592 2789 1653 2825 cum
1672 2775 1762 2831 verbo·
1798 2774 1842 2831 ΒΘ

157 2854 297 2905 externum
323 2846 392 2901 illud
412 2845 502 2901 cultus
519 2845 606 2902 divini
625 2854 813 2903 ornamentum
832 2849 892 2904 sine
909 2865 984 2904 man·
1009 2856 1052 2910 his
1074 2854 1160 2928 igitur
1182 2855 1254 2910 inter
1278 2873 1327 2911 nos
1351 2862 1379 2912 et
1396 2856 1556 2912 Pontificios
1575 2875 1632 2915 non
1650 2865 1691 2915 est
1710 2861 1843 2932 quaestio,

157 2935 222 2991 dabo
242 2933 335 2988 divino
353 2931 509 2997 instituerit,
529 2937 561 2987 ub
579 2932 719 3005 colligitur
739 2953 770 2990 ex
792 2940 814 2991 2.
833 2934 923 2990 Paral.
944 2940 984 3003 29,
1010 2944 1059 2999 sed
1077 2949 1204 2999 monente
1220 2942 1275 2999 Dn,
1287 2941 1446 2999 Chemnieio
1464 2943 1518 2999 tria
1531 2944 1704 3016 potissimum
1717 2949 1842 3005 panthu.

156 3040 181 3078 v.
207 3027 248 3084 25.
282 3020 336 3077 Sed
364 3019 412 3074 lali
438 3020 567 3074 mandato
593 3020 621 3074 in
645 3019 716 3076 festo
741 3022 862 3093 c0rp0u't
884 2984 1055 3102 Christiijua
1072 3029 1274 3086 controversiae
1293 3029 1397 3100 capita:
1419 3029 1591 3087 l.Pontibcii
1604 3039 1738 3099 statuunt,
1751 3035 1843 3107 ipsum

156 3106 323 3164 instituendo
356 3122 389 3160 ac
419 3105 585 3162 celebrando
618 3107 805 3163 destituuntur
835 3088 1211 3173 Pontificii,imram0ntum
1235 3115 1415 3171 eucharistiae
1439 3132 1487 3171 „eu
1510 3123 1598 3174 totum
1623 3117 1706 3182 illud,
1732 3121 1844 3191 quod,

156 3194 227 3252 Vide
240 3200 373 3267 papatum
392 3192 509 3249 acathol.
521 3193 556 3248 D·
570 3192 735 3249 Heilbrunss·
755 3200 806 3250 ari·
827 3200 866 3250 10·
885 3211 907 3249 θ·
926 3201 950 3250 3·
996 3178 1139 3270 'Domine
1158 3209 1189 3257 ut
1203 3210 1334 3266 sumatur,
1353 3202 1509 3257 institutum
1522 3207 1573 3272 est,
1585 3220 1644 3260 esse
1656 3206 1734 3261 cultu
1745 3207 1843 3265 latriae

996 3260 1191 3347 'adeundum
1231 3289 1289 3345 Nos
1317 3295 1429 3359 contra,
1458 3305 1521 3343 cum
1546 3289 1712 3346 eucharistia
1736 3301 1844 3352 constet

1012 3377 1120 3433 duabus
1138 3376 1233 3441 rebus,
1252 3382 1360 3430 terrena
1378 3380 1406 3429 et
1424 3373 1550 3444 coelesti,
1568 3375 1633 3431 ideo
1653 3377 1842 3437 adorationem

997 3465 1128 3551 idieimus
1152 3481 1207 3518 non
1230 3478 1290 3517 esse
1316 3460 1487 3534 dirigendam
1511 3460 1548 3516 ad
1574 3466 1684 3519 terrena
1707 3464 1843 3524 elementa

998 3551 1089 3624 ⁵panis
1110 3548 1220 3617 etvini,
1240 3565 1274 3603 ne
1293 3552 1401 3618 praeter
1420 3553 1570 3602 creatorem
1590 3547 1673 3604 etiam
1687 3555 1842 3609 ereaturam

408 3657 429 3718 ο
448 3656 475 3716 Α
492 3656 515 3716 1³
534 3656 604 3715 UT
638 3656 731 3718 χΙχ,
997 3610 1142 3741 {colamus
1162 3634 1210 3691 sed
1229 3635 1265 3691 ad
1277 3632 1417 3689 Christum
1435 3633 1518 3689 deum
1535 3640 1563 3690 et
1583 3633 1735 3707 hominem,
1753 3639 1843 3711 quiin

997 3725 1059 3827 *illa
1077 3724 1184 3779 actione
1206 3738 1268 3778 vere
1294 3736 1426 3792 praesens
1453 3738 1533 3774 suum
1559 3738 1659 3794 corpus
1683 3729 1711 3780 et
1731 3726 1843 3798 sangui·

156 3815 220 3881 DE
241 3814 619 3883 VENERATIONE
641 3813 1073 3909 SAORAMENT1,!nem
1109 3809 1188 3865 nobis
1219 3807 1366 3864 distribuit.
1423 3812 1446 3863 2.
1478 3807 1631 3877 Pontifioii,
1664 3811 1775 3882 quaudo
1807 3813 1843 3869 de

997 3899 1105 3967 ,cultu,
1139 3895 1298 3950 adoratione
1333 3900 1361 3950 et
1388 3894 1565 3950 veneralibus
1592 3898 1756 3953 sacramenti
1789 3898 1843 3955 dis·

25 3978 103 4021 m·
191 3990 248 4039 101.
284 3982 401 4046 Quando
428 4001 490 4039 cum
514 3983 665 4039 Pontificiis
690 3983 724 4038 de
750 3982 924 4039 veneratione
942 3968 1118 4057 sa·'putant,
1136 3999 1192 4037 uon
1203 3980 1392 4053 principaliter
1403 3979 1458 4034 hue
1471 3981 1631 4050 respiciunt,
1649 3983 1721 4037 utin
1736 3985 1843 4041 actione

24 4029 141 4082 quaestio·
997 4031 1000 4081 Ι

24 4084 76 4129 sss,
89 4082 117 4120 os
158 4068 288 4125 crementi
303 4068 474 4139 disputatur,
492 4087 548 4125 uon
566 4076 608 4125 est
627 4069 737 4140 proprie
754 4069 886 4140 quaestio,
908 4075 929 4126 1.
949 4088 985 4126 an
1013 4088 1115 4128 coenae
1132 4067 1294 4123 Dominiese
1313 4065 1370 4121 sire
1391 4065 1420 4120 in
1432 4084 1484 4121 neu
1498 4067 1558 4138 ejus
1571 4067 1702 4123 divinitus
1716 4069 1842 4127 instituto

23 4143 124 4226 {ffl‘
157 4155 281 4212 Christus
301 4154 368 4210 deus
387 4161 414 4209 et
430 4155 511 4211 horno
529 4155 557 4209 in
576 4155 684 4210 actione
703 4171 798 4211 sacrae
809 4173 910 4211 coenae
923 4174 986 4213 rere
997 4118 1001 4159 Ι
1012 4157 1136 4214 Christus
1154 4154 1222 4210 dens
1241 4156 1269 4209 e't
1288 4152 1369 4208 homo
1388 4153 1525 4221 adoretur,
1543 4154 1592 4209 sed
1610 4153 1739 4210 laborant
1757 4157 1843 4214 stabi·

22 4238 113 4329 ὖξξξιζ
156 4258 284 4312 praesens
314 4248 342 4297 et
372 4258 471 4313 corpus
505 4248 533 4296 ct
558 4240 719 4311 sanguinem
745 4259 824 4295 suurn
848 4210 1062 4299 medianse¹lire
1086 4242 1274 4298 adorationem
1297 4238 1377 4309 panis
1401 4246 1479 4295 extra
1504 4258 1583 4295 usum
1601 4258 1618 4296 a
1637 4239 1747 4298 Christo
1766 4243 1843 4299 insti·

58 4339 82 4381 x.
96 4336 140 4379 tte.
155 4344 227 4400 panc
251 4334 279 4382 et
304 4328 367 4382 rino
391 4327 469 4383 nobis
495 4327 663 4383 distribuens
688 4327 844 4382 adorandus
874 4328 924 4396 sit,
956 4329 985 4384 id
1012 4338 1102 4385 tutum
1125 4333 1153 4383 ct
1182 4325 1356 4390 mandatum,
1382 4326 1493 4397 quando
1512 4327 1617 4383 scilicet
1636 4327 1716 4400 panis
1735 4328 1766 4383 in
1780 4344 1940 4403 pro-mea

155 4415 228 4471 euim
253 4431 307 4469 nou
325 4415 413 4470 solum
431 4413 505 4469 band
523 4415 602 4470 inviti
620 4414 808 4482 concedimus,
836 4414 985 4470 sedetiam
1011 4413 1181 4471 cessionibus
1205 4413 1443 4485 circumgestatur.
1486 4414 1543 4469 Nos
1572 4421 1664 4471 autem
1687 4415 1843 4488 statuimus,

156 4519 286 4575 urgemus
303 4509 331 4557 et
348 4502 526 4570 inculcamus,
545 4519 608 4557 cum
626 4499 780 4574 ἀνάμνησις
797 4505 825 4555 et
842 4502 1112 4574 anunntian‘panem
1145 4506 1222 4556 crus
1244 4517 1323 4554 usum
1347 4517 1365 4555 a
1388 4498 1496 4556 Christo
1520 4501 1675 4556 institutum
1700 4520 1755 4557 non
1783 4520 1843 4560 asae

156 4589 194 4643 tio
214 4589 307 4643 mortis
325 4588 426 4645 Christi
446 4589 482 4644 ad
500 4589 650 4644 salutarem
669 4606 763 4644 sacrae
785 4604 886 4643 coense
906 4606 986 4643 usum
1012 4607 1110 4659 corpus
1122 4586 1231 4658 Christi,
1245 4586 1361 4658 ideoque
1370 4586 1504 4642 committi
1516 4586 1719 4662 riprotarpstoeu,
1732 4589 1843 4660 quando

155 4675 295 4747 pertinens
313 4675 371 4730 siue
390 4674 549 4731 adoratione
568 4676 630 4741 illa,
658 4691 728 4747 quae
747 4674 779 4729 fit
797 4674 824 4728 in
843 4674 941 4744 spiritu
959 4682 986 4730 et
1012 4676 1091 4747 panis
1121 4676 1149 4728 in
1178 4672 1338 4729 solennibus
1368 4672 1423 4729 illis
1454 4672 1674 4744 processionibus
1705 4673 1881 4735 adoratura,
1894 4688 1938 4735 aaa

156 4760 285 4830 veritate,
311 4759 401 4815 locum
424 4777 479 4813 nou
505 4758 614 4816 habeat.
651 4766 674 4816 2.
695 4761 793 4831 Neque
810 4759 862 4814 hoc
876 4761 986 4832 proprie
997 4738 999 4769 ¹
1012 4769 1035 4819 3.
1057 4760 1198 4818 Pontifieii
1216 4761 1249 4815 de
1263 4767 1375 4816 externo
1387 4759 1558 4830 potissimum
1572 4758 1753 4816 eucharistiae
1767 4759 1844 4815 cultu

997 4378 1000 4421 Ι

996 4474 1000 4511 Ι

157 4847 311 4918 quaeritur,
341 4864 377 4901 an
408 4846 472 4900 huic
502 4855 672 4903 sacramento
699 4847 811 4904 interior
835 4848 999 4915 reverentia¹
1012 4856 1075 4904 sunt
1094 4846 1203 4912 soliciti,
1222 4853 1252 4901 nt
1273 4846 1419 4919 splendida
1438 4846 1613 4918 repositione,
1632 4852 1774 4903 sumtuosa
1792 4846 1843 4903 eir·

151 4936 232 5005 juxta
255 4951 378 4988 normam
407 4930 484 4986 verbi
508 4931 593 4986 divini
618 4932 774 4989 exhibenda
797 4934 848 5002 sit,
878 4926 999 5005 ipsimet:
1012 4935 1244 5008 cumgcstatione,
1266 4951 1347 5000 auro,
1375 4939 1504 5006 argento,
1529 4933 1629 5001 serico,
1656 4931 1842 5002 inclinatione,

154 5020 225 5074 enirn
245 5019 376 5086 dicimus,
410 5034 509 5088 corpus
532 5023 560 5071 et
583 5018 745 5091 sauguinem
769 5019 885 5087 Christi,
915 5012 1842 5095 qnae'genuflexione,prostrationecorporis,elevatiouemanuum,

155 5105 182 5159 iu
205 5107 256 5161 hoc
279 5105 449 5160 sanctissimo
474 5109 645 5159 sacramento
664 5104 849 5161 mediantibus
868 5082 1137 5164 externisltuusione
1156 5104 1290 5178 pectoris,
1308 5104 1498 5170 luminaribus,
1515 5104 1703 5160 instrumentis
1722 5104 1843 5179 musicis,

154 5193 285 5262 symbolis
311 5192 390 5248 uobis
416 5189 593 5255 exhibentur,
617 5206 634 5244 a
658 5189 767 5261 vulgari
786 5199 854 5263 potu
872 5212 904 5249 ac
924 5152 1225 5250 ciboibombardarum
1252 5191 1368 5262 strepitu
1389 5198 1417 5247 et
1437 5191 1571 5246 similibus
1594 5191 1714 5247 externis
1733 5192 1841 5264 pompis

154 5278 335 5334 discernenda
357 5285 377 5333 1.
392 5277 453 5335 Cor.
471 5282 510 5345 lt,
528 5294 553 5330 v.
568 5280 619 5335 29..
636 5274 728 5330 verbis
740 5274 841 5332 Christi
854 5279 985 5337 dicentis:
997 5309 999 5313 ν
1011 5282 1167 5337 honoretur.
1203 5278 1261 5335 Nos
1280 5286 1371 5334 autern
1391 5277 1420 5332 in
1438 5295 1489 5332 usu
1510 5276 1690 5334 eucharistiae
1704 5278 1841 5335 aChristo

153 5366 204 5418 boc
230 5373 270 5418 est
293 5382 395 5433 corpus
419 5381 518 5430 mem,
548 5362 600 5416 boc
624 5369 663 5414 eet
683 5362 799 5429 sospitis
819 5381 908 5432 meres,
929 5344 1137 5420 fide'instituto
1162 5364 1196 5420 de
1221 5363 1343 5420 interiori
1369 5371 1396 5419 et
1419 5363 1556 5434 spirituali
1574 5364 1651 5419 cultu
1668 5364 1841 5437 potissimum

153 5450 230 5504 firma
250 5456 346 5504 contra
364 5468 456 5506 ornnes
478 5448 653 5518 obstreperae
674 5444 787 5501 rationis
808 5446 924 5506 insultus
944 5453 984 5506 in·
1009 5451 1109 5507 soliciti
1127 5470 1228 5520 sumus,
1250 5450 1284 5504 ad
1298 5467 1379 5522 quem
1393 5465 1473 5506 verae
1486 5449 1699 5524 significationes
1713 5454 1839 5512 externae

153 5536 297 5594 nitendum
315 5540 382 5610 (qua
399 5536 505 5592 ratione
522 5533 631 5591 Christo
649 5531 732 5607 hujus
751 5537 915 5595 sacramenti
933 5555 981 5597 au·
993 5512 998 5610 i
1009 5537 1146 5599 interioris
1163 5535 1333 5597 reverentiae
1353 5541 1452 5611 sponte
1472 5518 1685 5613 subsequimur.
