4004 6022
813 310 865 365 DE
882 306 1075 367 reomela·
1188 338 1192 349 ·
1727 323 1788 382 553

45 464 78 509 l&
91 466 259 522 eitiosdicta
268 463 930 538 ederenequeattamencumperinstantaneam
957 480 983 517 4.
997 470 1039 521 44.
1061 464 1124 521 idac
1141 464 1275 520 miracula
1286 468 1341 524 Dsi
1358 473 1510 537 44414444,
1528 468 1577 525 sed
1589 470 1790 527 miraculadia
1892 480 1908 543 τῇ

94 552 315 625 applicationem
334 569 480 607 causarum
499 553 651 608 satirarum
669 550 844 617 naturalium,
863 566 929 620 qua·
956 549 1013 604 boli
1031 556 1096 605 sunt
1115 552 1202 612 taus.
1233 552 1393 610 Gabr.Biel
1413 557 1430 611 1.
1453 555 1494 611 d.:
1513 556 1662 610 Meranda
1672 558 1790 612 4441441

93 657 156 693 rum
181 639 238 693 rim
263 643 292 694 et
314 638 502 709 operationem
528 636 740 709 exquisitissima
757 641 930 706 perspectam
955 654 1031 701 esra,
1045 655 1117 707 pirae
1134 640 1306 696 ordinantur
1322 645 1365 696 ad
1381 643 1482 696 bonum
1500 645 1592 710 finem,
1610 643 1790 697 scilicetsru
1822 648 1841 667 '¹'
1861 636 1890 705 ⁴,
1903 646 1909 715 ζ

92 725 187 795 14141,
206 725 295 779 multa
311 724 451 780 mirabilia
467 723 599 794 perlicere
618 723 712 794 possit,
728 739 800 794 quae
817 738 867 776 nos
879 737 929 791 pro
955 724 1088 777 didonem
1112 725 1245 781 ecclesiae
1271 735 1299 781 et
1322 726 1440 782 44141444
1466 728 1611 792 fideliumr
1633 729 1677 782 vel
1693 731 1790 797 salsa,
1851 713 1856 721 ⁸

93 811 236 866 musculis
248 810 391 880 habemus,
409 810 475 881 quia
488 809 596 864 illorum
608 825 722 864 4444444
731 808 930 879 ignoramuset
955 827 1027 878 quae
1056 812 1227 865 ordinantur
1255 815 1296 868 ad
1326 815 1517 884 deceptionem
1536 821 1562 867 et
1586 815 1791 870 subversionem

91 898 233 970 quomodo
249 896 319 953 fiant
335 914 392 953 non
408 896 534 952 videmus
552 896 639 965 (unde
657 895 832 967 Augustinus
842 894 891 948 lib.
904 899 927 948 t.
952 897 1122 961 videntium,
1156 897 1222 950 licet
1255 914 1302 951 res
1337 915 1419 953 44444
1446 899 1518 967 sint,
1556 915 1629 968 picae
1654 903 1790 971 uidentur,

93 983 129 1039 de
147 983 247 1041 Trinit.
272 1001 296 1038 4.
322 989 362 1039 ll.
385 983 496 1047 scribit,
521 983 615 1047 facile
634 998 692 1036 esse
712 981 860 1051 spiritibus
880 995 928 1033 ne·
954 986 1029 1036 unde
1047 984 1143 1038 omnm
1161 981 1304 1038 miracula
1313 987 1557 1041 duemcmmsunt
1567 987 1660 1052 salsa.
1691 989 1791 1042 ”Vua

93 1069 237 1140 4414414414
244 1087 300 1139 pes·
309 1074 395 1123 uired
406 1070 633 1138 corporafuisre
643 1069 739 1136 multa,
748 1069 928 1136 marmiren·
952 1067 1156 1123 miraculorum
1194 1069 1332 1124 intudum
1366 1072 1401 1124 ia·
1433 1086 1531 1139 perere
1565 1072 1707 1140 sipnfficat
1739 1076 1791 1127 cd·

91 1165 140 1210 tur
166 1157 278 1210 animae
305 1157 424 1210 terrerus
441 1155 607 1225 corporibus
633 1161 814 1225 appretiatas,
843 1155 927 1207 uiam
954 1155 1087 1208 miranda
1113 1163 1142 1208 et
1168 1157 1308 1224 stupenda
1333 1172 1419 1225 opera
1444 1141 1633 1226 cujuscubqus
1656 1159 1713 1212 sint
1739 1176 1790 1213 uu-

91 1243 219 1297 melioris
237 1243 388 1313 affectus),·
408 1248 552 1313 praeterea
568 1257 631 1294 cum
649 1239 777 1294 diabolus
787 1239 928 1294 hominum
954 1241 1046 1309 414414,
1064 1241 1106 1293 414
1123 1241 1191 1294 olins
1210 1241 1386 1296 celebrarunt
1404 1249 1508 1311 septem
1527 1244 1669 1297 miracula
1685 1246 1790 1299 mundi.

92 1328 183 1383 oculis
209 1330 356 1400 glaucoma
380 1344 413 1383 44
435 1327 526 1382 rariaa
545 1326 710 1397 praestigias
728 1325 849 1396 objicere
866 1343 928 1396 pos-
954 1328 1064 1380 Eodem
1086 1342 1170 1380 sensu
1190 1326 1317 1380 6414444
1334 1344 1430 1396 opero
1448 1346 1521 1382 noua
1541 1337 1568 1382 et
1590 1332 1791 1398 stupendadi

92 1415 139 1484 sit,
160 1420 191 1469 ut
207 1415 302 1470 ridere
321 1414 374 1469 sibi
392 1413 555 1477 rideantur,
575 1411 650 1483 quod
669 1429 724 1466 non
742 1412 845 1475 rident,
865 1412 928 1466 ideo
955 1419 1056 1464 cuntur
1072 1412 1215 1465 miracula
1235 1417 1259 1468 2.
1276 1411 1401 1467 Thessal.
1420 1420 1450 1482 2,
1468 1430 1494 1466 4.
1514 1419 1538 1470 t).
1574 1416 1658 1485 sipnc
1682 1423 1709 1469 41
1725 1434 1791 1486 pro-

92 1503 229 1557 miracula
249 1502 364 1556 ulterius
385 1500 546 1555 dividuntur
564 1501 592 1554 in
612 1501 712 1554 diuina
728 1504 758 1554 et
776 1499 928 1552 4114141144.
955 1498 1044 1566 diple,
1063 1499 1130 1567 quia
1143 1505 1260 1567 praeter
1273 1514 1442 1553 communem
1454 1507 1699 1555 natuuemusum
1709 1505 1791 1568 facte

92 1589 148 1644 Illa
172 1594 314 1645 auctorem
336 1587 441 1643 habent
460 1587 565 1654 Deum,
591 1585 640 1658 qui
663 1585 694 1639 in
711 1583 852 1639 miraculis
868 1602 929 1655 per-
954 1583 1085 1637 uidentur
1103 1584 1285 1654 etsinpulari
1299 1585 1525 1654 impetuseriunt
1537 1587 1677 1642 bominum
1690 1591 1793 1660 oculas,

90 1675 220 1730 finiendis
245 1676 331 1730 utitur
355 1673 522 1746 quandoque
548 1670 719 1727 ministeriali
743 1687 828 1741 opera
846 1687 929 1742 ange·
955 1671 1007 1721 ssd
1024 1669 1084 1721 Dei
1101 1670 1244 1723 miracula
1268 1678 1334 1723 sunt
1356 1686 1427 1739 puae
1443 1673 1519 1740 fiunt
1537 1690 1626 1742 supra
1649 1683 1676 1728 et
1695 1685 1794 1730 contra

91 1763 183 1816 lorum
215 1761 260 1816 rel
289 1760 449 1829 hominum,
481 1760 648 1832 quandoque
677 1773 743 1812 vero
772 1757 930 1812 immediate
955 1763 1075 1809 naturae
1092 1755 1227 1824 ordinem,
1247 1773 1329 1825 ptem
1347 1760 1444 1811 eadem
1457 1761 1596 1827 potentia,
1615 1771 1794 1830 4444444144

92 1850 214 1919 ipsemet
240 1847 268 1902 in
296 1846 435 1903 miraculis
463 1846 537 1918 agit,
562 1845 631 1900 1444
658 1851 808 1899 auctorem·
825 1843 930 1898 habeut
955 1848 1010 1908 est,
1038 1849 1146 1895 mutare
1167 1850 1263 1911 potest
1291 1852 1317 1896 ct
1344 1844 1415 1897 solet
1432 1846 1582 1898 Dominus.
1617 1847 1745 1920 Rangins
1764 1849 1793 1903 in

93 1934 252 2002 diabolum,
278 1934 325 2004 qui
349 1933 496 2003 impiarum
520 1930 662 1986 hominum
679 1928 791 1985 servitio
811 1929 864 1984 sibi
881 1928 929 1983 ad·
955 1943 1016 1997 cap.
1035 1933 1075 1983 34.
1095 1928 1233 1981 Exodi&
1276 1933 1300 1983 6.
1328 1930 1413 1984 Falsa
1431 1931 1566 1987 miracula
1588 1933 1692 2003 duplici
1711 1951 1793 1990 sensu

92 2019 232 2074 dictorum
269 2019 420 2074 ministerio
450 2018 485 2072 ad
515 2016 586 2072 1444
617 2033 675 2071 rem
702 2016 813 2085 saepius
833 2015 928 2072 utitur.
955 2013 1097 2078 dicuntur,
1115 2013 1160 2068 441
1177 2013 1289 2067 ratione
1305 2017 1432 2084 formas,
1451 2017 1517 2086 quia
1534 2026 1600 2071 sunt
1618 2021 1749 2076 ementita
1767 2027 1795 2076 41

92 2107 129 2164 Ι).
150 2105 278 2177 Rungius
298 2107 328 2159 in
350 2123 374 2161 4.
395 2111 417 2159 t.
445 2121 489 2161 ex.
513 2109 592 2174 parte
611 2109 634 2158 2.
659 2103 710 2158 loe.
731 2107 755 2156 2.
778 2117 825 2156 sex
849 2101 928 2154 (11114-
955 2098 1133 2168 ludificantis,
1153 2100 1228 2154 unde
1247 2104 1384 2154 44444144
1400 2097 1533 2156 miracula
1546 2104 1613 2155 44τά
1632 2104 1725 2167 δόξαν,
1738 2124 1793 2162 444

93 2192 199 2247 renuas
216 2192 288 2247 inter
306 2192 401 2246 (114144
424 2197 453 2245 41
469 2189 609 2244 diabobus
625 2187 759 2242 miracula
778 2186 930 2251 4444111411,
955 2184 1011 2238 κατ’
1038 2183 1188 2253 diberent,-
1213 2186 1258 2240 441
1283 2189 1394 2241 ratione
1406 2188 1490 2256 finis,
1516 2187 1583 2258 quia
1601 2191 1636 2243 sd
1656 2193 1794 2262 decipien-

93 2278 207 2333 diffsrrs
226 2277 298 2332 enim
311 2277 360 2331 illa
373 2277 455 2332 dicit:
475 2280 499 2328 1.
512 2276 605 2329 444414
617 2275 809 2342 efficientibus,
828 2274 928 2327 Psalm.
954 2272 1020 2325 dum
1047 2272 1201 2342 composita
1230 2278 1259 2326 et
1285 2273 1321 2326 ad
1350 2271 1526 2327 mendacium
1553 2272 1697 2334 inducunt.
1745 2278 1792 2335 Sic

97 2369 161 2433 136,
189 2381 215 2420 4.
245 2371 277 2420 t:
310 2366 390 2417 Deus
413 2363 487 2426 facit
516 2346 608 2435 111ξῆ4
631 2344 759 2435 lilibet,
783 2359 929 2413 mirabilia
955 2357 1129 2428 Augustinus
1148 2357 1197 2411 lib.
1219 2363 1259 2412 20.
1279 2358 1315 2412 (14
1334 2357 1385 2413 civ.
1406 2359 1459 2412 Dei
1477 2374 1501 2414 c.
1523 2366 1566 2415 19.
1582 2361 1715 2431 disputat,
1735 2381 1791 2435 qno

94 2468 214 2518 moena,
233 2449 261 2504 id
281 2455 324 2504 441
340 2449 451 2519 proprie
470 2448 545 2503 dicta
563 2447 698 2500 miracula
715 2447 808 2515 solus,·
835 2445 929 2500 diabo·
954 2459 1036 2498 aenan
1061 2443 1197 2497 41444414
1213 2442 1378 2498 Antichristi
1403 2444 1536 2498 dicantur·
1554 2440 1703 2515 4444411914ι
1720 2466 1791 2502 men·

94 2536 138 2589 lus
158 2535 292 2590 miracula
310 2535 447 2607 quaedam
467 2533 543 2603 facit,
561 2534 610 2587 sed
622 2550 678 2586 non
690 2531 742 2586 nisi
755 2532 931 2602 permittente
955 2529 1042 2582 dacia
1068 2535 1092 2584 2.
1116 2526 1241 2583 Thessal.
1267 2534 1296 2596 1,
1318 2546 1344 2582 4.
1368 2535 1392 2584 t.
1437 2530 1516 2584 Solet
1541 2533 1647 2600 ambici
1669 2534 1791 2604 (inquit),
1805 2545 1852 2587 m
1865 2545 1898 2588 41.

93 2621 164 2676 Deo.
203 2623 229 2676 2.
258 2624 352 2674 Causa
371 2620 516 2674 materiali
530 2621 587 2673 sive
606 2618 751 2688 subjectis,
774 2617 828 2672 Dei
846 2633 930 2687 opera
954 2623 1046 2668 utrum
1063 2622 1217 2684 propterea
1239 2615 1317 2668 dieta
1340 2615 1495 2686 4144141944
1515 2624 1543 2671 et
1561 2619 1699 2689 prosiipia
1718 2637 1791 2674 men·

92 2706 166 2761 fiunt
194 2705 339 2761 manifeste
365 2711 460 2760 contra
491 2712 607 2760 naturae
633 2704 772 2771 ordinem;
802 2703 929 2758 diabolus
954 2699 1046 2771 dccii,
1075 2702 1208 2771 44441444
1236 2701 1370 2756 mortales
1395 2719 1491 2756 4444444
1513 2721 1567 2773 per
1588 2706 1792 2773 phantasmata

94 2792 146 2849 etsi
174 2792 301 2846 miranda
328 2792 465 2863 quaedam
495 2791 587 2847 facere
613 2794 706 2861 potest
731 2788 776 2845 441
804 2788 929 2860 agilitate
955 2791 1120 2857 decepimus
1139 2794 1192 2854 441,
1211 2793 1243 2839 ut
1260 2789 1514 2858 quodnonsacit,
1531 2793 1793 2856 sauromatarum

93 2886 122 2935 41
153 2877 309 2933 4414111414
338 2884 454 2936 naturae
483 2893 549 2932 suae
577 2877 621 2930 441
652 2874 752 2946 peritia
778 2892 870 2929 rerum
902 2879 930 2929 et
954 2894 992 2928 an
1016 2875 1085 2943 quia
1101 2874 1165 2927 'illu
1188 2874 1252 2943 s'psa
1273 2875 1383 2927 etiamsi
1406 2884 1471 2928 sunt
1493 2893 1562 2929 cera
1575 2880 1729 2948 prodipie,
1754 2882 1796 2934 ad
1822 2882 1831 2899 ”
1870 2895 1873 2900 ’

93 2981 240 3021 causarum
252 2962 419 3018 naturalium
433 2962 536 3018 homini
550 2962 715 3032 ignotarum,
734 2967 825 3015 tamen
840 2960 928 3030 ipsam
955 2963 1132 3015 mendacium
1146 2961 1311 3030 pertrabant
1330 2962 1504 3033 credituros,
1531 2980 1587 3017 nan
1611 2981 1644 3018 44
1671 2967 1794 3033 potuim

93 3058 223 3106 naturam
240 3050 355 3103 interius
373 3055 481 3103 mutare
500 3047 610 3118 nequit,
636 3047 702 3118 quia
720 3063 775 3100 non
793 3053 836 3101 est
854 3063 928 3101 crea·
955 3049 1012 3101 nisi
1032 3049 1166 3102 4114141144
1178 3048 1254 3117 fieri,
1273 3048 1402 3100 uirtutem
1422 3047 1533 3101 diaboli
1548 3051 1715 3119 nescientes,
1734 3070 1792 3105 mc·

92 3146 146 3193 tor.
184 3140 211 3189 3.
232 3138 326 3190 Causa
348 3135 483 3201 socruali,
509 3133 643 3188 miracula
668 3132 763 3186 divina
787 3148 929 3205 nunquam
954 3135 1028 3188 aime
1043 3137 1158 3202 quando
1179 3141 1295 3202 tautam,
1314 3141 1448 3201 44441444
1466 3152 1607 3204 menmium
1623 3137 1729 3201 babuit,
1746 3155 1792 3191 44·

94 3231 161 3278 sunt
186 3222 312 3292 putativa
334 3220 379 3276 rel
404 3219 582 3291 imaginaria,
612 3219 661 3273 sed
688 3223 754 3273 actu
773 3223 802 3272 41
820 3219 930 3289 reipsa
955 3222 1028 3290 cepit
1041 3227 1218 3289 potestatem.
1256 3220 1321 3272 Non
1339 3219 1413 3271 enim
1433 3221 1603 3287 4444414414
1623 3223 1792 3293 cceloipnis

95 3315 240 3364 creaturae
257 3308 301 3363 vel
319 3313 468 3375 mutantur,
486 3304 530 3360 441
551 3305 732 3368 1444444144;
751 3303 879 3359 (11414144
898 3311 930 3359 ut
956 3306 1058 3359 cecidit
1080 3313 1106 3360 41
1123 3312 1230 3358 tautam
1249 3304 1392 3361 familiam
1413 3321 1474 3357 cum
1491 3307 1581 3359 tantis
1599 3300 1729 3375 prepibus
1745 3327 1792 3378 pe·

97 3395 152 3450 Dei
185 3393 266 3447 simia
298 3397 413 3447 conatur
444 3390 595 3461 exprimere
625 3390 727 3444 similia
745 3404 848 3460 ‘opera,
880 3391 929 3446 sed
956 3410 1051 3447 corum
1065 3391 1091 3447 S.
1105 3392 1180 3446 Jcbo
1199 3408 1254 3445 uno
1271 3392 1377 3460 impetu
1395 3391 1530 3445 absumsit
1547 3399 1574 3444 41
1591 3394 1794 3449 turboirrnens

96 3482 262 3553 plerumque
278 3476 445 3550 praestigiis,
463 3476 569 3530 fascino
585 3480 614 3531 41
632 3475 725 3530 1411441
744 3476 845 3531 auxilio
859 3477 930 3532 ludit
955 3487 982 3533 41
999 3481 1113 3533 Murum
1130 3478 1267 3547 dejiciens
1286 3477 1362 3541 filios
1381 3477 1443 3546 ejus
1459 3477 1577 3545 44414111,
1590 3472 1794 3548 &calesmata

90 3566 236 3622 ‘mortales
282 3568 307 3617 4.
332 3564 432 3618 Cauris
459 3563 609 3630 finalibsu,
634 3562 688 3616 Dei
716 3562 851 3616 miracula
871 3569 930 3617 teu·
955 3570 1085 3635 ficerunt,
1113 3581 1186 3634 meus
1210 3572 1302 3618 tamen
1325 3564 1443 3627 1144444441
1468 3579 1557 3632 opera
1580 3565 1720 3635 Satanas,
1747 3569 1796 3622 eui

95 3655 170 3708 dunt
201 3651 237 3705 ad
270 3650 413 3706 doctrinae
440 3649 568 3705 coelestis
596 3655 625 3704 41
655 3650 849 3704 mandatorum
876 3650 931 3706 Dei
959 3657 1037 3706 Deus
1055 3653 1174 3706 dederat
1186 3651 1259 3705 banc
1267 3657 1441 3720 potestatem.
1471 3650 1597 3718 Propter
1614 3653 1685 3721 quid
1695 3654 1794 3708 borum

96 3737 347 3804 confirmationem
365 3736 469 3791 diaboli
486 3735 627 3790 miraculis
643 3734 840 3790 confirmantur
856 3753 931 3791 men·
957 3755 1022 3807 erpo
1046 3739 1125 3792 dicta
1148 3740 1205 3792 sint
1222 3737 1363 3808 prodipio
1389 3745 1415 3791 41
1437 3737 1523 3805 sipnu
1545 3740 1699 3810 mendacii,
1729 3750 1793 3794 tune

95 3823 195 3888 dacia,
238 3820 412 3887 idololatria,
453 3820 640 3876 invocationes
677 3828 847 3877 mortuorum
879 3828 931 3878 eto.
953 3824 1049 3895 potitus
1076 3824 1233 3894 apparebit.
1277 3821 1373 3880 Noluit
1397 3822 1572 3894 Augustinus
1602 3825 1793 3897 determinare,

95 3916 122 3968 b.
144 3910 246 3966 Cauris
264 3908 531 3972 instnrmentalibsu,
551 3907 628 3962 Deus
643 3908 688 3964 441
701 3907 859 3963 immediate
871 3908 930 3963 effi·
959 3926 1014 3982 qno
1032 3909 1162 3981 respectu
1172 3909 1337 3966 Antichristi
1354 3909 1489 3964 miracula
1501 3909 1630 3965 dicantur
1641 3913 1794 3968 mendacia.

96 3999 137 4053 cit
161 3996 289 4050 miranda
309 3995 354 4049 vel
372 3994 460 4048 utitur
478 4010 562 4064 opera
587 3993 797 4064 prophetarum,
821 4001 930 4065 aposto·
957 3997 998 4051 ita
1021 3995 1234 4067 chrysostomus
1262 3995 1355 4051 homil.
1376 4002 1401 4050 4.
1428 3995 1457 4048 14
1485 4001 1508 4051 2.
1530 3995 1658 4053 Τ144441;
1687 3999 1793 4067 statuit,

98 4086 189 4139 lorum
221 4089 251 4136 41
279 4080 396 4135 aliarum
422 4080 525 4150 pietate
549 4095 582 4132 ac
608 4079 710 4133 virtute
731 4081 931 4150 praestantium
958 4082 1013 4137 dici
1038 4082 1151 4137 fallacia
1167 4090 1284 4152 auoque
1310 4086 1453 4152 respectu:
1481 4080 1566 4135 41114
1587 4077 1703 4149 diruit,
1724 4082 1793 4139 1111

96 4172 234 4235 virorum,
262 4168 306 4221 rel
326 4167 447 4221 certain
466 4165 605 4220 ordinaria
623 4165 780 4235 vocatione;
804 4164 930 4221 diabolus
958 4169 1026 4242 πρὸς
1050 4167 1168 4238 ἀπάτην,
1187 4173 1341 4242 4441444444
1362 4167 1485 4238 ψεύδους
1503 4165 1560 4235 ἤτοι
1582 4168 1795 4242 insusurratum

97 4257 186 4312 utitur
204 4252 348 4321 veneficia,
373 4250 497 4316 hariolis,
522 4250 791 4323 praestigiatoribua
809 4252 883 4324 sagis
904 4259 932 4308 41
960 4255 974 4324 ἢ
995 4260 1033 4317 εἰς
1051 4257 1154 4326 ψεῦδος
1172 4253 1281 4325 ἄγουσι.
1319 4253 1436 4309 “Idem
1454 4254 1552 4308 statuit
1566 4253 1793 4327 Theophylactus

93 4340 233 4397 similibus
247 4339 389 4393 hominum
404 4336 540 4392 monstris.
570 4337 827 4408 '‘Auctorimperf.
841 4338 930 4408 operia
958 4341 1048 4397 Gloss.
1067 4342 1155 4397 ordin.
1176 4339 1205 4394 et
1224 4340 1398 4410 Lyranus.**
1439 4340 1579 4410 Interpres
1598 4340 1717 4395 Latinus
1738 4343 1792 4396 dis·

94 4424 298 4483 1414112414
318 4423 432 4478 Matth:
455 4423 646 4493 Quemcunque
662 4423 767 4478 uideris
780 4426 929 4479 4144444414
953 4428 1110 4499 junctivam
1139 4424 1275 4481 convertit
1303 4425 1332 4479 in
1361 4424 1561 4495 copulativam:
1589 4428 1625 4479 In
1647 4427 1793 4495 prodipiis

93 4515 258 4584 ejicientem,
275 4510 303 4564 41
319 4529 375 4564 non
393 4518 433 4563 441
448 4509 590 4578 consessio
601 4510 729 4565 ueritatis
748 4511 777 4564 in
795 4528 844 4565 ore
860 4513 930 4581 ejus,
955 4516 1044 4579 salsis
1067 4523 1092 4568 et
1117 4513 1313 4567 indicentibus
1339 4513 1380 4564 ad
1401 4513 1586 4568 menducium.
1628 4509 1792 4568 Ambrosius

94 4618 145 4656 nee
164 4599 282 4669 justitia
299 4598 329 4650 in
347 4597 474 4652 manibus
491 4597 566 4664 ejus,
592 4615 647 4650 non
665 4605 706 4650 est
723 4598 803 4652 bomo
823 4598 929 4652 Dei.ll
956 4602 1039 4655 stiam
1063 4601 1092 4654 in
1114 4616 1211 4654 comm.
1239 4604 1264 4655 2.
1281 4597 1406 4653 Thessal.
1426 4603 1450 4653 2.
1469 4603 1582 4668 propter
1600 4597 1792 4669 deceptionem

94 4693 119 4742 b'.
149 4687 241 4741 Modo
270 4684 387 4754 apendi,
410 4682 488 4738 Deus
512 4682 672 4753 simpliciter
697 4684 765 4754 quid
787 4683 847 4739 fieri
863 4684 929 4741 44111
956 4687 1120 4742 Antichristi
1146 4685 1280 4741 miracula
1307 4684 1362 4740 (1141
1389 4684 1534 4740 mendacia
1561 4685 1667 4742 4444411.
1710 4688 1792 4740 Anti·

65 4792 70 4800 ·
95 4773 212 4828 mandat
236 4776 320 4842 atquc
344 4768 483 4824 interdum
503 4768 618 4824 adhibet
633 4769 739 4838 media,
757 4771 806 4826 sed
824 4788 928 4843 pauca;
955 4775 1076 4827 cbristus
1096 4772 1209 4844 (inquit)
1230 4771 1373 4842 sipnorum
1387 4772 1535 4824 virtutihus
1542 4773 1634 4835 faciet
1647 4773 1792 4838 credibile,

93 4858 225 4915 diabolus
245 4857 305 4910 vult
323 4855 449 4910 adhiberi
468 4862 558 4910 certas
573 4854 675 4910 formas
693 4856 848 4927 vorborum,
868 4859 928 4930 pul·
955 4879 984 4916 se
1001 4877 1061 4915 esse
1079 4862 1181 4928 Deum,
1201 4860 1267 4913 ideo
1280 4866 1413 4929 portenta
1431 4858 1575 4912 mendacii
1593 4859 1665 4911 dicit
1682 4866 1792 4928 aposta

92 4963 183 5013 44444,
200 4943 314 5014 figuras,
326 4941 546 5013 imprecationes,
564 4941 747 5012 decoctiones,
757 4960 865 4998 444444
877 4951 929 5002 eto.
956 4950 1013 5016 lus,
1041 4947 1109 5017 quia
1133 4947 1186 4999 boe
1203 4961 1233 4999 44
1250 4946 1309 5000 uult
1329 4946 1409 5000 credi
1424 4944 1617 4998 Antichristus
1631 4960 1685 5015 per
1701 4945 1793 5012 cipue,

93 5032 188 5103 Atque
211 5030 279 5084 haec
305 5026 342 5082 sit
359 5027 442 5083 tertia
458 5027 654 5083 miraculorum
672 5029 778 5086 divisio.
814 5031 846 5065 11*
855 5031 930 5084 Vera
957 5034 1034 5104 qued
1052 5050 1106 5087 sion
1123 5040 1171 5101 est,
1191 5040 1221 5085 ut
1241 5032 1368 5101 decipiat
1385 5048 1453 5101 pstor
1472 5032 1709 5091 cirmsmomturus
1726 5039 1774 5087 est.

93 5117 236 5173 miraculo
254 5118 330 5185 fiunt
347 5131 403 5184 per
426 5121 555 5184 apertam
575 5122 601 5168 et
623 5116 726 5168 seriam
745 5116 804 5169 Dei
819 5116 930 5170 invoca·
992 5124 1050 5174 212.
1098 5118 1184 5174 Hisce
1216 5117 1436 5189 praesuppositis
1463 5117 1636 5172 'sententiam
1671 5121 1792 5172 nostram
1808 5114 1879 5163 ΑΨ·

93 5207 203 5270 nonem,
224 5200 369 5255 doemonis
381 5216 447 5254 uero
463 5199 590 5254 ludibria
602 5201 795 5270 illr'scbsonis,
815 5203 930 5265 abditis,
957 5204 1151 5260 confirmamus
1178 5205 1358 5277 sequentibus
1377 5205 1555 5277 argumentis.
1597 5209 1619 5259 1.
1647 5203 1794 5267 Quodcun-
1809 5173 1920 5266 limas

91 5292 182 5358 44414,
202 5287 334 5341 ridiculis
346 5294 395 5340 aut
407 5287 612 5356 superstitiosis
625 5289 760 5356 precibus
776 5289 820 5341 cel
834 5288 930 5357 siquis,
957 5309 1011 5364 que
1041 5309 1098 5347 non
1127 5298 1170 5346 eat
1196 5291 1330 5347 ecelesias
1355 5291 1513 5363 proprium,
1541 5306 1596 5343 non
1620 5295 1712 5359 potest
1735 5307 1794 5346 esse
1809 5272 1913 5319 ”mm

91 5384 126 5433 ut
152 5374 275 5445 loquitur
300 5371 395 5426 Delria
418 5372 527 5427 lesuita
553 5372 614 5428 libr.
639 5380 664 5431 2.
691 5373 803 5446 disquis.
831 5374 923 5445 magic
957 5378 1077 5450 propria,
1097 5374 1589 5451 344141444114141111114444144144
1608 5372 1680 5430 not'a
1710 5375 1793 5430 Mira-

93 5459 291 5536 queritat*
328 5464 351 5513 5.
375 5458 447 5522 Quia
471 5456 557 5530 igitur
576 5459 653 5513 Deus
676 5465 718 5514 est
739 5460 801 5530 ipsa
820 5460 931 5527 veritas,
958 5464 1022 5519 cula
1048 5479 1104 5519 non
1131 5469 1196 5517 sunt
1222 5462 1355 5519 melesius
1380 5463 1499 5533 propria
1542 5460 1618 5533 Ergo
1646 5476 1702 5517 non
1729 5468 1794 5517 sunt

91 5547 225 5604 diabolus
243 5562 307 5601 vero
327 5545 445 5600 mendax
463 5549 492 5600 et
510 5543 649 5601 mendacii
666 5551 754 5617 peter,
782 5545 886 5607 Johan.
906 5552 930 5613 8,
958 5549 1211 5622 propriagenuina
1224 5547 1417 5607 etinfallibilis
1429 5546 1648 5608 ecclesiaenota.
1678 5537 1789 5603 Atiam·
