4004 6022
199 296 260 355 298
756 290 878 349 Locus
897 291 1102 350 Vlcasmus
1122 290 1321 349 SECUNDUS

197 444 352 500 catholicae
371 447 503 501 ecclesiae
520 446 650 507 membra
675 448 704 502 Si
723 448 796 504 enim
816 448 1030 504 catechumenus
1057 446 1138 518 gione
1158 445 1315 501 Christiana
1337 443 1507 500 sufficienter
1531 445 1658 499 instructi
1682 451 1763 508 sunt,
1789 445 1894 501 habent

197 537 241 586 est
269 532 379 588 omnino
402 549 420 586 a
445 531 521 588 fideli
546 522 665 599 alienae,
695 552 745 589 cur
767 535 828 605 ipse
846 535 1030 590 Bellarmiuus
1053 534 1100 603 jus
1118 532 1154 587 ad
1173 532 1342 603 baptismum
1358 531 1435 600 prins
1455 531 1491 590 N.
1508 531 1541 587 T.
1560 539 1773 596 sacramentum,
1790 531 1827 587 ab
1847 549 1892 587 eu·

198 633 262 672 enm
277 618 389 674 fidelem
407 635 467 674 csse
487 627 514 674 et
526 621 627 675 salvari
639 640 719 692 posse
732 622 878 678 concedit?
896 623 942 677 Ad
955 639 1030 677 men·
1057 617 1205 673 charistiae
1233 622 1404 672 sacramento
1427 634 1484 671 nou
1507 621 1572 670 sunt
1597 616 1725 672 absolute
1743 625 1773 672 et
1789 617 1893 688 simpli·

197 719 257 758 sam
273 704 387 759 Domini
410 723 465 761 non
490 706 569 761 licuit
585 708 789 763 catechumenis
804 709 951 776 accedere,
976 707 1030 761 nisi
1057 704 1126 759 citer
1146 704 1259 769 exclusi,
1280 721 1342 758 cum
1360 703 1396 758 ad
1414 703 1484 757 illnd
1503 702 1586 757 etiam
1603 703 1710 758 aditum
1729 720 1764 759 ac
1777 704 1828 774 jus
1846 704 1893 759 ha·

196 787 274 860 prius
291 790 465 861 baptismatis
484 801 656 848 sacramente
675 794 788 849 fuerunt
802 794 895 863 tincti,
915 793 1030 865 perinde
1057 796 1140 846 beant
1161 791 1297 854 mediate,
1328 790 1434 846 scilicet
1457 790 1481 845 si
1500 790 1667 860 baptismum
1684 790 1761 860 prius
1778 791 1894 862 suscipi-

196 883 229 931 ut
255 876 285 930 in
311 876 347 933 V·
372 876 405 930 Τ.
433 878 470 931 ad
497 893 574 933 esum
600 880 666 951 agni
690 881 829 950 paschalis
846 898 903 936 non
918 880 1031 934 fuerunt
1057 882 1115 934 ant.
1160 883 1185 932 2.
1206 877 1320 933 Falsum
1345 878 1429 934 etiam
1449 882 1504 942 eet,
1530 876 1605 948 quod
1626 877 1819 933 catechumeni
1838 895 1894 933 non

197 961 310 1017 admissi
333 962 386 1018 nisi
411 963 566 1019 circumcisi
589 965 669 1021 Exod
698 972 747 1036 11,
772 985 799 1024 v.
818 974 861 1023 st.
879 966 928 1022 sed
946 983 979 1021 ex
998 982 1030 1020 eo
1057 962 1181 1019 babeant
1198 965 1246 1034 jus
1270 963 1399 1028 adalia,
1424 980 1496 1034 quae
1518 969 1584 1018 sunt
1600 964 1744 1019 universae
1761 965 1896 1020 ccclesiae

197 1064 252 1103 uon
275 1055 367 1118 potest
390 1050 500 1116 inferri,
526 1053 602 1123 quod
626 1069 643 1106 a
663 1053 795 1108 societate
812 1053 950 1124 spirituali
968 1069 1030 1107 cum
1058 1049 1222 1116 communia,
1241 1049 1300 1104 sive
1318 1050 1354 1105 de
1373 1051 1491 1105 eeclesia
1511 1050 1620 1119 visibili,
1636 1050 1695 1105 sive
1712 1051 1748 1105 de
1760 1051 1895 1105 invisibili

196 1133 311 1202 Christo,
331 1152 403 1207 qnae
420 1152 471 1206 per
489 1154 571 1192 usum
588 1155 684 1193 sacrae
702 1156 804 1195 coenae
823 1139 986 1211 obsignatur
1004 1145 1032 1194 et
1058 1143 1086 1192 et
1103 1135 1241 1191 catholica
1259 1136 1311 1192 hcc
1328 1136 1509 1207 intelligatur.
1545 1136 1667 1190 Auditus
1685 1137 1765 1192 verbi
1784 1143 1828 1192 est
1846 1136 1896 1192 bo·
1937 1194 1942 1203 ,

196 1219 386 1289 confirmatur,
410 1222 493 1293 plane
520 1223 634 1279 fuerunt
654 1225 774 1293 exclusi,
801 1226 872 1281 alias
890 1243 956 1280 vero
975 1244 1029 1282 non
1058 1240 1124 1276 num
1149 1238 1295 1276 commune
1319 1221 1465 1276 universae
1489 1222 1622 1277 ccclesiae
1645 1222 1762 1290 visibili,
1789 1222 1826 1278 ab
1846 1223 1896 1277 illo

196 1306 353 1377 potuissent
367 1308 477 1374 salvari,
496 1326 559 1363 cnm
577 1315 670 1366 tamen
687 1311 806 1366 salutem
826 1311 881 1366 illis
895 1311 1031 1367 concedat
1057 1325 1113 1363 non
1135 1314 1253 1378 possunt
1277 1323 1329 1362 nec
1353 1307 1457 1362 debent
1477 1307 1586 1363 excludi
1603 1308 1802 1366 catechumeni.
1840 1310 1894 1365 Re-

197 1391 391 1448 Bellarmiuus.
427 1398 451 1447 t.
468 1396 661 1451 Tertullianus
673 1399 737 1451 libr.
751 1401 786 1452 de
795 1399 968 1470 praescript.
986 1417 1030 1453 rs·
1057 1394 1151 1449 missio
1168 1401 1358 1464 peccatorum,
1377 1393 1491 1449 donatio
1509 1393 1629 1464 Spiritus
1647 1397 1749 1458 sancti,
1772 1397 1849 1451 salus
1868 1403 1897 1451 et

194 1479 346 1549 pretendit
364 1480 394 1533 s‘s
412 1481 573 1547 bonatista,
598 1487 675 1552 meod
691 1503 748 1539 noa
766 1485 940 1555 distinguunt
957 1493 1031 1538 cate-
1057 1482 1116 1535 vita
1137 1487 1250 1536 aeterna
1275 1487 1340 1535 sunt
1365 1481 1439 1536 bona
1466 1483 1611 1537 universae
1639 1483 1774 1539 ecelesiae
1800 1483 1894 1539 catho-

198 1565 346 1620 ctumenos
372 1586 390 1619 s
412 1568 551 1629 fidelibus.
593 1569 819 1640 Respondemus:
848 1588 949 1626 nomen
964 1571 1031 1626 fide·
1058 1563 1145 1631 licae,
1181 1566 1235 1622 hoc
1264 1572 1306 1621 est
1336 1566 1464 1622 omnibus
1490 1584 1554 1623 vere
1582 1568 1634 1638 piis
1660 1575 1688 1623 et
1714 1568 1895 1624 credentibus

198 1651 265 1707 lium
283 1658 325 1708 est
341 1654 518 1725 ambignum,
535 1655 580 1710 vel
598 1657 671 1710 enim
688 1657 824 1729 accipitur
843 1658 878 1712 de
899 1658 967 1726 illis,
984 1659 1031 1729 qni
1058 1652 1223 1718 communia,
1241 1652 1277 1707 ab
1294 1651 1337 1706 his
1357 1652 1500 1709 beneficiis
1516 1654 1707 1712 catechumeni
1726 1654 1823 1710 fideles
1839 1672 1895 1711 non

197 1754 265 1794 vera
289 1739 346 1795 fide
372 1740 482 1795 interna
504 1743 623 1811 praediti
645 1749 725 1805 aunt,
754 1750 782 1798 et
803 1743 856 1799 hoe
876 1763 958 1800 sensu
976 1761 1032 1799 non
1058 1747 1123 1794 sunt
1149 1738 1267 1806 exclusi,
1294 1739 1443 1793 subactas·
1465 1741 1552 1807 enim,
1584 1740 1675 1812 inquit
1700 1741 1896 1807 Bellarmiuus,

197 1830 290 1895 potest
317 1826 449 1897 denegari
473 1828 678 1884 catechumenis
700 1830 767 1899 illis,
794 1831 830 1885 de
854 1831 957 1903 quibus
979 1831 1032 1887 hoc
1058 1828 1085 1880 si
1107 1828 1136 1880 io
1161 1843 1195 1880 so
1218 1833 1295 1879 stata
1318 1826 1486 1879 moriantur.
1527 1827 1615 1897 Atqui
1637 1845 1692 1882 non
1709 1833 1823 1896 possent
1842 1828 1895 1883 sal·

197 1910 259 1965 loco
275 1912 398 1982 agimus3
425 1913 469 1967 vel
487 1915 623 1985 accipitur
640 1917 748 1976 εἰδικῶς
761 1917 798 1971 de
815 1916 883 1985 illis,
915 1917 963 1988 qui
982 1916 1031 1972 ba·
1058 1911 1134 1980 vari,
1165 1912 1188 1965 si
1212 1911 1379 1968 remissionis
1406 1918 1582 1983 pcccatorum
1607 1919 1635 1968 et
1657 1912 1776 1983 Spiritus
1804 1913 1896 1969 sancti

197 1996 290 2067 ptismi
316 1999 490 2068 susceptione
507 2001 584 2056 velut
602 2002 715 2072 publico
734 2003 854 2074 quodam
874 2004 1031 2060 testimonio
1058 2015 1114 2053 non
1141 2003 1234 2054 efflent
1264 1997 1416 2068 participes
1449 2002 1479 2050 et
1502 1997 1526 2051 si
1550 2013 1605 2051 non
1627 1997 1763 2054 haberent
1783 2000 1832 2069 jus
1858 1999 1896 2053 ad

197 2081 281 2138 fidem
304 2100 382 2139 suam
404 2084 522 2154 professi
539 2092 616 2151 sunt,
642 2106 697 2158 quo
713 2105 797 2159 sensu
815 2091 968 2159 posteriore
986 2107 1031 2144 cs·
1058 2085 1134 2140 bona
1161 2083 1296 2140 ecclesiae
1322 2082 1475 2139 catholicae
1501 2083 1621 2154 propria
1667 2089 1690 2139 3.
1719 2084 1895 2140 Interesse

196 2169 355 2225 tochumeni
380 2188 397 2224 s
418 2170 548 2227 fidelibus
572 2174 601 2227 in
627 2175 736 2245 seriptis
753 2183 878 2231 veterum
896 2184 971 2232 recte
989 2177 1030 2231 di·
1058 2171 1206 2226 ohumsnos
1232 2170 1313 2225 multi
1339 2174 1404 2225 sunt
1423 2175 1570 2240 mamyre,
1598 2187 1668 2241 quos
1688 2187 1738 2224 suo
1756 2171 1895 2242 sanguino

197 2255 390 2328 stinguuntur,
413 2274 447 2313 ac
470 2258 603 2314 haeretici
625 2261 830 2318 distinctionem
848 2263 925 2317 illam
942 2264 1031 2333 rejici·
1058 2257 1196 2328 baptizari
1215 2263 1322 2311 veterat
1340 2261 1481 2320 momnis
1500 2255 1524 2308 11
1542 2272 1608 2326 0130
1626 2255 1816 2312 catechumeni
1836 2273 1894 2312 ¹101!

197 2347 275 2399 entes
294 2343 391 2400 merito
408 2361 426 2399 a
442 2345 614 2401 Tertulliano
633 2348 880 2418 reprehenduntur.
926 2350 1032 2417 Quodsi
1057 2343 1164 2398 habent
1186 2345 1234 2413 ju⁸
1257 2342 1294 2398 ad
1324 2359 1374 2410 08,
1407 2359 1478 2413 (1⁰80
1502 2346 1567 2396 811111
1590 2341 1725 2396 601111ἰὸ8
1747 2340 1895 2399 universae

196 2427 381 2485 Bellarmiuus
404 2429 527 2486 fidelium
555 2449 655 2488 nomen
672 2433 835 2506 simpliciter
853 2435 969 2507 deroget
986 2453 1031 2490 ca-
1058 2429 1227 2494 communia,
1257 2429 1342 2484 81111111
1370 2427 1412 2482 iffi
1437 2433 1573 2498 1111111111
1598 2444 1617 2481 ²
1641 2445 1728 2499 ‘08⁸⁰
1753 2428 1895 2485 0⁰01⁰1¹¹¹¹¹

196 2515 382 2578 techumsnis,
409 2518 502 2573 deleat
524 2519 611 2575 verba
625 2521 794 2592 paragraphi
813 2523 938 2592 proxime
954 2540 1032 2594 prae
1059 2516 1223 2572 excludendi
1247 2521 1335 2571 8111111»
1378 2521 1402 2572 ⁴·
1427 2514 1504 2568 ΜΒ
1529 2514 1728 2585 11101111θῶ1
1747 2517 1841 2572 medis
1858 2519 1895 2573 td

197 2601 334 2657 cedentis:
366 2603 563 2659 Gssschumecs'
581 2615 646 2660 sams
663 2609 767 2677 fideles
789 2617 815 2662 et
837 2609 948 2664 salvari
965 2628 1032 2680 pos·
1058 2602 1143 2658 hem
1170 2601 1308 2657 ducentia.
1353 2600 1435 2657 Salus
1458 2599 1516 2654 sive
1542 2616 1660 2671 regnum
1684 2601 1826 2657 coelorum
1854 2610 1897 2660 est

106 2695 276 2752 neme,
297 2690 325 2742 s·
349 2691 508 2745 metamor
530 2691 559 2743 a
584 2708 616 2745 so
635 2700 720 2746 sesa.
760 2692 921 2749 noandum
940 2696 1032 2765 enam,
1058 2688 1136 2755 mn,
1166 2689 1240 2744 bons
1262 2686 1394 2744 eeclesiae
1419 2687 1532 2758 propris
1558 2692 1615 2741 am
1632 2691 1758 2757 sema,
1783 2690 1896 2760 praedi·

198 2775 274 2845 quod
296 2775 485 2830 Tertullianus
509 2796 565 2832 non
587 2784 646 2832 tam
668 2778 815 2833 verborum
837 2797 922 2852 quam
940 2799 1031 2837 rerum
1059 2775 1131 2830 catio
1167 2773 1275 2830 scilieet
1310 2772 1387 2828 verbi
1422 2779 1451 2828 et
1478 2772 1679 2828 administratio
1710 2783 1897 2833 sacamentu-

198 2861 387 2916 confusionem
415 2862 444 2916 in
469 2862 616 2918 haereticis
636 2864 790 2936 improbet,
822 2868 898 2936 quod
926 2869 1033 2925 scilicet
1060 2879 1135 2928 111111,
1174 2876 1257 2931 (11111111
1281 2858 1404 2928 intem»
1441 2859 1546 2914 ³0ffi⁰0t
1574 2858 1740 2916 1111111111ὓο
1773 2862 1897 2933 3111111111

197 2946 235 3003 ad
259 2946 429 3017 baptismum
452 2947 614 3005 admiserint
631 2950 842 3008 catechumenos
863 2953 986 3009 nondum
1003 2956 1032 3010 in
1062 2947 1165 3011 saneti,
1192 2945 1378 3018 regeneratio,
1399 2944 1576 3016 justificatio,
1601 2954 1780 3017 peccatorum
1799 2951 1896 3005 remis-

200 3031 325 3093 trticulis
342 3033 407 3088 fidei
423 3032 593 3090 sufficienter
610 3035 758 3092 instructos
776 3044 829 3095 etc.
864 3043 890 3093 t.
908 3041 1033 3109 Cyrinus
1059 3034 1100 3089 sio
1124 3040 1176 3089 etc.
1199 3039 1263 3089 sunt
1286 3032 1377 3088 medin
1402 3033 1438 3088 ad
1459 3049 1576 3103 regnum
1593 3034 1732 3088 coelorum
1752 3036 1895 3096 ducentia.

197 3119 245 3173 lit.
272 3122 316 3174 12.
348 3120 377 3174 ab
403 3121 469 3176 Job.
496 3124 591 3192 docet,
623 3124 831 3179 caustumsnss
862 3143 919 3181 esse
954 3131 1034 3198 apud
1059 3121 1125 3176 Janr
1147 3136 1213 3175 vero
1230 3119 1416 3176 Bellarmiuus
1434 3119 1639 3175 catechumenis
1656 3121 1787 3177 concedit
1802 3121 1896 3189 finem,

199 3205 375 3261 Christianos
409 3206 460 3277 id,
497 3210 575 3277 quod
614 3217 694 3263 eram
727 3211 917 3268 incircumcisi
953 3217 1034 3284 apud
1059 3208 1177 3264 salutem
1217 3205 1323 3262 scilicet
1363 3206 1421 3261 sive
1459 3223 1575 3278 regnum
1617 3207 1771 3284 coelorum,
1827 3227 1896 3282 ergo

196 3294 343 3363 ludaeos,
375 3294 425 3362 qni
448 3302 604 3363 propterca
629 3314 684 3350 oon
706 3306 839 3366 poterant
861 3301 936 3354 sessi
959 3319 1033 3369 agno
1059 3294 1143 3350 etiam
1179 3292 1315 3350 concedat
1350 3291 1404 3346 illis
1442 3298 1550 3361 oportet
1581 3294 1628 3362 jus
1660 3294 1697 3348 ad
1722 3295 1814 3351 media
1838 3296 1896 3360 illu,

192 3381 336 3450 paschali.
379 3380 605 3452 Respondemus:
635 3400 686 3438 nos
708 3385 828 3440 libenter
851 3385 906 3441 hoc
929 3388 1033 3460 ample·
1058 3397 1132 3452 quae
1156 3380 1193 3434 ad
1213 3378 1297 3433 finem
1316 3378 1436 3440 ducunt,
1463 3376 1593 3432 videlicet
1610 3380 1647 3434 ad
1667 3381 1741 3435 bona
1759 3382 1896 3439 ecclesiae

196 3466 309 3536 utimur,
338 3484 429 3539 neque
453 3467 526 3522 enim
548 3469 760 3526 catechumenos
784 3471 820 3526 ad
839 3490 920 3528 usum
936 3491 1032 3531 samse
1058 3474 1117 3524 tum
1133 3466 1249 3534 interna,
1266 3480 1349 3535 quem
1368 3469 1488 3519 externa·

197 3570 299 3608 coenae
317 3553 498 3616 admittimus,
517 3559 666 3625 antequam
684 3556 853 3628 baptismum
871 3560 1032 3631 suscipiant,

198 3640 308 3695 interim
331 3640 411 3694 utin
427 3640 462 3695 V.
481 3641 514 3694 T.
534 3640 613 3696 multi
632 3643 816 3699 incircumcisi
832 3645 947 3701 fuerunt
964 3647 1032 3705 fide·

199 3725 239 3780 ies
262 3731 291 3780 et
317 3726 442 3781 membra
459 3743 541 3782 verse
559 3728 706 3799 ecclesiae,
738 3738 770 3784 ut
790 3731 890 3787 docent
907 3735 1032 3805 exempla
1323 3755 1386 3815 gg
1404 3755 1426 3816 ὓ
1442 3756 1467 3814 Τ
1485 3754 1502 3814 1
1520 3755 1543 3815 0
1578 3754 1625 3815 Π.

199 3829 307 3881 eornm,
333 3813 381 3882 qui
405 3830 438 3868 ex
463 3813 620 3885 gentilismo
642 3817 679 3871 ad
697 3835 793 3874 verum
810 3818 902 3874 Deum
921 3821 1032 3877 Israelis

81 3938 84 3942 -
199 3900 323 3954 conversi
348 3904 426 3963 sunt,
460 3899 500 3954 sic
524 3901 717 3957 catechumeni
739 3903 835 3959 fideles
859 3905 942 3960 etism
967 3912 1032 3963 ante
1060 3898 1125 3962 DE
1171 3893 1512 3978 HAERETIGIS,
1563 3896 1631 3961 AN
1671 3895 1780 3960 ILLI
1827 3898 1895 3965 AD

199 3985 331 4055 bubni
351 3987 553 4056 susceptionem
577 3993 606 4042 st
627 4005 707 4043 mum
733 4002 1032 4050 suscenseant
1120 3996 1428 4064 EOOLESIAM
1468 3997 1819 4064 ΡΕΒΤΙΝΕΑΝΤ.

199 4072 323 4127 membra
342 4089 422 4128 verse
440 4074 574 4129 ecclesiae
591 4081 620 4130 et
636 4075 737 4130 salvari
755 4085 887 4147 possunt,
910 4080 934 4133 si
952 4080 981 4134 in
999 4097 1031 4135 eo

200 4164 275 4213 statu
303 4159 464 4214 moriantur.
512 4163 536 4214 6.
564 4161 738 4229 Augustinus
758 4172 838 4216 tract.
863 4169 887 4218 1.
912 4167 943 4220 is
964 4168 1031 4222 Jot.
1094 4174 1136 4224 58.
1153 4166 1275 4221 Thomas
1284 4165 1460 4237 Stapletonns
1471 4166 1757 4237 scriptorPontificins
1766 4167 1797 4222 in
1805 4169 1894 4238 princ.
1908 4168 1995 4257 *2¹²¹

200 4247 347 4315 diuisque
370 4249 444 4301 inter
467 4249 689 4302 catechumenum
709 4258 735 4302 st
756 4251 874 4313 tristes.
908 4253 1032 4325 Respon·
1059 4253 1105 4309 fid.
1123 4252 1321 4308 doctrinalibus
1341 4254 1476 4310 demonst.
1498 4258 1570 4324 part.
1591 4260 1612 4308 1.
1634 4269 1659 4308 c.
1680 4259 1718 4309 13.
1745 4271 1773 4323 p.
1795 4261 1833 4311 11.
1854 4228 1990 4311 seinis

201 4332 311 4388 demus:
339 4333 374 4387 de
392 4349 426 4387 eo
448 4349 482 4386 ex
499 4333 729 4403 praecedentibus
739 4336 877 4406 judicium
896 4337 955 4394 fieri
972 4346 1033 4411 pot
1060 4345 1190 4413 quentsm
1213 4340 1241 4394 in
1264 4340 1375 4394 modum
1402 4339 1513 4394 scribit:
1541 4340 1659 4394 Luttsn'
1683 4342 1820 4395 asmentia
1845 4350 1894 4411 est,
1907 4323 1986 4421 ξξξξῖ,

199 4423 250 4475 est
287 4419 321 4473 In
347 4425 460 4474 externa
490 4419 623 4475 ccclesiae
647 4421 779 4478 societate
804 4424 1033 4482 catechumenia
1059 4445 1154 4481 ossam
1177 4427 1324 4480 ecclesiam
1347 4427 1445 4478 vocnt
1459 4427 1638 4480 haereticam.
1664 4444 1693 4497 p.
1714 4432 1762 4481 15:
1793 4429 1895 4498 Itaque
1908 4427 1984 4465 nemi.

199 4504 329 4561 fidelibus
354 4512 419 4561 sunt
440 4505 564 4560 distincti
590 4522 672 4561 sensu
691 4498 739 4575 eo,
764 4524 847 4579 quem
865 4512 950 4581 paulo
969 4521 1034 4569 ante
1061 4513 1178 4567 lutheri
1199 4511 1335 4566 sentmtia
1361 4519 1412 4570 est,
1442 4512 1563 4565 omnium
1586 4518 1709 4566 anatum
1729 4513 1894 4579 tanatos,

200 4593 390 4664 exposuimus.
415 4592 525 4647 interim
550 4599 643 4649 nmen
666 4592 789 4651 fidelium
807 4598 959 4669 appellatio
978 4616 1033 4656 non
1061 4601 1111 4669 qui
1128 4600 1241 4669 quidem
1259 4598 1321 4666 ejus
1339 4598 1515 4664 &omatibus
1533 4598 1632 4667 aliqua
1649 4616 1682 4652 sa
1693 4607 1779 4666 parte
1790 4601 1894 4670 suffra·

200 4685 293 4752 potest
310 4679 471 4751 simpliciter
491 4680 621 4753 denegari
639 4680 859 4751 catechumenis,
885 4686 960 4741 unde
976 4687 1033 4742 Au·
1060 4686 1122 4754 pati
1145 4693 1223 4753 sans,
1248 4702 1345 4738 swam
1369 4685 1514 4738 ecclesiam
1533 4685 1633 4750 fuisse.
1667 4685 1894 4756 Respondemus:

200 4766 329 4839 guntinus
365 4767 467 4822 ibidem
497 4767 631 4837 quosdam
668 4768 878 4824 catechumenos
912 4772 1036 4843 praefert
1064 4779 1084 4828 1.
1104 4769 1316 4827 haereticilicet
1336 4770 1436 4825 sintin
1455 4770 1654 4835 ecclesia,n0n
1671 4777 1764 4827 amen
1784 4773 1896 4830 suntde

200 4852 268 4917 illis,
305 4854 354 4925 qui
392 4854 421 4908 in
460 4860 573 4910 externa
608 4854 742 4909 ecclesiae
775 4854 873 4925 politia
909 4858 1032 4914 fidelium
1061 4857 1191 4924 ecclesis;
1211 4862 1235 4913 2.
1254 4856 1330 4911 alind
1349 4863 1391 4911 est
1407 4856 1576 4912 haereticum
1593 4875 1662 4927 esse,
1682 4859 1761 4913 aliud
1778 4859 1895 4917 haereti·

200 4940 386 5011 appellatione
424 4941 541 4995 veniunt
578 4945 608 4995 et
640 4956 659 4993 a
695 4940 899 4996 catechumenis
938 4946 1033 5001 distin·
1062 4963 1124 5000 cum
1143 4960 1161 4997 a
1178 4942 1331 4997 Pontificiis
1347 4943 1452 5001 haberi.
1491 4943 1653 5016 Alphonsns
1672 4945 1708 5000 de
1720 4944 1818 5003 Castro
1830 4949 1896 5003 scri·

200 5033 330 5098 gnuntm.
1060 5037 1125 5101 pter
1140 5029 1245 5100 pariter
1260 5028 1423 5084 Pontificius
1441 5030 1488 5085 lib.
1505 5035 1529 5087 2.
1548 5030 1583 5085 de
1595 5033 1674 5101 justa
1690 5032 1793 5088 haeret.
1807 5035 1896 5105 punit.

73 5115 151 5155 asae
236 5119 277 5168 st.
301 5113 425 5169 Tandem
444 5113 523 5167 addit
538 5111 722 5168 Bellarmiuus
741 5120 949 5185 argumentum:
981 5092 1085 5175 Ca-le.
1104 5122 1145 5171 24.
1165 5116 1277 5184 statuit,
1301 5114 1456 5172 haereticos
1473 5134 1532 5172 esse
1550 5124 1644 5187 partes
1664 5123 1693 5171 et
1710 5119 1836 5174 membra
1853 5139 1896 5177 ec·

74 5167 162 5259 iiiiii?
200 5200 354 5253 tectumsni
376 5217 432 5252 aon
454 5199 553 5253 tutent
564 5199 618 5268 jus
634 5201 676 5251 od
690 5199 754 5253 alla
772 5212 965 5269 sacramenta,
988 5222 1034 5260 sss-
1060 5203 1176 5272 clesiae,
1208 5202 1249 5257 sic
1276 5203 1349 5259 cuim
1374 5202 1471 5258 scribit
1498 5203 1574 5258 dicto
1596 5203 1672 5258 loco:
1709 5206 1774 5271 Epo
1798 5209 1896 5270 fateor

75 5270 157 5361 ξοίξζη
202 5301 255 5356 gne
275 5287 315 5338 cd
334 5286 410 5351 aisis,
437 5300 508 5353 qaae
525 5291 588 5337 sunt
607 5285 764 5339 communia
785 5288 933 5343 universas
951 5291 1035 5344 eccle·
1061 5290 1172 5359 quim
1195 5297 1221 5342 et
1243 5305 1304 5343 saco
1331 5290 1443 5358 quidem
1464 5289 1576 5357 indicio
1600 5291 1702 5359 aspari
1726 5309 1782 5345 noa
1795 5302 1897 5361 potest,

76 5373 181 5412 0⁸2·le
201 5373 271 5425 ss'ua.
311 5373 376 5425 Non
401 5372 488 5440 igitar
514 5380 578 5425 aas
597 5379 623 5424 et
635 5373 756 5441 proprie
773 5382 838 5427 sant
855 5377 890 5427 sle
909 5377 1034 5434 ecclesiis.
1060 5375 1229 5429 taediosam
1248 5392 1307 5429 csse
1319 5382 1432 5444 partem
1450 5374 1584 5428 ccclesiae
1603 5382 1629 5428 et
1645 5378 1795 5431 membrum
1815 5381 1897 5434 illius

75 5435 163 5466 ''¹⁸³⁰''
202 5457 427 5530 Respondemnsz
461 5464 484 5514 1.
502 5457 722 5514 Oatechumenos
741 5474 797 5514 non
814 5460 917 5517 bsbme
931 5465 979 5533 jus
997 5463 1035 5517 ad
1062 5469 1088 5515 st
1109 5479 1165 5516 noa
1190 5477 1247 5517 esse
1275 5463 1386 5516 omnim
1405 5461 1441 5514 ab
1463 5461 1519 5514 illu
1541 5471 1719 5532 mperatum,
1753 5466 1823 5535 quia
1844 5469 1898 5521 etsi

202 5543 261 5600 ulls
279 5548 465 5614 mumma,
484 5548 527 5599 est
542 5549 639 5615 specs
657 5543 776 5617 falsum3
795 5545 910 5603 sienim
925 5547 955 5603 in
971 5548 1033 5605 reli·
1060 5549 1147 5616 Μαι»
1164 5566 1221 5606 ace
1237 5547 1353 5614 hatest,
1369 5546 1563 5604 tatarum
1581 5550 1772 5606 characterem
1789 5551 1895 5623 teptis-
