4004 6022
807 345 858 408 aa
875 347 1064 408 naamam
1173 316 1175 320 ⁴
1717 353 1778 414 seo

90 507 173 576 quod
193 505 235 560 tta
252 523 271 560 a
290 507 404 560 diabolo
422 506 569 561 visibiliter
586 515 707 562 tentatus
717 509 824 577 fua-it,
851 509 927 578 quod
952 507 1032 561 lonis
1049 507 1179 578 operibus
1194 509 1236 562 ita
1249 508 1341 562 lucere
1357 517 1452 562 eoram
1464 505 1626 569 haminibus,
1643 503 1780 558 atriden·

91 592 199 647 uiderit
227 593 395 646 Trinitatem
414 594 553 660 incaelo,
580 592 720 648 Christum
738 594 927 664 corporaliter
951 600 991 645 tes
1008 595 1165 662 plurificent
1181 595 1306 658 Patrem,
1325 595 1375 663 qui
1391 603 1430 647 est
1449 594 1479 649 in
1498 592 1590 659 costa,
1609 589 1780 645 estomnium

92 681 125 732 in
149 679 254 746 hostia,
277 681 355 748 quod
376 679 479 733 uiderit
501 681 623 733 animam
646 683 718 734 socii
733 683 779 734 sui
793 681 880 734 Harii
895 683 926 733 in
951 680 991 732 ad
1003 682 1231 747 persuadendum
1248 681 1415 735 miraculum
1427 677 1707 748 patentissimum.llil

92 767 203 820 eoelum
222 766 394 819 adscendero
409 766 603 834 splendidiore
619 785 702 837 mom
715 769 820 837 reliqui
831 769 926 821 talita
986 768 1044 820 284.
1063 765 1207 830 Mascula,
1226 782 1298 837 quaa
1316 783 1366 836 pro
1386 765 1459 820 reris
1476 765 1506 820 in
1523 764 1640 819 oceasia
1656 762 1781 819 Romana
1794 767 1843 810 ¹11·
1855 764 1901 809 ¹2⁰·

92 851 236 920 multaque
263 851 433 921 illustriore,
462 859 514 907 sta.
559 851 614 907 Sed
640 853 669 907 hi
689 854 927 931 scriptoressunt
950 851 1138 920 celebrantur,
1158 861 1223 907 sunt
1239 852 1309 906 varii
1326 869 1359 907 ac
1379 851 1479 907 diversi
1496 849 1613 922 generis.
1653 854 1674 903 l.
1692 845 1780 910 Quae·
1793 827 1913 931 timii,

92 944 181 993 testes
199 937 229 991 ia
247 938 359 1008 propria
377 955 476 1006 musa,
494 937 629 1006 ιοῑειιιηι,
648 956 678 993 se
692 956 725 993 ex
743 939 853 1012 ignatio
872 942 926 995 ista
952 937 1016 991 dam
1032 946 1096 992 sunt
1111 938 1237 1003 fallacia
1256 948 1284 993 et
1300 941 1463 1008 mendacia,
1490 936 1635 993 madibus
1651 936 1781 1004 pessimo·
1794 929 1907 1027 3⁰:³2?

94 1022 250 1085 audivisse,
269 1039 325 1077 non
345 1030 408 1077 sunt
425 1030 509 1078 testes
527 1024 643 1093 oculati,
662 1025 783 1094 addunt,
801 1026 871 1081 baec
889 1026 926 1080 ab
950 1040 1011 1076 ram
1035 1023 1177 1078 bominum
1209 1024 1341 1093 conficta,
1376 1025 1449 1081 unde
1476 1025 1606 1096 Lyranus
1629 1022 1689 1092 jam
1716 1019 1782 1075 alim
1795 1013 1895 1080 missua

95 1109 210 1180 Ignatio
233 1126 292 1164 esse
310 1110 369 1164 visa
391 1115 420 1165 et
437 1118 529 1181 gesta,
551 1119 698 1183 antequam
716 1113 783 1167 ordo
803 1130 820 1167 a
837 1114 927 1184 panti·
951 1116 1116 1179 conquestus
1138 1111 1167 1163 in
1194 1127 1217 1166 c.
1246 1117 1285 1169 14.
1314 1111 1422 1168 Daniel.
1453 1112 1609 1180 aliquando
1632 1107 1782 1160 mamam

94 1193 149 1250 lice
176 1194 395 1264 confirmaretur,
424 1202 452 1249 at
475 1197 504 1251 in
527 1197 610 1252 bullis
633 1198 794 1268 pontificum
815 1216 872 1253 non
895 1198 927 1253 fit
951 1196 1139 1264 deceptionem
1158 1197 1260 1266 populi
1284 1198 1349 1262 fieri
1369 1199 1399 1251 in
1423 1197 1541 1251 molesia
1562 1212 1616 1265 per
1642 1192 1781 1247 miracula

94 1281 206 1336 illorum
230 1282 340 1336 mentio.
383 1281 532 1338 Praeterea
557 1285 586 1337 ia
603 1285 710 1340 actione
729 1303 821 1341 coram
838 1288 927 1356 parla-
950 1284 1018 1346 ficto
1035 1283 1272 1350 amandandum
1291 1284 1488 1338 etAstexaaus
1509 1282 1538 1337 in
1556 1298 1653 1336 summ.
1672 1278 1734 1334 libr·
1753 1282 1778 1334 6·

93 1373 189 1422 mento
207 1367 356 1422 Parisiensi
369 1367 660 1439 Pasquieralesuitis
673 1371 827 1442 exquisivit,
845 1388 927 1442 quae·
952 1368 987 1422 de
1014 1368 1138 1439 reliquiis
1164 1369 1204 1423 sic
1228 1370 1336 1424 scribit:
1373 1372 1416 1424 Hi
1438 1371 1489 1439 qui
1513 1387 1601 1422 causa
1628 1365 1781 1421 denotionis

93 1470 161 1509 nam
180 1454 312 1508 miracala
329 1453 366 1507 ab
379 1454 489 1524 Ignatio
501 1455 638 1510 societatis
651 1464 762 1513 auctore
774 1459 829 1512 sint
839 1465 926 1530 gesta,
953 1457 1088 1508 accedunt
1112 1458 1152 1509 ad
1177 1457 1322 1510 eoolmiam
1343 1457 1483 1525 aliquam,
1505 1462 1625 1525 propter
1642 1451 1782 1507 miracula

94 1539 145 1595 sed
170 1538 293 1594 lacobus
316 1539 419 1595 Lainez
444 1541 546 1612 Ignatii
565 1543 656 1597 socius
674 1550 702 1598 et
720 1562 861 1600 successor
878 1561 926 1616 ge·
952 1556 1024 1608 attae
1040 1542 1130 1610 fiunt,
1155 1559 1210 1595 non
1231 1550 1296 1596 sunt
1311 1543 1405 1610 jains
1429 1548 1455 1596 et
1472 1542 1586 1610 fictitiis
1612 1537 1783 1595 documentis

94 1625 197 1681 amalis
218 1626 325 1680 nullum
343 1626 457 1681 istarum
476 1627 599 1698 protulit.
630 1628 794 1684 Dalesuita
808 1631 926 1701 quodam
952 1627 1126 1695 decipiendi,
1150 1629 1221 1681 siout
1243 1629 1387 1682 occasione
1404 1635 1535 1697 quaestus
1552 1626 1692 1681 oomueoit
1710 1623 1781 1690 fieri.
1834 1628 1838 1636 '

94 1713 263 1784 Augustano
280 1713 308 1767 ia
326 1711 467 1767 diabolum
484 1730 514 1768 so
531 1714 742 1772 mansformsnte
758 1722 787 1772 et
806 1716 926 1788 pugione
952 1712 1022 1768 oum
1047 1711 1219 1768 Caelestinus
1244 1715 1278 1770 V.
1303 1713 1427 1785 pontifex
1452 1713 1545 1769 curiae
1562 1711 1783 1767 reformationem

94 1797 196 1853 exinde
217 1798 344 1852 confosso
371 1799 513 1852 historiam
540 1808 664 1856 recenset
682 1802 789 1857 Ludos.
808 1803 926 1857 Lavate-
951 1798 1143 1866 meditaretur,
1166 1800 1327 1855 Bonifatius
1354 1800 1432 1856 VIII.
1451 1800 1539 1869 ipsius
1555 1806 1652 1870 pastea
1669 1798 1697 1852 iu
1717 1813 1783 1867 pon·

95 1902 144 1939 rus
168 1884 239 1939 libro
266 1884 301 1939 de
324 1885 439 1954 spectris
465 1892 536 1955 part.
562 1893 584 1941 l.
609 1905 633 1941 c.
658 1895 682 1943 9.
719 1889 822 1960 Ecquis
842 1890 927 1959 igitur
952 1882 1059 1938 tificatu
1086 1902 1226 1940 successor
1255 1887 1395 1957 quendam
1421 1885 1626 1954 subordinavit,
1657 1885 1705 1955 qui
1734 1901 1784 1954 per

95 1969 210 2024 ineam
228 1969 283 2024 illis
295 1971 474 2026 relationibus
487 1971 570 2028 fidem
582 1974 712 2030 adbibere
724 1975 806 2030 velit?
827 1973 926 2027 **Bel-
952 1969 1072 2023 fistulam
1096 1970 1126 2024 in
1148 1971 1307 2026 cubiculum
1324 1989 1414 2043 papae
1434 1972 1566 2027 directam
1583 1971 1731 2036 simulans,
1753 1986 1782 2026 se

95 2054 229 2109 lamium
252 2057 298 2111 lib.
323 2062 347 2112 4.
371 2057 407 2111 de
430 2058 525 2113 eccles.
549 2076 572 2114 c.
600 2066 645 2116 lt:
680 2063 743 2115 Hae
765 2068 863 2114 nostro
886 2077 927 2113 se·
954 2073 1013 2111 esse
1039 2055 1094 2110 Dei
1120 2057 1268 2127 angelum,
1297 2058 1454 2112 insonabat:
1483 2056 1636 2112 Caelestino
1657 2058 1739 2119 cede,
1759 2056 1785 2109 si

95 2142 161 2196 arelo
187 2143 293 2196 claruit
321 2144 351 2196 in
377 2144 471 2197 Indiis
503 2146 579 2199 omni
603 2164 702 2214 penem
728 2147 928 2201 miraculorum
953 2143 1049 2195 salmes
1071 2160 1130 2196 esse
1154 2144 1247 2212 aspir,
1271 2161 1326 2214 qao
1345 2143 1478 2198 miraculo
1495 2151 1635 2214 permotus
1654 2141 1783 2197 Caelesti·

95 2229 269 2284 Franciscus
285 2229 424 2283 Xaoerira
443 2231 584 2285 societatis
597 2233 669 2286 Jesu
684 2235 836 2302 presbyter.
859 2231 928 2286 Ono·
953 2246 1005 2282 nus
1023 2229 1059 2282 ad
1075 2245 1195 2284 eremum
1207 2230 1296 2285 rediit.
1329 2230 1458 2296 Bulaeus,
1470 2228 1631 2296 Nauclerus,
1643 2227 1785 2282 Marsaeus

96 2313 155 2368 rius
185 2320 251 2369 tom.
280 2322 304 2370 4.
336 2316 458 2372 concion.
491 2318 622 2372 concione
650 2320 685 2373 de
707 2319 786 2374 obitu
803 2319 929 2373 Xaverii:
954 2322 982 2368 et
1004 2314 1052 2367 alii
1076 2315 1213 2379 referunt,
1237 2315 1311 2370 unde
1329 2314 1505 2385 proverbium
1521 2314 1556 2369 de
1574 2313 1719 2368 Bonifacio
1737 2313 1783 2367 illo

96 2401 155 2454 Hic
173 2400 312 2454 Xaoerius
330 2411 391 2456 erat
409 2404 475 2456 nooi
490 2407 588 2458 mundi
605 2407 761 2474 apostolus,
785 2408 928 2458 innumera
954 2406 1089 2455 mortum:
1126 2401 1247 2454 Intravit
1265 2409 1295 2453 at
1314 2402 1425 2470 uulpes,
1442 2401 1570 2467 regnauit
1588 2409 1618 2454 ut
1636 2401 1694 2469 leo,
1711 2417 1783 2453 mor·

93 2488 223 2557 patravit
247 2489 401 2558 miracula,
426 2491 573 2542 &maanes
592 2492 686 2559 ejecit,
712 2508 808 2545 coecos
824 2490 928 2544 illumi·
954 2493 1016 2538 tuus
1044 2493 1086 2539 est
1112 2495 1142 2539 ut
1172 2486 1257 2540 caum.
1302 2485 1452 2557 Gregorius
1481 2485 1542 2543 Vll.
1571 2484 1684 2540 insidias
1709 2486 1785 2541 vitae

96 2574 185 2626 nard.
222 2572 324 2628 Contra
342 2592 408 2628 vcra
426 2576 539 2630 dubiam
556 2577 639 2631 fidem
658 2577 849 2631 miraculorum
864 2576 928 2630 isto·
954 2576 1062 2625 raucas
1093 2572 1215 2627 ilenrico
1245 2572 1297 2628 III.
1326 2572 1355 2625 in
1386 2573 1490 2642 amplo
1516 2573 1606 2627 oranti
1636 2571 1784 2627 ordinabat
1877 2616 1881 2625 .

97 2675 159 2712 rum
176 2658 283 2713 faciunt
301 2661 412 2730 ipsimet
425 2661 564 2716 Pontificii
578 2663 732 2733 scriptores.
763 2661 929 2717 Ptaaciscus
953 2659 1085 2729 aliquem,
1118 2658 1167 2729 qui
1192 2675 1225 2713 ex
1250 2659 1310 2714 loco
1334 2659 1475 2729 superiore
1498 2659 1638 2730 ingentem
1662 2658 1783 2728 lapidem

97 2744 133 2799 de
141 2743 264 2798 Victoria
273 2746 411 2815 professor
424 2747 517 2819 regius
529 2748 558 2802 in
566 2749 709 2804 academia
719 2748 928 2804 salmanticensi
953 2745 981 2797 in
1002 2745 1092 2815 ipsum
1111 2745 1272 2815 projiceret,
1299 2751 1331 2800 ut
1349 2745 1389 2799 ita
1406 2744 1499 2798 dirim
1519 2745 1650 2799 miraculo
1669 2744 1783 2815 periisse

95 2830 127 2885 in
153 2829 290 2900 Hispania
311 2832 403 2889 relect.
430 2840 452 2888 5.
479 2852 588 2905 propos.
613 2843 643 2889 5:
682 2837 747 2889 Non
769 2836 838 2888 satis
860 2835 930 2887 mini
953 2831 1106 2899 videretur,
1130 2832 1179 2886 sed
1198 2831 1362 2893 factumest
1376 2833 1453 2903 justo
1472 2831 1525 2887 Dei
1542 2831 1662 2902 judicio,
1686 2837 1718 2885 ut
1734 2831 1784 2884 mi·

94 2917 201 2987 liquet,
231 2935 269 2971 an
297 2920 426 2972 barbaris
452 2922 537 2975 Indis
557 2923 634 2989 fides
657 2920 820 2975 Christiana
845 2922 886 2974 ita
910 2939 928 2973 a
953 2917 1039 2972 sisar
1064 2918 1136 2972 tanti
1163 2918 1272 2973 sceleris
1300 2936 1355 2972 una
1378 2935 1442 2972 cum
1466 2917 1559 2988 lapide
1585 2918 1638 2972 ista
1663 2915 1783 2973 exemtili

95 3005 177 3059 nobis
196 3006 346 3074 proposita
363 3007 459 3074 suerit
480 3016 507 3060 et
526 3009 706 3075 annuntiata,
733 3017 762 3060 ut
784 3016 929 3061 teneantur
955 3002 1110 3065 deciderem
1134 3003 1231 3058 Benna
1249 3004 1396 3058 cardinalis
1412 3003 1443 3057 in
1461 3004 1518 3058 vita
1533 3003 1667 3074 Gregorii.
1703 3002 1784 3057 l⁸*le

96 3092 213 3144 medere
235 3093 285 3143 sub
311 3109 381 3146 nouo
399 3102 530 3162 peccato,
556 3112 620 3146 nam
643 3095 781 3147 miracuta
802 3102 829 3147 et
846 3095 927 3162 sipna
955 3089 1069 3144 Nicolao
1093 3088 1219 3143 Palladio
1242 3089 1324 3143 Dana
1348 3089 1524 3145 Sslneccerus
1548 3095 1629 3160 parte
1655 3096 1678 3144 4.
1697 3105 1783 3144 exam

96 3176 181 3230 nulla
198 3179 361 3244 audianos
380 3182 506 3251 exempla
522 3183 596 3234 oitae
612 3184 684 3234 adeo
695 3181 855 3249 religiosae,
872 3181 927 3234 imo
953 3193 981 3245 p.
1001 3182 1060 3232 537.
1078 3175 1147 3229 citat
1165 3175 1237 3231 banc
1254 3176 1409 3230 historiam:
1436 3175 1558 3238 Quidam
1575 3176 1703 3230 monachi
1719 3184 1784 3229 ante

96 3271 199 3317 contra
221 3263 309 3317 multa
335 3267 474 3319 scandala
498 3275 525 3319 et
541 3268 644 3320 multas
661 3267 830 3336 impietates,
852 3268 927 3319 ande
954 3262 1063 3331 aliquot
1077 3279 1166 3315 annos
1180 3280 1236 3316 non
1246 3271 1325 3316 nant
1334 3263 1455 3315 contenti
1462 3271 1572 3316 mortua
1580 3265 1673 3328 fipura
1682 3260 1787 3315 aaran

95 3350 223 3417 ridetur,
252 3352 328 3419 quod
350 3351 450 3421 relipio
476 3352 638 3406 Christiana
661 3370 717 3405 non
740 3352 777 3404 sit
797 3353 834 3405 iis
857 3354 928 3406 satis
951 3351 1099 3418 pendentia
1116 3350 1147 3402 in
1165 3366 1254 3413 cruca
1279 3352 1331 3402 sod
1347 3349 1504 3403 scribebant
1521 3350 1562 3402 ad
1579 3350 1717 3417 quendam
1733 3349 1784 3401 mi·

96 3437 240 3489 commode
264 3444 290 3488 et
312 3437 361 3504 pie
380 3438 568 3506 praedicata,
590 3445 621 3490 ut
643 3438 691 3491 illi
714 3444 859 3492 teneantur
882 3456 928 3491 ac·
954 3436 1073 3488 rabilem
1083 3437 1226 3500 artificem
1241 3437 1444 3501 utfacereteis
1455 3436 1546 3489 cirum
1559 3435 1787 3505 maritumam

96 3521 248 3590 quiescere.
284 3520 422 3576 Xarerins
441 3522 509 3592 ipse,
531 3524 579 3593 qui
599 3523 733 3579 derebus
751 3524 855 3578 Indicis
873 3523 929 3594 epi·
954 3521 1111 3590 respondit:
1133 3521 1168 3575 a·
1180 3523 1271 3575 uirum
1283 3525 1389 3587 fecero,
1399 3522 1541 3590 fortassis
1560 3541 1579 3575 a
1594 3539 1665 3575 noro
1679 3522 1785 3589 interst-

98 3607 187 3661 stolas
210 3606 360 3661 familiares
382 3608 584 3679 quinquaginta
608 3609 742 3673 exaravit,
770 3610 804 3664 de
825 3611 928 3663 sanatis
955 3607 1043 3662 rietes.
1071 3608 1196 3660 Tandem
1213 3609 1342 3677 precibus
1355 3615 1381 3661 et
1393 3608 1551 3662 munaldus
1563 3609 1704 3661 adducam
1715 3606 1786 3671 fecs‘t

98 3693 156 3747 illis
175 3693 272 3761 coecis,
291 3693 406 3760 claudis,
424 3694 522 3757 surdis,
541 3695 625 3748 mutis
642 3695 712 3749 nibil
730 3695 829 3763 babet3
847 3696 895 3752 lib.
906 3703 929 3750 2.
956 3693 1125 3758 oruoifiaum,
1140 3694 1328 3764 quasioimm,
1346 3702 1431 3763 caput
1439 3694 1468 3746 in
1477 3710 1557 3747 cruce
1567 3693 1675 3761 mobile,
1691 3692 1785 3747 oculos

67 3842 70 3846 ⁴
98 3780 135 3834 de
161 3777 219 3833 reb.
254 3779 358 3834 Indicis
377 3779 456 3856 epist.
477 3786 500 3835 8.
518 3787 636 3836 naturae
654 3781 816 3836 miraculum
833 3783 930 3837 recitat
957 3787 982 3831 et
1002 3779 1082 3832 lobia
1107 3781 1231 3838 mobilia.
1266 3783 1352 3836 Hane
1369 3782 1518 3850 imaginem
1538 3780 1644 3835 Christi
1660 3780 1788 3846 aurifici

98 3866 134 3920 de
170 3881 253 3935 capra
276 3865 349 3919 lacte
372 3882 436 3921 suos
459 3866 588 3936 parvulos
611 3867 713 3922 haedos
739 3869 845 3937 alente,
875 3886 929 3923 non
957 3867 986 3919 in
1008 3885 1058 3920 suo
1085 3869 1188 3936 templo
1213 3886 1298 3938 super
1314 3868 1437 3938 januam
1461 3869 1540 3923 olori
1566 3867 1738 3921 eollaoerunt
1761 3874 1787 3920 et

97 3950 340 4023 praetermissurus
359 3952 492 4007 miracula
509 3951 624 4022 gratiae,
641 3953 664 4007 si
683 3970 754 4024 quae
770 3954 865 4009 divina
878 3956 930 4009 vir·
957 3953 1011 4005 s'lla
1034 3971 1166 4023 magnam
1184 3955 1325 4008 lominum
1340 3955 1548 4009 multitudinem
1565 3954 1648 4020 lonpo
1665 3960 1787 4022 tempore

97 4044 159 4094 tute
191 4037 330 4092 edidisset.
376 4038 540 4109 Excipiunt,
571 4040 623 4093 Iac
652 4049 842 4108 argumentum
872 4059 930 4094 esse
957 4041 1133 4108 (inceperunt.
1177 4039 1287 4102 Quoties
1311 4041 1384 4094 enim
1406 4058 1509 4110 magna
1537 4040 1678 4092 lominum
1704 4039 1787 4092 turba

97 4125 267 4192 modestiae,
285 4143 342 4178 non
360 4127 548 4195 impotentiae.
582 4127 671 4197 Atqui
689 4127 723 4182 de
742 4128 873 4197 apostolia
890 4129 930 4182 di·
956 4125 1107 4193 conflueret
1137 4127 1180 4178 ad
1210 4127 1362 4179 ridendam
1392 4135 1416 4180 et
1445 4127 1628 4180 adorandam
1656 4131 1786 4191 statuam

96 4212 171 4267 citur
189 4212 253 4267 Act.
274 4217 313 4267 14,
329 4215 806 4283 transeuntesapostoliretalerunt,
824 4224 930 4284 quanta
956 4211 1071 4280 quidam
1097 4212 1246 4265 monachus
1268 4231 1287 4266 a
1312 4221 1391 4282 terpo
1415 4220 1494 4265 stans
1514 4212 1601 4265 traait
1612 4209 1786 4280 funiculum,

92 4315 150 4369 per
168 4315 215 4350 eos
228 4298 345 4363 fecisset
364 4300 512 4355 Dominus.
530 4318 554 4355 a.
573 4307 612 4356 15.
628 4302 810 4369 enuntiantes,
824 4310 929 4370 quanta
956 4315 1009 4366 quo
1028 4299 1169 4351 suasmet
1187 4305 1271 4367 caput
1289 4299 1376 4366 idoli,
1401 4299 1485 4369 quasi
1506 4298 1594 4353 noua
1611 4298 1678 4351 illos
1696 4296 1784 4365 respi-

92 4401 150 4454 per
167 4385 328 4452 refecisset
348 4386 435 4440 Deus.
474 4386 507 4441 In
527 4404 598 4458 quae
616 4387 678 4441 loca
692 4387 778 4442 Ferus
796 4388 835 4442 sia
857 4405 928 4443 com·
956 4401 1016 4437 cort
1033 4392 1058 4438 et
1077 4386 1218 4451 otavdlra
1236 4387 1311 4438 “adt
1330 4386 1412 4448 filiai
1430 4402 1532 4454 maana
1550 4385 1705 4438 “nimitum
1720 4401 1783 4437 ⁶⁰²¹·

97 4475 252 4525 mersatur:
284 4471 418 4539 Apostoli
432 4481 570 4541 exponunt
591 4472 715 4542 Spiritus
731 4475 826 4527 saneti
842 4475 928 4528 virtu·
954 4471 1099 4525 sternatis.
1122 4470 1224 4524 Statim
1236 4472 1366 4524 clamarit
1381 4471 1529 4524 monachus
1544 4471 1686 4539 inquiens.-
1701 4471 1785 4538 Date,

95 4565 160 4619 teau
178 4564 210 4609 ut
230 4575 249 4609 a
265 4558 360 4610 multis
373 4576 430 4627 pro
448 4560 555 4612 collata
570 4560 702 4627 ingentes
713 4562 929 4629 pratiapratiae
955 4559 1052 4625 offerte
1070 4557 1214 4625 opulenter
1231 4557 1310 4611 nobes
1330 4558 1441 4610 mireris
1455 4557 1609 4624 fratribus,
1634 4564 1699 4609 tuno
1722 4573 1784 4608 rur·

95 4643 262 4696 dicerentur
286 4645 351 4697 Deo
374 4652 400 4697 et
422 4652 518 4697 mutua
531 4647 592 4714 fido
609 4647 846 4708 confirmarentur.
884 4649 929 4701 De
954 4661 1001 4696 sus
1024 4651 1159 4696 oonoatet
1184 4646 1225 4696 ad
1242 4662 1290 4697 oos
1308 4645 1458 4714 placidum
1476 4643 1589 4699 uultum.
1628 4643 1708 4696 Tunc
1726 4659 1785 4695 coa·

95 4730 143 4784 lis
160 4728 347 4798 gloriandum,
366 4732 393 4784 si
408 4730 468 4783 Dei
483 4732 578 4799 plania
592 4741 797 4801 promoveatur,
816 4742 847 4786 ut
860 4752 928 4804 pro-
951 4736 1056 4798 perunt
1078 4730 1201 4783 hominos
1222 4732 1322 4800 offerre
1346 4746 1461 4783 munera
1485 4731 1526 4783 ad
1544 4747 1633 4783 aram.
1671 4728 1787 4782 Interea

95 4817 190 4870 nimus
213 4818 376 4887 adjuretur,
410 4836 466 4871 non
489 4818 560 4871 enim
583 4835 613 4870 se
634 4819 712 4887 ipsae
729 4823 929 4888 commendant,
956 4816 1107 4869 mannaim
1135 4818 1222 4869 traxit
1249 4817 1338 4870 alium
1357 4816 1537 4883 funiculum,
1568 4831 1622 4884 quo
1654 4813 1787 4869 cansam

93 4905 151 4957 aed
173 4904 234 4956 Dei
255 4920 354 4972 opera,
377 4911 413 4956 ut.
428 4904 555 4958 turaias
569 4905 715 4973 praecepit
732 4906 929 4960 daemoniaco:
955 4910 1040 4971 caput
1057 4901 1191 4970 imaginis
1210 4903 1251 4955 ad
1265 4903 1463 4972 populumne
1479 4905 1505 4954 si
1524 4901 1607 4954 donn
1626 4917 1655 4953 aa
1671 4899 1788 4970 placari

101 4991 182 5043 Vade
206 4997 231 5042 et
253 4992 403 5058 annuntia,
431 4999 537 5060 quanta
563 4992 634 5056 feeit
659 4992 807 5047 Dominus.
847 4992 930 5046 Adde
955 4990 1150 5058 sianificasset.
1188 4990 1315 5041 Tandem
1337 4989 1446 5041 idolum
1465 4988 1613 5057 proditum
1630 4994 1670 5039 est
1685 4994 1713 5039 et
1730 5003 1786 5039 mo·

97 5076 174 5146 quod
197 5075 270 5130 dono
296 5076 453 5148 linguarum
479 5077 641 5132 miraculoso
665 5077 701 5131 ad
726 5078 930 5132 couversionem
956 5077 1109 5129 nasarium
1133 5076 1311 5131 destructum.
1346 5073 1572 5129 Hasenmullerus
1591 5089 1614 5126 a
1635 5078 1657 5129 8.
1675 5090 1702 5142 p.
1722 5077 1786 5129 299:

96 5161 230 5216 ludorum
257 5162 302 5217 rel
330 5164 448 5217 mammo
476 5163 630 5217 necessario
662 5163 715 5233 ipsi
738 5137 944 5222 destituantur,l
958 5162 1084 5225 Conflata
1110 5170 1173 5214 aunt
1196 5162 1336 5214 miracula
1360 5161 1475 5215 illorum
1494 5161 1646 5229 pleraque,
1672 5177 1788 5229 morum

97 5247 218 5304 Mortua.
243 5253 315 5318 part·
337 5255 359 5304 1.
383 5266 410 5318 p.
436 5255 495 5305 488.
531 5250 635 5303 Acesta
665 5249 714 5305 lib.
741 5257 764 5304 6.
793 5249 827 5304 de
849 5250 930 5307 salat.
956 5251 1066 5319 copiam
1084 5256 1225 5301 recensent
1243 5249 1369 5317 quotidie
1391 5248 1428 5301 ab
1445 5248 1517 5302 tora
1536 5246 1684 5300 undecima
1701 5264 1787 5315 usquo

96 5334 191 5390 ludar.
213 5351 275 5405 cap.
294 5341 326 5390 l:
365 5335 443 5398 Quae
461 5344 500 5388 est
514 5336 695 5404 praedicatio
712 5338 833 5390 nostrat
861 5354 931 5406 quae
957 5338 997 5389 ad
1020 5335 1230 5397 duodecimam,
1252 5342 1278 5387 et
1303 5351 1322 5385 a
1344 5337 1370 5390 6.
1394 5350 1480 5403 usquo
1504 5334 1545 5386 ad
1563 5331 1630 5388 li*
1664 5331 1787 5387 Domini·

90 5421 229 5492 fiducia!
255 5421 348 5491 Sipus
367 5422 479 5491 quidem
498 5438 555 5474 non
574 5422 690 5476 edimus.
725 5437 784 5492 cap.
807 5427 851 5477 12:
871 5425 932 5477 Nos
958 5422 1021 5478 cani
1047 5427 1079 5474 ut
1100 5418 1183 5474 fidem
1201 5419 1325 5476 facerent
1345 5437 1394 5474 suo
1413 5418 1536 5490 dogmati
1554 5418 1589 5473 ds
1609 5419 1787 5490 conceptione

91 5506 246 5578 madiam,
279 5505 385 5576 'quidm
421 5507 598 5578 manaels’cas
626 5523 705 5561 uoces
734 5509 931 5579 confirmemur,
957 5509 1063 5564 Mariae
1086 5507 1117 5560 in
1140 5513 1257 5577 peccato
1283 5506 1411 5579 originin
1428 5505 1464 5560 ad
1484 5504 1609 5561 subtilla
1625 5505 1786 5576 praestigia·

97 5592 181 5648 ηιιὶὶα
199 5593 395 5664 producimus.
427 5608 487 5666 cap.
514 5599 558 5650 ttz
587 5594 685 5665 Neque
707 5611 772 5648 oero
793 5611 863 5664 rpus
882 5603 930 5666 est,
957 5613 1019 5651 rum
1041 5595 1237 5663 decurrerunt,
1263 5595 1344 5667 cujus
1360 5593 1401 5649 rei
1419 5591 1575 5666 exemplum
1592 5606 1786 5650 commemora·
