4004 6022
214 161 275 217 tto
782 152 903 210 Locus
920 151 1125 210 warmunt
1145 152 1344 212 SECUNDUS

214 305 416 376 inordinaria,
446 305 495 362 sed
513 305 729 361 ernaudinaria
742 305 863 377 quadam
875 305 1048 363 successione
1076 305 1226 374 doctrinae,
1243 322 1300 377 qua
1315 307 1398 376 juxta
1415 306 1501 362 allata
1519 306 1569 363 illa
1586 307 1641 364 duo
1656 307 1792 364 vaticinia
1810 309 1913 380 papale

214 398 308 456 arunt,
331 393 354 447 si
376 393 449 447 enim
467 398 560 448 essent
577 391 607 445 in
625 392 764 446 ordinaria
782 392 967 460 successione,
993 408 1048 446 non
1074 409 1190 462 regnum
1216 391 1361 463 insigniter
1384 393 1439 448 fuit
1463 393 1637 449 diminutum
1678 402 1701 449 4.
1721 394 1868 450 Lntherus
1884 402 1912 451 et
1924 403 1976 447 xtt

214 479 383 534 sustinerent
399 479 616 548 persecutionem
636 477 671 531 ab
687 476 750 545 illis,
768 477 816 548 qui
825 478 1048 548 jurisdictionem
1074 476 1161 546 ipsius
1184 477 1251 532 socii
1274 495 1329 533 non
1351 478 1526 549 protulerunt
1543 495 1643 534 novam
1661 479 1835 537 doctrinam.
1864 482 1912 536 sed

215 571 244 618 et
261 570 426 634 potestatem
440 564 468 617 in
486 563 602 618 eeclesia
619 562 672 616 sibi
690 569 830 633 arrogent.
865 564 1048 628 Quemadmo·
1075 569 1195 617 veterem
1238 563 1417 632 apostolicam
1463 564 1617 620 doctrinam
1662 566 1806 620 miraculis
1846 566 1910 620 olim

215 649 281 703 dum
305 650 392 720 igitur
415 648 492 703 Deus
515 656 637 718 tempore
658 648 692 703 V.
715 647 747 703 Τ.
765 664 815 718 per
834 649 984 721 prophetas
1001 666 1047 704 ex·
1075 647 1186 701 abunde
1204 647 1412 718 comprobatam
1432 665 1465 703 ex
1483 649 1610 705 sordibus
1629 650 1774 722 papalium
1788 669 1910 706 errorum

213 735 396 789 traordinarie
421 735 516 788 missos
541 734 674 788 ecclesiae
710 749 777 788 suae
800 736 956 805 prospexit,
984 752 1047 789 cum
1075 738 1180 786 erutam
1199 734 1227 787 in
1247 734 1349 788 clarum
1368 732 1458 788 lucem
1478 734 1661 800 collocarunt,
1681 753 1750 806 ergo
1768 753 1825 790 non
1843 752 1910 806 opus

214 819 255 873 illi
273 821 321 891 qui
340 820 368 875 in
387 821 527 875 ordinaria
539 821 714 875 successione
726 827 813 889 erant,
832 820 953 875 officium
968 839 1047 875 suum
1074 815 1128 872 fuit
1145 819 1222 873 novis
1240 819 1387 875 miraculis.
1421 820 1595 889 Augustinus
1613 821 1662 876 lib.
1679 827 1721 876 22.
1741 821 1778 876 de
1792 822 1845 875 civ.
1859 821 1910 877 Dei

214 906 388 977 negligerent
417 914 445 960 et
475 906 634 960 baaliticam
664 905 848 961 idololatriam
880 906 1048 961 invalescere
1074 920 1097 956 o.
1119 909 1151 960 8:
1181 905 1353 973 Priusquam
1372 908 1492 958 muudus
1511 909 1646 972 crederet,
1663 908 1805 961 mimula
1816 908 1909 973 fuisse

214 993 349 1062 sinerent,
378 992 610 1062 quemadmodum
634 991 717 1046 etiam
745 998 870 1062 tempore
896 993 930 1049 N.
949 993 982 1047 T.
998 1009 1048 1064 per
1074 991 1234 1044 amatoria
1259 990 1341 1059 dicit,
1365 992 1490 1060 priuauit
1512 1009 1578 1047 cero
1595 994 1689 1046 Miluo
1701 995 1858 1062 prodigia,
1883 1003 1911 1047 ut

186 1098 189 1103 ·
212 1077 368 1133 iohannem
400 1077 555 1148 Baptistam
584 1084 612 1133 et
637 1077 777 1148 apostolos
805 1078 841 1132 ad
870 1078 1048 1148 propheticae
1075 1077 1187 1141 medat,
1210 1077 1344 1144 requirit,
1362 1094 1424 1130 eum
1444 1094 1502 1132 esis
1519 1096 1650 1146 mapsam
1663 1080 1848 1148 prodips'um,
1865 1082 1912 1149 qui

214 1164 356 1219 doctrinae
384 1182 509 1219 normam
540 1164 692 1234 repudiatis
720 1163 858 1218 erroribus
891 1182 924 1219 as
953 1181 1048 1235 super·
1075 1163 1178 1214 muodo
1203 1165 1332 1217 modeste
1357 1180 1411 1215 sou
1435 1165 1532 1216 credit.
1577 1162 1729 1235 Gregorius
1755 1162 1851 1219 homil
1871 1171 1910 1221 19.

213 1248 374 1304 stitionibns
392 1250 537 1305 ecelesiam
556 1251 705 1318 revocavit,
723 1266 786 1304 cum
805 1250 912 1307 scribae
932 1257 961 1304 et
976 1249 1047 1304 Pha·
1075 1246 1104 1299 in
1122 1263 1234 1318 evang:
1271 1248 1361 1317 Siqua
1380 1248 1434 1301 illa
1453 1251 1614 1303 ueemsaria
1630 1251 1660 1302 iu
1677 1250 1814 1304 ecclesiae
1836 1268 1910 1306 eaor·

212 1335 294 1404 risaei
321 1335 351 1388 in
376 1335 509 1390 cathedra
528 1336 651 1392 Mosaios
674 1335 802 1391 sedentes
821 1334 914 1390 officio
932 1353 982 1391 suo
1002 1336 1047 1391 de·
1075 1334 1124 1387 dio
1142 1336 1273 1402 filonem,
1297 1343 1327 1387 ut
1347 1336 1418 1388 enim
1438 1336 1479 1388 od
1491 1336 1578 1404 fidem
1599 1344 1734 1389 cresceret
1752 1338 1911 1405 multitudo,

213 1428 306 1475 essent
341 1427 370 1476 et
405 1421 489 1475 variis
519 1421 683 1490 corruptelis
715 1420 824 1474 divinus
855 1420 947 1474 cultus
977 1428 1050 1476 esset
1075 1419 1222 1473 miraculis
1232 1422 1335 1487 fuerat
1354 1421 1513 1484 nutrienda,
1531 1421 1634 1489 uuiaet
1647 1438 1705 1487 sos,
1719 1439 1782 1474 cum
1795 1424 1910 1478 arbusta

212 1506 349 1576 pollutus,
366 1505 406 1561 ita
424 1523 535 1577 quoque
552 1506 595 1559 his
613 1505 759 1576 postremis
772 1506 867 1560 mundi
879 1506 1048 1576 temporibus
1072 1506 1244 1572 plaudamus,
1264 1506 1373 1558 tamdiu
1392 1505 1432 1559 eis
1449 1523 1552 1574 agriam
1567 1506 1753 1574 infundimus,
1770 1525 1911 1578 qumque

212 1608 262 1662 per
297 1590 380 1646 fidele
415 1591 597 1645 ministerium
634 1591 749 1646 Lutheri
777 1598 806 1645 et
835 1597 1048 1662 symmystarum
1076 1605 1110 1642 ea
1128 1590 1156 1641 iu
1176 1597 1252 1642 terra
1267 1591 1332 1658 jam
1350 1591 1490 1644 coaluisse
1508 1593 1648 1660 sidereus,
1674 1600 1701 1646 et
1720 1594 1748 1645 si
1765 1595 1851 1647 semel
1867 1611 1910 1648 ra·

214 1677 353 1748 evangelii
371 1676 462 1730 lucem
481 1693 514 1732 ex
528 1676 683 1731 Cimmeriis
697 1684 816 1747 papatus
828 1677 951 1732 tenebris
964 1693 1048 1732 emer·
1075 1676 1167 1729 dicam
1178 1676 1308 1744 fixerint,
1333 1677 1464 1744 irrigatio
1484 1679 1609 1731 cessabit.
1646 1684 1671 1734 5.
1690 1679 1736 1732 An
1754 1695 1822 1734 vero
1841 1668 1929 1734 omni*

214 1779 272 1817 sam
293 1762 321 1815 in
339 1763 456 1817 ecclesia
472 1763 572 1817 iterum
589 1762 726 1832 accendit,
746 1762 948 1816 Antichristum
963 1761 991 1815 in
1006 1778 1048 1816 ec·
1075 1761 1207 1815 musculo
1225 1766 1301 1816 caret
1319 1760 1456 1833 evangelii
1473 1778 1523 1832 per
1541 1767 1584 1816 tot
1598 1762 1673 1817 orbis
1681 1763 1842 1835 provincias
1851 1782 1910 1835 pro·

212 1848 298 1903 clesia
322 1866 372 1918 pro
398 1847 512 1903 arbitrio
536 1866 586 1903 suo
612 1849 798 1904 dominantem
822 1848 956 1903 revelavit
978 1855 1007 1904 et
1032 1866 1049 1903 a
1075 1846 1197 1917 pagatio,
1208 1847 1351 1916 potentiae
1365 1846 1781 1918 papalisimperatoribusolim
1792 1850 1913 1904 invictae

212 1933 408 1989 traditionibus
429 1934 556 1988 humanis
580 1935 616 1989 ad
637 1934 715 1990 verbi
733 1935 920 1990 sinceritatem
938 1952 989 1989 nos
1006 1952 1045 1990 re·
1076 1931 1222 1987 diminutio
1244 1938 1272 1987 et
1300 1931 1479 1987 ecclesiarum
1504 1942 1659 1990 normarum
1678 1941 1776 1992 contm
1793 1941 1838 1989 tot
1855 1953 1912 1990 eru·

213 2019 329 2083 vocavit,
350 2004 466 2090 quorum
487 2019 628 2075 doctrinae
645 2021 689 2074 vel
706 2020 797 2076 officio
816 2019 885 2075 nihil
897 2020 1049 2092 quidquam
1076 2017 1151 2073 deles
1168 2017 1385 2073 machinationes
1401 2035 1434 2072 ac
1448 2024 1506 2074 tam
1517 2025 1645 2090 potentes
1658 2021 1753 2077 hostes
1769 2039 1911 2076 conserva-

213 2105 339 2175 derogst,
354 2104 429 2175 quod
441 2113 506 2159 ante
517 2105 593 2175 ipsos
606 2105 738 2162 eeclesiae
753 2107 903 2161 ministerio
915 2105 1049 2176 praefecti
1075 2102 1132 2157 tio?
1163 2104 1209 2158 An
1225 2120 1281 2157 non
1298 2103 1418 2175 prodigii
1436 2103 1525 2159 instar
1543 2111 1597 2171 est,
1616 2107 1690 2178 quod

213 2189 318 2245 fuerint
334 2190 398 2245 falsi
415 2191 541 2245 doctores
558 2190 706 2262 papalibus
724 2191 862 2246 erroribus
878 2191 988 2262 penitus
1000 2192 1049 2245 im·
1116 2223 1165 2276 Vir
1185 2224 1243 2276 ,im
1263 2226 1291 2277 m·
1306 2224 1396 2288 fam,
1415 2227 1445 2277 m·
1460 2227 1539 2279 vm·
1556 2235 1581 2278 e,
1598 2227 1750 2281 inem
1769 2229 1858 2282 armi,

213 2293 305 2332 mersi.

87 2375 202 2464 ibiibi.
249 2367 308 2417 Μ’
343 2360 459 2433 Regem
482 2361 682 2431 Bellarmim’
709 2363 969 2416 extraminamm
990 2379 1049 2414 Μ’
1111 2399 1202 2450 lioma
1216 2397 1307 2449 erbeus
1325 2398 1440 2460 domuit,
1459 2398 1511 2450 sed
1527 2399 1645 2452 Rostrum
1661 2415 1743 2469 papa
1763 2401 1878 2468 subsps't,

87 2474 201 2566 mm,
214 2449 365 2503 ammonem
383 2448 530 2502 miramilis
549 2464 606 2500 esse
625 2449 854 2514 confirmandam,
874 2448 972 2516 quibsss
989 2465 1050 2500 cunt
1151 2481 1261 2535 Virffm
1278 2483 1332 2536 ma
1350 2485 1417 2551 eut-3,
1436 2483 1590 2548 fraudibus
1607 2485 1659 2538 im
1676 2486 1745 2540 m

96 2538 110 2567 n
137 2537 164 2576 ge

1146 2310 1279 2364 Contudit
1298 2310 1447 2364 immersas
1465 2313 1548 2365 totitas
1565 2313 1641 2367 orbis
1658 2317 1746 2381 opes?

87 2579 184 2618 mirisu-
214 2537 306 2589 nostri
330 2537 459 2588 doctores
483 2535 686 2603 destituantur,
714 2536 778 2588 ideo
797 2536 996 2589 successionem
1016 2535 1049 2588 il·
1112 2567 1250 2630 Quantum
1267 2569 1321 2621 mo
1339 2569 1433 2636 major
1450 2569 1589 2623 Mem
1607 2571 1702 2638 major
1720 2577 1747 2623 οἱ
1765 2570 1829 2638 ma,

1145 2654 1246 2706 Orbem
1264 2653 1411 2722 urbemque
1431 2672 1486 2707 uuo
1507 2654 1558 2723 qui
1576 2656 1672 2709 docuit
1690 2656 1812 2711 calama

87 2627 125 2669 lta·
214 2623 308 2676 lorum
325 2640 379 2675 sou
398 2638 457 2674 esse
475 2621 638 2688 lepitimam.
674 2619 895 2690 Respondemus:
931 2627 952 2675 l.
970 2620 1049 2675 multi

215 2707 366 2778 prophetae
400 2706 617 2761 extraordinarie
648 2706 738 2759 vocati
771 2722 803 2760 ac
830 2707 906 2761 missi
930 2707 1050 2771 fuerunt,

215 2792 370 2863 dequibus
388 2799 481 2845 tamen
500 2807 555 2845 non
573 2797 690 2858 constat,
711 2790 786 2860 quod
804 2791 937 2846 muscula
957 2793 1049 2848 edide·
1076 2795 1101 2846 6.
1120 2789 1236 2844 Lutheri
1262 2790 1370 2846 vocatio
1394 2796 1423 2846 et
1447 2791 1540 2846 missio
1565 2808 1621 2846 uon
1640 2791 1695 2847 fuit
1711 2795 1802 2850 solum
1823 2801 1910 2850 extra·

215 2877 284 2946 rint,
319 2894 389 2948 quae
418 2875 491 2932 enim
521 2875 654 2930 miracula
685 2875 760 2931 edita
789 2882 853 2930 sunt
878 2895 896 2931 a
920 2877 1049 2946 Jeremia,
1075 2876 1227 2944 ordinaria,
1259 2876 1308 2930 scd
1337 2876 1419 2931 etiam
1448 2877 1528 2931 simul
1558 2877 1703 2935 ordinaria
1748 2879 1815 2935 Duo
1839 2881 1911 2937 enim

215 2962 373 3027 Ezechiele,
401 2961 495 3030 Joble,
523 2960 646 3015 Amoso?
691 2960 804 3024 Quoties
833 2962 872 3032 pii
907 2981 986 3034 reges
1017 2980 1049 3018 ac
1075 2967 1244 3016 concurrunt
1261 2961 1289 3014 in
1310 2961 1396 3032 ipsius
1416 2961 1521 3032 officio,
1545 2979 1617 3034 quae
1634 2981 1691 3019 non
1709 2972 1776 3020 sunt
1793 2966 1910 3021 invicem

216 3047 369 3119 prophetae
394 3048 545 3119 collapsam
572 3047 734 3118 religionem
761 3048 943 3103 Israiiliticam
965 3049 1049 3104 refor-
1075 3046 1279 3102 confundenda.
1323 3047 1415 3101 Primo
1438 3050 1624 3103 ministerium
1649 3052 1786 3123 docendi,
1811 3052 1911 3108 deinde

215 3143 333 3203 manunt,
352 3151 470 3206 quorum
487 3138 579 3189 tamar
597 3133 676 3187 multi
692 3151 747 3188 non
760 3134 1049 3190 feceruntmiraculs?
1076 3135 1201 3198 osticium
1234 3134 1417 3196 reformandi
1453 3139 1481 3188 et
1512 3136 1716 3191 Auticbristum
1755 3139 1910 3194 revelandi.

214 3228 240 3279 2.
264 3220 308 3274 De
331 3219 460 3276 iohanne
483 3219 627 3289 Baptista,
660 3219 707 3290 qui
736 3219 833 3273 indum
863 3222 1049 3276 extraordinu·
1075 3220 1122 3273 Ad
1144 3220 1325 3276 ministerium
1345 3220 1462 3275 docendi
1482 3220 1605 3292 legitime
1623 3229 1652 3277 et
1668 3224 1751 3280 modo
1771 3226 1909 3281 ordinario

214 3309 283 3363 riam
305 3307 478 3362 vocationem
501 3304 601 3360 habuit
625 3307 667 3358 ad
686 3308 873 3359 convertendo
893 3309 982 3361 corda
994 3326 1049 3376 pa·
1075 3306 1195 3361 mediate
1211 3311 1325 3360 vocatus
1344 3311 1403 3375 est,
1424 3307 1543 3375 primum
1561 3307 1654 3364 adhuc
1671 3308 1701 3364 in
1720 3320 1841 3382 papatu,
1862 3312 1909 3367 ubi

214 3404 287 3449 trum
306 3412 373 3461 erpa
391 3393 476 3460 filios,
493 3392 545 3446 hoc
558 3396 602 3446 est
617 3389 708 3446 cultus
721 3391 807 3445 divini
818 3392 1049 3463 reformationem,
1075 3398 1241 3463 potestatem
1259 3391 1368 3462 accepit
1384 3391 1420 3446 ab
1438 3393 1568 3464 episeopo
1588 3394 1703 3450 verbum
1716 3396 1770 3452 Dei
1784 3397 1910 3465 docendi,

214 3481 316 3536 diserte
336 3481 438 3534 dicitur
454 3478 518 3534 ioh.
541 3485 587 3548 111,
603 3495 628 3531 ν.
650 3485 691 3535 lt.
717 3480 922 3547 caeduallam
940 3481 1049 3549 siguum
1075 3497 1148 3534 anno
1175 3485 1247 3535 1501.
1271 3477 1319 3533 ubi
1344 3495 1399 3532 non
1423 3478 1567 3549 impuritas
1590 3480 1712 3552 episcopi
1736 3484 1862 3538 vocantis
1883 3490 1911 3538 et

216 3569 355 3637 ediderit;
386 3566 415 3620 in
433 3582 504 3637 quae
523 3565 609 3620 verba
627 3564 667 3619 sic
685 3570 885 3619 commentatur
901 3565 1049 3637 Theophy-
1075 3564 1241 3628 ordinantis,
1277 3563 1326 3618 sed
1356 3563 1424 3617 ordo
1453 3563 1598 3620 ministerii
1629 3567 1832 3638 attendendus,
1864 3570 1910 3640 qui

214 3654 320 3708 lactus:
351 3653 384 3707 Si
407 3653 455 3706 illi
477 3651 663 3718 credidimus,
690 3651 863 3719 cuinullum
882 3653 1049 3706 miraculrsm
1075 3650 1151 3721 apud
1175 3650 1296 3720 impuros
1320 3655 1348 3704 et
1371 3649 1401 3703 in
1425 3649 1552 3704 doctrina
1569 3659 1712 3723 corruptos
1733 3669 1794 3710 esse
1811 3653 1909 3726 potitii,

134 3776 137 3781 -
178 3772 184 3807 ξ
215 3738 320 3805 edidit,
351 3737 458 3791 scilicet
489 3737 617 3791 Joliaum'
646 3737 810 3807 Baptistae,
841 3739 930 3791 multo
960 3740 1050 3809 usaqis
1076 3736 1148 3791 sicut
1171 3735 1237 3789 olim
1262 3734 1369 3789 scribae
1390 3739 1419 3788 et
1434 3733 1577 3790 Pharisaei
1596 3739 1625 3790 ia
1645 3740 1781 3794 cathedra
1801 3743 1909 3810 Moysis

215 3825 294 3891 buis,
324 3824 374 3892 qui
395 3830 451 3875 tam
469 3823 626 3890 praeclma
651 3823 742 3876 edidit
765 3823 917 3891 miracula,
944 3826 1051 3879 scilicet
1076 3823 1208 3876 sedebant
1221 3821 1319 3876 Matth.
1339 3825 1381 3885 23,
1400 3839 1426 3879 v.
1446 3827 1469 3877 3.
1500 3821 1735 3894 Distinguendum
1751 3827 1837 3898 igitur
1849 3844 1908 3900 pre·

215 3912 287 3965 Jesu
300 3910 458 3979 Nceareso,
487 3907 566 3962 Idem
584 3908 682 3963 statuit
693 3908 906 3979 chrysostomus
923 3909 996 3965 hom.
1008 3917 1050 3966 tt.
1075 3910 1176 3964 tiosum
1203 3924 1220 3961 a
1247 3907 1309 3975 vili,
1335 3906 1529 3963 substantialis
1548 3926 1566 3963 a
1585 3911 1691 3965 vitiosis
1709 3914 1908 3982 accidentibus,

216 3998 245 4050 in
262 3994 361 4050 Matth.
399 4000 423 4050 3.
442 3993 485 4048 De
505 3993 675 4048 Antichristo
692 3995 882 4064 praedictum,
907 3999 984 4064 quod
1000 3999 1049 4051 ad·
1076 3995 1200 4049 divinum
1225 3993 1260 4047 ab
1283 3993 1404 4047 humano
1428 4000 1481 4050 etc.
1523 3994 1632 4050 Deinde
1649 3997 1678 4051 in
1696 4016 1747 4053 suo
1765 4000 1909 4058 doctoratu

215 4089 311 4136 sadus
334 4082 395 4150 ejus
416 4085 533 4145 tuturus
554 4080 592 4132 sit
614 4081 766 4132 remaclum
786 4081 976 4148 operationem
997 4082 1049 4137 Sa·
1076 4097 1148 4136 anno
1168 4084 1243 4135 1511.
1262 4078 1307 4133 die
1325 4078 1434 4143 Lucae,
1456 4079 1504 4133 ubi
1521 4080 1622 4135 iterum
1640 4082 1783 4140 licentiam
1802 4089 1910 4160 accepit

215 4175 300 4221 tanae
323 4168 353 4220 iu
375 4169 450 4220 omui
467 4167 569 4220 virtute
587 4173 612 4218 et
629 4166 718 4234 sipuis
736 4173 761 4218 et
776 4167 921 4234 proclips'is
936 4172 1050 4222 meudo-
1076 4185 1163 4221 cauas
1189 4165 1348 4229 doctrinas,
1370 4167 1540 4233 peregrinas
1555 4175 1582 4221 et
1598 4169 1634 4221 ab
1653 4170 1771 4226 ecclesia
1792 4177 1908 4230 ἀαηιηα·

217 4255 293 4315 cibus
313 4259 336 4308 2.
354 4252 453 4307 'ihesu
472 4257 500 4321 2,
519 4270 544 4307 v.
565 4256 589 4306 9.
608 4256 703 4306 contra
721 4267 787 4305 vero
806 4251 840 4306 de
859 4252 913 4322 piis
933 4253 1050 4309 doctori·
1076 4264 1121 4308 tas
1140 4261 1166 4307 et
1183 4254 1302 4321 piarum
1320 4253 1430 4304 aurium
1448 4254 1598 4322 effectivas
1614 4273 1670 4310 sors
1689 4259 1908 4328 dogmatizandi,

217 4339 270 4395 bus
289 4338 456 4393 Antichristi
473 4336 638 4392 adversariis
657 4336 843 4406 praedictum,
864 4339 937 4409 quod
956 4340 1050 4411 gladio
1075 4347 1108 4394 ut
1126 4337 1249 4393 habebat
1267 4336 1386 4391 formula
1405 4337 1525 4393 solennis
1541 4341 1709 4410 juramenti,
1730 4346 1806 4415 quod
1825 4355 1854 4404 et
1869 4349 1907 4404 fa·

215 4424 293 4480 serhi
322 4424 464 4492 coelestis,
495 4440 550 4478 non
576 4430 669 4476 autem
695 4421 837 4478 miraculis
864 4431 960 4480 sonna
986 4443 1049 4492 eum
1075 4432 1184 4480 eturum
1203 4441 1233 4479 se
1247 4423 1367 4493 juravit,
1390 4422 1464 4478 unde
1482 4425 1518 4478 ad
1540 4425 1612 4480 hanc
1630 4426 1772 4484 solennem
1791 4434 1908 4489 vocatio·

215 4511 365 4581 pugnaturi
383 4510 446 4578 sint,
467 4527 494 4565 v.
513 4514 542 4564 8:
577 4509 655 4561 Tunc
674 4509 845 4563 revelabitur
862 4511 976 4580 iniquus
991 4513 1049 4582 ille,
1075 4529 1138 4567 nem
1163 4510 1338 4582 postmodum
1361 4509 1471 4580 saepius
1493 4512 1663 4581 provocavit.
1704 4514 1778 4572 Vide
1800 4524 1866 4573 tom.
1885 4526 1907 4576 1.

216 4614 295 4666 mem
325 4598 466 4650 Dominus
491 4596 576 4649 Jesus
603 4595 751 4663 interficiet
779 4597 883 4666 spiritu
910 4600 969 4652 oris
996 4601 1049 4664 sui,
1074 4597 1136 4652 len.
1160 4596 1207 4651 fol.
1235 4601 1293 4650 553.
1316 4601 1382 4650 tom.
1408 4595 1578 4654 5101191.
1615 4598 1697 4655 Certe
1716 4601 1745 4655 in
1763 4612 1907 4661 comment

215 4681 268 4739 hoc
293 4688 336 4736 est
360 4680 444 4736 verbo
464 4687 492 4735 et
510 4696 577 4733 voce
595 4679 732 4751 evangelii
750 4680 812 4735 Esa
833 4688 879 4751 ll,
898 4700 922 4739 v.
943 4691 969 4740 t.
1004 4686 1049 4740 De
1074 4682 1177 4737 Psalm.
1203 4686 1244 4737 st.
1270 4697 1342 4736 anno
1366 4687 1440 4738 1530.
1460 4688 1524 4737 tom.
1544 4691 1567 4738 5.
1588 4685 1650 4741 Jen.
1669 4685 1762 4744 Germ.
1781 4689 1829 4745 fol
1854 4698 1907 4747 151.

216 4769 335 4839 mystica
356 4767 512 4837 Babylone,
536 4765 589 4819 hoc
606 4773 649 4821 est
662 4766 826 4823 Antichristi
844 4785 945 4840 regno,
970 4787 1049 4841 prae·
1074 4767 1127 4822 fae.
1152 4766 1179 4820 b.
1207 4766 1243 4820 ad
1261 4768 1435 4822 vocationem
1453 4775 1481 4822 et
1502 4770 1675 4826 doctoratum
1695 4790 1776 4829 suum
1794 4778 1908 4833 solenni-

217 4854 335 4922 dictnm,
367 4853 442 4925 quod
474 4853 510 4906 ad
541 4869 636 4908 vocem
663 4853 801 4924 evangelii
825 4854 862 4908 sit
885 4855 1048 4927 collapsum.
1075 4861 1117 4908 ter
1138 4857 1278 4922 provocat.
1317 4852 1463 4923 Quidquid
1483 4857 1576 4926 incepi
1593 4858 1703 4929 (inquit)
1722 4877 1754 4912 eu
1767 4871 1908 4929 potestate

215 4941 304 5012 Apoc.
326 4947 365 5004 11,
385 4957 411 4998 v.
428 4945 459 4993 6:
494 4939 562 4992 Vidi
572 4939 701 5008 arpalum
712 4940 851 4994 uolantem
859 4958 915 5010 per
926 4944 1048 4997 medium
1072 4937 1215 5008 postitio
1238 4945 1263 4990 st
1287 4939 1468 5007 imperatoris
1492 4945 1591 4997 doctor
1616 4946 1782 5000 ordinarius
1801 4955 1828 5005 st
1842 4949 1909 5017 lepi-

216 5027 289 5081 coeli
312 5027 456 5080 labentem
481 5033 629 5090 aeteruum,
647 5026 834 5094 eoarspelium,
862 5034 893 5080 ut
910 5030 1049 5099 evaugeli-
1075 5024 1140 5079 time
1167 5032 1292 5088 uocatus,
1317 5035 1424 5096 oportet
1443 5045 1485 5081 me
1505 5047 1590 5099 capric
1611 5033 1651 5085 ad
1668 5040 1819 5087 extremum
1837 5037 1910 5089 edas

216 5121 292 5165 saret
318 5112 476 5166 sederstibus
502 5127 586 5180 super
610 5117 714 5163 terrum
734 5119 786 5165 etc.
827 5129 850 5164 v.
873 5116 901 5167 8:
926 5121 951 5166 ot
973 5111 1193 5177 alitis,lialitum
1213 5111 1311 5174 fateri.
1354 5113 1386 5166 ln
1409 5130 1480 5184 resp.
1499 5113 1536 5168 ad
1552 5114 1635 5172 edict.
1657 5117 1722 5188 imp.
1741 5134 1814 5175 anno
1835 5127 1909 5179 1531,

216 5199 333 5265 aspelus
352 5206 461 5251 scamus
479 5204 517 5249 cst
535 5198 644 5265 diceus,
664 5197 778 5265 cecidit,
799 5199 900 5251 cecidit
918 5199 1049 5268 Babylon
1074 5205 1140 5253 tom.
1167 5203 1190 5251 5.
1210 5196 1272 5251 Jan.
1293 5195 1384 5252 Germ.
1403 5198 1451 5256 fol.
1471 5205 1530 5255 302.
1548 5201 1601 5256 fae.
1621 5202 1648 5257 b.
1666 5204 1776 5270 scribit,
1801 5224 1831 5261 ss
1850 5227 1909 5263 cum

215 5301 327 5351 mapsa.
368 5282 430 5337 Non
454 5289 497 5338 est
513 5300 593 5354 ergo,
617 5282 692 5353 quod
709 5282 765 5337 alia
784 5283 916 5337 miracula
934 5302 952 5339 a
969 5276 1174 5341 nobisz'doctor
1200 5292 1358 5353 crearetur,
1387 5288 1417 5338 ia
1443 5305 1555 5341 sacram
1583 5288 1760 5361 Scripturam
1782 5295 1911 5366 jurasse,

215 5376 352 5441 quaerent
365 5369 512 5435 Pontificii,
530 5374 683 5440 agnoscant
700 5366 853 5423 efficaciam
872 5371 1048 5441 evangelicae
1060 5346 1063 5421 b
1075 5373 1153 5440 qrsod
1169 5387 1230 5424 eoos
1243 5371 1371 5438 fideliter
1389 5381 1414 5425 et
1429 5391 1502 5441 pure
1520 5376 1652 5429 docturus
1671 5378 1723 5447 sit,
1747 5384 1826 5447 quod
1844 5385 1911 5438 dum
