4004 6022
251 290 312 349 338
817 278 942 337 Locus
959 277 1165 336 wunolltus
1184 276 1384 336 SECUNDUS

249 435 443 505 expelluntur?
472 434 622 487 ⁸*Blasius
642 434 678 488 de
695 433 786 505 Viega
802 434 833 488 in
850 434 1048 503 cornmhpoc.
1061 438 1180 518 omnum
1210 432 1345 488 ccclesiae
1374 432 1550 504 splendorem
1581 438 1611 487 et
1639 431 1784 503 publicum
1812 431 1953 503 νάἰςὶοιιίν

248 521 468 593 persecutionem
485 519 617 575 ecclesiae
628 520 681 574 sub
693 520 868 575 Diocletiano
881 525 909 576 et
920 518 1088 574 Maximiano
1113 518 1237 574 sincerae
1266 519 1428 574 exercitium
1460 526 1529 574 tuno
1558 517 1730 589 daimon,
1767 517 1953 573 Bdlmminns

250 607 290 662 sic
316 605 459 661 describit:
490 605 604 660 Caelum
626 606 742 658 recessit
758 606 830 659 aaut
849 605 921 660 liber
939 605 1088 666 involutus,
1113 605 1161 659 lib.
1181 609 1204 660 3.
1225 604 1352 662 deltam.
1370 604 1468 676 pontif.
1488 621 1512 661 c.
1531 610 1562 659 t:
1582 603 1695 658 Certum
1712 611 1764 668 est,
1783 603 1954 658 Anticles-isti

250 693 284 746 ia
306 699 347 747 est
372 691 503 754 ecclesia,
527 707 599 760 quae
624 690 730 743 coelum
749 691 868 757 duitor,
893 705 953 744 sese
970 697 1089 760 propter
1112 691 1334 759 persecutionem
1354 691 1420 756 sors
1438 691 1635 760 marmaniam
1651 697 1678 744 et
1696 688 1891 758 notbmmass,
1914 690 1953 742 ita
1964 696 1992 736 ¹1

250 786 350 832 mnam
365 777 572 846 persecutionis
592 775 757 839 occultabat,
776 775 898 845 eccepm
911 776 1025 845 paucis
1041 775 1091 843 qui
1114 782 1144 828 ut
1169 784 1273 830 aaran
1296 794 1389 832 omnes
1409 777 1542 847 publicae
1566 775 1713 844 sclipionis
1736 777 1915 830 ceremonias
1930 783 1954 829 st

251 862 530 926 ardentissimoficlci
538 861 1090 930 erloinylammatisssemartyriooffere·
1114 862 1266 931 sacrificia.
1301 863 1338 918 Et
1355 867 1464 934 postea:
1485 863 1677 917 Anticbrs’stus
1695 862 1900 916 moesiam
1916 869 1955 915 est

251 951 332 1017 bant,
356 950 434 1016 quod
459 947 550 1014 mopis
578 946 750 1015 explicatur,
784 964 846 1000 cum
869 948 1013 1001 subditur:
1051 948 1091 1000 Et
1116 962 1222 1000 omnem
1241 948 1367 1002 &ornum
1383 948 1499 1010 murm,
1523 948 1620 1018 quiin
1634 947 1761 1002 &etesiis
1781 947 1955 1004 cinnano

252 1034 340 1089 omnm
358 1051 436 1087 mons
456 1039 481 1085 ct
499 1031 610 1084 innuas
627 1032 663 1084 de
679 1031 750 1085 loeis
760 1033 820 1086 suis
833 1041 1008 1101 maluerunt,
1026 1050 1091 1102 quo·
1115 1051 1179 1086 rum
1201 1051 1276 1087 nunc
1298 1041 1448 1089 maestes.
1490 1032 1669 1104 Stapletonus
1693 1032 1757 1090 libr.
1780 1037 1823 1091 te.
1840 1033 1954 1105 princip

251 1119 328 1172 niam
361 1119 391 1172 in
417 1118 535 1187 rupibus
562 1124 590 1170 et
616 1117 718 1170 insulis
746 1118 871 1188 locaque
896 1119 1092 1172 remotioribus
1116 1117 1205 1175 doctr.
1229 1135 1253 1173 c.
1273 1125 1301 1175 2:
1327 1118 1406 1173 Polli
1421 1135 1490 1173 sans
1502 1120 1609 1188 poterit
1628 1120 1659 1172 in
1677 1120 1823 1174 desem
1839 1119 1956 1174 soeluia

254 1205 412 1260 Christiani
429 1206 470 1257 acl
488 1210 603 1258 mortem
624 1205 823 1271 auarcbantur.
861 1205 990 1274 Denique
1002 1203 1092 1258 omnis
1116 1212 1249 1272 repnente
1263 1205 1440 1260 Antichristo
1458 1214 1484 1259 et
1503 1205 1555 1280 illo
1572 1213 1708 1260 momento
1719 1205 1858 1274 tenpora
1869 1205 1956 1258 inds-

252 1292 353 1346 aetatis
373 1298 399 1344 et
418 1289 589 1343 conditionis
607 1289 731 1343 homines
753 1290 782 1342 in
801 1290 925 1344 latebras
943 1298 970 1343 et
985 1290 1090 1342 suoter-
1115 1298 1197 1354 serto,
1213 1292 1248 1344 id
1265 1299 1305 1344 est
1322 1291 1352 1344 in
1372 1291 1442 1345 locis
1460 1292 1574 1359 abditis,
1592 1291 1623 1344 in
1641 1291 1795 1361 νμῑυνιοίν,
1814 1291 1846 1344 s'n
1858 1290 1955 1344 latibu

252 1395 342 1431 ranea
358 1385 452 1429 terrae
466 1375 529 1428 loca
542 1390 601 1427 sess
612 1382 685 1428 metu
694 1375 899 1444 persecutionis
912 1375 1090 1439 abdiderunt,
1114 1376 1160 1445 lis,
1179 1392 1235 1444 qua
1252 1378 1345 1430 sarsoti
1361 1393 1391 1430 se
1412 1377 1556 1446 recipsient,
1575 1395 1632 1431 non
1649 1377 1827 1431 incommode
1844 1392 1956 1446 quaere·

252 1465 286 1517 iol
312 1464 385 1516 enim
408 1462 570 1531 sipniyicant
589 1461 674 1514 cerba
692 1462 851 1530 sequentia:
886 1463 978 1530 Rapsa
996 1469 1091 1515 terrac
1115 1471 1161 1516 tur
1188 1463 1316 1518 ecclesia.
1358 1463 1529 1519 Rhemenses
1557 1463 1586 1516 in
1607 1468 1633 1519 2.
1650 1462 1748 1517 Thess.
1771 1467 1798 1518 2.
1824 1467 1892 1518 soce
1915 1468 1957 1517 lo:

252 1558 279 1604 et
301 1549 448 1618 principes
472 1555 500 1601 et
518 1547 625 1600 tribuni
642 1554 669 1599 et
688 1547 788 1600 dicim
806 1555 832 1600 st
848 1549 940 1611 fortes
959 1555 984 1600 ct
1003 1546 1092 1600 omnes
1115 1549 1210 1602 Paula
1236 1557 1300 1602 ants
1325 1550 1426 1604 mundi
1441 1551 1529 1619 finem
1554 1557 1684 1604 mornas
1707 1556 1801 1602 natm
1824 1550 1956 1604 aalma

251 1653 347 1690 seruus
373 1643 399 1688 et
422 1634 494 1687 liber
517 1633 721 1686 &scenderunt
744 1649 774 1686 sc
797 1634 828 1687 in
850 1632 993 1702 speluncis
1017 1640 1044 1686 et
1060 1632 1091 1685 in
1116 1636 1262 1689 Romanae
1279 1635 1398 1688 cessabit
1423 1642 1449 1691 et
1467 1635 1614 1703 publicum
1630 1634 1760 1699 fidelium
1777 1651 1843 1689 msa
1861 1635 1957 1688 eaden

248 1724 340 1793 para
358 1721 491 1775 montium
509 1726 535 1772 et
553 1719 650 1772 dicunt
669 1719 805 1772 montibus
822 1727 848 1772 et
865 1719 970 1788 petris:
990 1716 1091 1772 Codice
1117 1721 1309 1775 commercium
1343 1729 1369 1774 et
1402 1720 1560 1776 ἀποστασία
1585 1723 1696 1790 passim
1722 1729 1790 1775 tunc
1817 1721 1957 1785 obtinebit,

253 1826 339 1878 super
360 1824 411 1859 nos
433 1813 459 1858 et
483 1804 645 1858 ascondita
667 1822 718 1857 nos
737 1822 756 1857 a
770 1805 851 1870 facie
865 1805 989 1858 sedentis
1007 1820 1092 1872 super
1118 1815 1143 1860 et
1162 1815 1254 1877 wmen
1271 1815 1337 1861 tunc
1350 1807 1399 1876 pii
1418 1810 1504 1861 corde
1522 1816 1549 1861 et
1567 1808 1662 1862 animo
1680 1825 1742 1861 cum
1758 1824 1846 1878 papa
1864 1808 1957 1862 atto·

254 1896 397 1955 thronum,
415 1891 485 1961 quia
507 1890 635 1944 videlicet
655 1891 850 1944 existimabant
864 1891 976 1960 fideles,
994 1898 1092 1945 contm
1119 1910 1204 1946 mana
1229 1893 1347 1947 ecclesia
1372 1893 1621 1949 communicabunt.
1670 1893 1778 1958 Quodsi
1799 1910 1868 1966 ergo
1891 1899 1957 1948 tom·

255 1995 284 2032 rs
303 1981 397 2031 Deum
423 1985 449 2030 et
471 1994 574 2044 apicum
601 1992 660 2029 erse
678 1975 783 2029 iratum
800 1983 825 2029 ct
838 1985 993 2045 propterca
1011 1983 1093 2029 tauta
1118 1995 1186 2048 pore
1200 1978 1366 2034 Antichristi
1384 1978 1534 2034 cessabunt
1551 1997 1645 2036 omnes
1661 1979 1795 2050 publicae
1816 1979 1957 2052 religionis

255 2065 406 2118 mabitate
424 2063 549 2133 ipsorum
566 2062 675 2117 scelera
694 2063 890 2118 vindicare.**
929 2068 953 2118 3.
972 2062 1093 2118 Reddita
1119 2064 1305 2128 ceremoniae,
1331 2064 1452 2120 censebit
1474 2066 1558 2121 etiam
1583 2065 1726 2135 publicum
1751 2065 1880 2120 fidelium
1896 2081 1958 2119 cum

256 2150 390 2206 ecclesiae
407 2167 475 2220 pace
495 2148 547 2203 sub
567 2149 750 2204 Constantino
764 2147 868 2220 Magno
885 2153 913 2203 ct
930 2148 1093 2219 quiescenti·
1119 2149 1236 2204 ecclesie
1252 2150 1458 2218 commercium,
1483 2167 1534 2205 cur
1554 2150 1710 2220 disputant,
1731 2151 1880 2207 ecclesiam
1899 2167 1959 2206 esse

257 2237 309 2292 bus
326 2237 548 2307 persecutionum
566 2235 695 2306 procellis
715 2236 808 2291 variae
822 2236 957 2300 haereses,
975 2235 1093 2305 cumpri·
1119 2241 1253 2306 perpetuo
1277 2235 1413 2291 visibilem
1437 2242 1466 2290 ct
1490 2236 1646 2292 illustrem?
1681 2253 1732 2291 cur
1755 2236 1876 2292 irrident
1901 2253 1958 2303 nos,

256 2323 308 2378 mis
327 2340 392 2378 vero
408 2323 582 2377 Arianismus
603 2323 763 2393 cataclysmi
784 2322 873 2376 instar
891 2321 1035 2377 ecclesiam
1052 2320 1092 2374 in·
1120 2321 1231 2392 quando
1253 2321 1379 2386 dicimus,
1399 2322 1452 2376 sub
1469 2329 1576 2393 papatu
1592 2322 1694 2377 multos
1712 2321 1811 2378 fideles
1829 2324 1916 2379 corde
1931 2328 1959 2378 et

253 2410 326 2464 vasit
343 2425 375 2464 ac
395 2409 481 2464 densa
493 2409 614 2481 caligine
625 2409 741 2464 candem
754 2408 877 2464 involvit.
909 2407 1006 2461 Ariani
1020 2407 1092 2463 enim
1120 2407 1210 2463 animo
1223 2407 1374 2464 catholicae
1387 2408 1518 2464 ecclesiae
1530 2408 1755 2477 communicasse,
1772 2409 1842 2465 licet
1851 2409 1960 2463 nullum

254 2495 429 2578 occupabant
448 2495 527 2551 sedes
541 2495 719 2565 episcopales,
737 2495 886 2564 imperator
896 2510 959 2548 cum
973 2493 1093 2563 proceri·
1119 2493 1268 2549 habuerint
1290 2493 1433 2563 publicum
1460 2499 1489 2549 et
1506 2499 1648 2550 externum
1668 2510 1752 2549 verae
1768 2494 1913 2566 rdigiom
1933 2502 1961 2549 et

254 2581 307 2636 bus
335 2598 368 2636 ex
393 2587 472 2650 parte
497 2580 608 2634 illorum
625 2580 731 2647 stabat,
757 2579 928 2634 Athanasius
947 2597 1010 2635 cum
1026 2596 1093 2633 non·
1120 2577 1220 2633 sinceri
1246 2579 1337 2633 cultus
1367 2578 1454 2632 divini
1485 2578 1664 2634 namatium?
1705 2579 1896 2636 Heterendnm
1923 2580 1959 2634 ad

254 2665 338 2720 nullis
363 2665 426 2718 aliis
445 2665 649 2720 consessoribus
668 2665 697 2719 in
716 2665 830 2720 exilium
848 2665 1016 2735 pellebatur,
1042 2681 1094 2721 nec
1119 2664 1193 2720 hunc
1209 2665 1308 2733 locum,
1326 2664 1401 2735 qnod
1412 2663 1582 2721 Rhomensee
1594 2664 1623 2719 in
1635 2681 1660 2721 c.
1677 2670 1717 2721 12.
1728 2664 1959 2735 apostatentur,

193 2800 194 2803 ,
254 2750 396 2805 habebant
417 2750 561 2820 publicum
581 2756 610 2806 et
627 2751 744 2806 liberum
766 2751 907 2823 religionis
926 2751 1093 2820 exercitium,
1119 2751 1184 2814 ficri
1196 2766 1297 2821 posse,
1316 2758 1346 2804 ut
1364 2750 1483 2822 ecclmia
1500 2751 1656 2820 aliqnando
1674 2768 1731 2806 non
1748 2752 1853 2806 lsabsat
1865 2753 1960 2822 publi-

256 2837 306 2891 scd
334 2837 364 2890 in
391 2835 531 2905 speluncis
559 2852 593 2891 ac
618 2837 733 2892 desertis
752 2837 911 2904 latitabant,
939 2854 994 2909 qua
1011 2837 1047 2892 de
1064 2852 1094 2891 re
1121 2854 1183 2891 cum
1202 2837 1395 2905 splendorem,
1411 2837 1557 2906 publicum
1581 2822 1685 2892 'statum
1702 2845 1728 2891 et
1745 2837 1886 2906 repimss,
1912 2855 1962 2893 nso

257 2922 383 2991 superius
402 2922 508 2976 dictum
525 2921 586 2977 fuit.
622 2928 648 2979 4.
667 2923 804 2993 Tempore
825 2922 992 2978 dominantis
1010 2923 1038 2976 in
1050 2939 1093 2978 ec·
1120 2923 1212 2978 libera
1228 2930 1389 2991 sanctonum
1407 2939 1551 2977 munaum
1569 2922 1718 2991 eoacitsa5
1742 2922 1874 2994 quodque
1893 2922 1962 2978 Hm·

257 3008 341 3063 olesia
357 3007 520 3062 Antichristi
539 3007 667 3064 miseram
685 3008 746 3063 fore
765 3009 899 3064 ccclesiae
911 3007 1011 3065 faciem
1023 3008 1095 3064 Sori-
1121 3008 1215 3079 gorius
1238 3007 1273 3062 de
1298 3006 1408 3063 Valent.
1431 3007 1460 3062 in
1481 3007 1590 3078 analysi
1606 3026 1633 3079 p.
1656 3013 1713 3064 143.
1733 3007 1852 3078 samur,
1873 3012 1962 3065 ecch·

257 3101 357 3166 pturae
377 3110 471 3150 sacrae
490 3094 633 3149 evidenter
650 3099 802 3162 testantur,
823 3095 922 3151 ldatth
941 3100 989 3161 24,
1009 3113 1034 3150 r.
1054 3100 1094 3151 21.
1120 3094 1192 3147 siam
1210 3110 1347 3162 errorum,
1364 3093 1545 3148 schismatum
1558 3102 1584 3147 et
1591 3094 1818 3163 persecutionum
1825 3097 1963 3165 miles

259 3186 283 3236 2.
302 3179 399 3237 Thess,
418 3187 442 3244 2,
458 3198 482 3233 v.
503 3188 527 3236 9.
557 3180 662 3235 l.Tim.
676 3186 700 3245 4,
719 3199 744 3236 v.
760 3186 780 3236 1.
807 3181 894 3250 Apoc.
911 3186 950 3247 12,
967 3198 993 3239 v.
1006 3185 1094 3236 tcto.
1121 3181 1163 3234 ita
1181 3197 1265 3250 saepe
1283 3181 1431 3251 opitulum,
1447 3181 1965 3253 utabimperitioriburoisds'pnosci

257 3267 431 3339 Augustinus
459 3266 488 3319 in
511 3284 600 3322 enarr.
624 3266 726 3320 Psalm.
754 3273 783 3322 9:
809 3268 911 3320 Prima
935 3269 1096 3338 persecutio
1122 3274 1222 3336 queam
1247 3264 1352 3321 ibidem
1377 3284 1411 3322 ex
1427 3265 1535 3322 Hilario
1553 3271 1582 3323 ct
1601 3267 1772 3337 Hieronymo
1789 3269 1963 3339 pronuntiet,

258 3355 391 3407 ecclcsiae
404 3353 525 3406 violenta
538 3353 606 3420 fuit,
624 3370 686 3405 cunt
694 3353 960 3423 proscriptionibus,
978 3361 1095 3407 tormen·
1122 3353 1267 3406 scateam
1289 3371 1346 3406 non
1368 3370 1478 3422 semper
1501 3354 1532 3406 in
1554 3355 1633 3407 tectis
1659 3360 1686 3407 et
1704 3354 1840 3408 maiora·
1853 3370 1964 3426 pompa

257 3443 308 3508 tis,
334 3441 465 3494 caedibus
484 3437 642 3493 Christiani
666 3441 708 3492 ad
722 3441 895 3507 sucrificium
912 3447 1095 3508 soperclum,-
1122 3439 1326 3508 miserendum,
1348 3441 1400 3492 sed
1417 3440 1515 3507 potius
1541 3439 1571 3491 in
1589 3439 1748 3494 emtoribus
1767 3448 1793 3493 st
1809 3441 1963 3509 spelums

257 3527 350 3579 olona
369 3526 530 3593 persecutio
550 3525 739 3589 fraudulenta
767 3534 820 3596 est,
852 3542 925 3595 puae
948 3544 1021 3580 nunc
1040 3544 1096 3595 per
1122 3523 1179 3579 Cur
1204 3541 1272 3595 ergo
1297 3528 1362 3578 ante
1391 3523 1460 3578 haec
1486 3528 1612 3593 tempora
1637 3523 1781 3580 ecoleoiam
1799 3524 1829 3579 in
1849 3525 1964 3582 sublimi

208 3653 217 3661 .
257 3611 454 3679 hujuscemodi
483 3611 639 3664 haereticas
668 3620 693 3663 ct
716 3611 816 3678 salsos
840 3612 954 3678 fratres
984 3614 1096 3682 aptior,-
1122 3612 1188 3666 sede
1205 3609 1372 3681 episcopali,
1390 3609 1419 3664 in
1438 3608 1636 3679 amplitudine,
1654 3608 1683 3664 in
1703 3609 1816 3679 publico
1837 3609 1965 3668 sincerae

258 3697 343 3749 tertia
361 3703 487 3762 superest
501 3711 556 3764 per
574 3696 779 3750 Antichristum
798 3706 929 3762 ventura,
948 3716 1004 3768 qua
1024 3699 1096 3752 nibil
1121 3695 1336 3767 praedicationis
1356 3693 1508 3748 ministerio
1525 3700 1578 3749 etc.
1614 3695 1667 3750 sibi
1686 3711 1704 3750 a
1721 3694 1964 3752 uobismonstrari

259 3790 300 3834 est
314 3781 512 3849 perniciosius,
532 3781 663 3849 quoniam
681 3789 706 3835 st
724 3784 847 3836 uiolenta
865 3792 891 3836 et
905 3785 1094 3847 fraudulenta
1123 3781 1241 3852 petunt?
1273 3787 1297 3836 5.
1309 3780 1447 3851 idipsum
1467 3780 1568 3834 docent
1584 3785 1686 3850 patres,
1704 3796 1821 3851 quorum
1840 3783 1964 3837 testimo·

260 3868 329 3935 srit;
355 3868 411 3920 nim
433 3867 544 3919 babebit
563 3867 592 3920 in
611 3867 746 3936 imperio,
771 3869 867 3922 dolam
891 3870 921 3922 in
939 3870 1095 3924 miraculis.
1122 3868 1170 3922 nia
1198 3867 1335 3938 quaedam
1366 3865 1492 3935 superius
1520 3873 1586 3920 sunt
1612 3866 1748 3933 adducta,
1782 3866 1886 3938 quibus
1915 3869 1964 3924 sd·

259 3953 321 4008 Lib.
337 3959 376 4009 10.
396 3952 431 4008 de
451 3951 502 4007 civ.
518 3951 572 4007 Dei
591 3969 614 4006 c.
628 3958 651 4008 8.
671 3959 698 4009 et
711 3960 733 4009 9.
755 3953 830 4020 dicit,
849 3955 1019 4008 Antichristi
1032 3964 1096 4009 tem·
1119 3953 1265 4025 jungenda
1295 3959 1360 4008 sunt
1388 3951 1534 4022 sequentia
1559 3952 1723 4024 Hieronymi
1754 3951 1784 4006 in
1808 3969 1833 4007 c.
1858 3958 1882 4009 2.
1912 3953 1964 4010 So·

255 4056 328 4109 porc
348 4040 492 4095 diabolum
510 4040 673 4094 solvendum
696 4048 721 4093 et
745 4040 870 4109 proinde
888 4048 966 4094 tanto
986 4041 1096 4109 pravio-
1122 4039 1204 4110 phon.
1224 4039 1299 4094 circa
1317 4038 1413 4093 linem:
1434 4039 1479 4091 De
1496 4038 1618 4091 ecclesia
1635 4039 1745 4092 uidebar
1756 4039 1966 4107 primafrcnte

260 4145 318 4180 rem
335 4129 405 4194 scre
425 4125 506 4179 illam
524 4125 743 4194 persecutionem
764 4126 889 4180 omn-ibus
904 4127 1098 4195 praecedenti·
1123 4126 1327 4194 blasphemum,
1349 4124 1427 4192 puori
1451 4139 1486 4176 ea
1510 4123 1614 4186 fusura
1638 4124 1675 4176 sit
1699 4123 1777 4177 incia
1796 4132 1823 4178 et
1841 4127 1966 4194 desmta,

261 4215 319 4279 bris,
337 4219 441 4282 scranto
461 4211 605 4264 crudelius
619 4219 712 4282 potest
730 4211 860 4265 diabolus
872 4212 980 4264 saeuire
991 4213 1098 4266 solutus
1124 4220 1149 4265 et
1168 4212 1270 4265 bestiae
1288 4210 1410 4264 habitent
1422 4210 1451 4262 in
1464 4226 1506 4278 ca,
1518 4216 1653 4277 etpostea
1666 4210 1694 4263 ei
1706 4227 1767 4264 cum
1780 4211 1966 4266 inundatione

261 4316 345 4370 qaam
362 4299 476 4367 lipatus.
513 4296 724 4367 chrysostomus
744 4296 815 4350 hom.
834 4301 876 4352 rc.
897 4314 971 4365 oper.
989 4296 1097 4367 imperf.
1124 4299 1254 4352 dicatur.-
1273 4297 1354 4350 Haec
1372 4304 1414 4349 est
1431 4297 1530 4351 ciuitas
1547 4297 1631 4350 malis
1643 4298 1751 4366 dedita,
1768 4299 1966 4367 puaehabuat

264 4387 401 4455 Tempore
422 4383 592 4436 Antr'cbristi
605 4383 710 4452 fideles
733 4382 851 4436 latentes
875 4390 956 4435 crient
979 4383 1010 4435 in
1026 4384 1097 4437 locis
1125 4387 1154 4438 in
1172 4400 1230 4454 spe,
1248 4400 1319 4452 auae
1339 4383 1448 4435 dicebat
1466 4383 1496 4434 in
1514 4384 1600 4436 corde
1615 4399 1682 4436 suo:
1711 4384 1776 4454 Epo
1793 4402 1855 4438 mm
1869 4392 1896 4438 et
1908 4403 1967 4438 nos

260 4473 428 4542 quibusdam
444 4470 639 4523 semotioribus
660 4472 722 4523 Deo
742 4485 790 4522 eor
809 4469 993 4522 abscondente
1001 4471 1098 4539 potius
1125 4480 1165 4526 cst
1177 4477 1293 4541 praeter
1311 4485 1353 4522 me
1374 4469 1506 4538 amplius,
1527 4471 1665 4538 quomodo
1679 4472 1768 4538 sacta
1788 4478 1828 4525 est
1847 4472 1877 4524 in
1895 4473 1966 4525 soli·

261 4576 344 4628 quarn
363 4558 433 4620 Ioco,
451 4557 522 4608 aaut
540 4557 675 4625 scriptum
694 4563 748 4608 est:
770 4556 923 4608 abscondas
941 4555 970 4608 in
983 4557 1097 4609 abscon·
1123 4558 1249 4612 trutinam
1275 4571 1385 4625 pascua
1404 4555 1574 4609 bestiarum!
1602 4558 1654 4610 sed
1672 4557 1723 4627 qui
1739 4546 1968 4611 consideraoirit

260 4646 321 4698 dito
339 4643 433 4696 ascitus
449 4643 492 4695 tui
510 4661 529 4694 a
549 4641 759 4695 conturbatione
778 4641 925 4696 lominum.
962 4641 1097 4710 *tLyrs-
1124 4645 1201 4698 iliaci
1217 4641 1409 4717 apostolicum,
1428 4643 1458 4695 in
1472 4643 1663 4712 prodicitur:
1683 4643 1714 4696 in
1727 4643 1886 4698 mamis
1899 4652 1968 4698 tem·

260 4750 312 4787 nus
338 4732 367 4784 in
389 4747 486 4784 comm.
504 4729 608 4784 Psalm.
631 4735 687 4785 101.
707 4732 780 4799 part.
801 4735 824 4783 3.
843 4727 862 4784 f.
882 4734 940 4783 237.
959 4728 996 4783 C:
1018 4730 1097 4783 Tem·
1121 4730 1238 4800 poribus
1255 4729 1397 4782 inatobsmt
1415 4736 1542 4798 tempora
1554 4730 1681 4798 pessima
1700 4737 1726 4783 et
1743 4738 1823 4784 erunt
1840 4730 1969 4784 homines

256 4835 329 4887 pore
342 4815 512 4871 Anticlsristi
528 4823 608 4868 tanta
626 4815 679 4867 erit
691 4813 847 4881 tribulatio,
865 4815 942 4882 prcod
959 4814 1098 4868 videbitur
1124 4816 1170 4869 essi
1188 4821 1328 4882 ornantes,
1347 4816 1446 4884 avari,
1467 4823 1640 4885 arropantes,
1658 4816 1780 4885 superbi,
1800 4816 1970 4886 blasphemi,

261 4905 403 4975 otiantibus
426 4905 462 4956 de
486 4901 619 4969 ecclesia,
649 4902 725 4970 procl
750 4901 819 4960 siclos
842 4899 982 4953 catholica
1001 4901 1098 4954 debeat
1119 4901 1287 4970 parentibus
1300 4917 1356 4955 non
1369 4901 1535 4970 obedientes,
1552 4901 1668 4971 inprati,
1688 4902 1807 4971 sedwa,
1824 4901 1885 4957 sins
1898 4905 1970 4973 affe·

260 4992 386 5045 totaliter
403 4989 528 5053 deficere.
556 4985 591 5041 ln
609 4991 754 5042 comment.
775 4985 877 5041 Psalm.
898 4991 921 5041 9.
941 4984 960 5038 f.
983 4991 1039 5042 10⁰.
1060 4984 1095 5039 C:
1126 4989 1223 5052 ctione,
1241 4987 1301 5040 sine
1315 5003 1399 5057 pace,
1417 4992 1606 5055 commotores,
1622 4989 1848 5058 intemperantes,
1865 4991 1970 5044 mdc·

263 5076 413 5130 Sciendum
433 5082 486 5141 est,
514 5074 591 5142 quod
608 5078 687 5126 tanta
703 5074 805 5137 sutura
824 5080 863 5125 est
875 5072 1037 5142 personantia
1056 5088 1098 5125 ec·
1124 5075 1172 5140 lcs,
1192 5074 1259 5128 odio
1277 5073 1406 5131 babentes
1424 5075 1560 5128 bonorum
1567 5075 1743 5143 proditores,
1754 5075 1912 5140 temerarii,
1926 5076 1969 5129 in·

261 5162 363 5216 clasiae
387 5169 510 5231 tempore
529 5158 708 5226 antichristi,
730 5167 761 5212 ut
783 5160 914 5213 oisleatur
932 5160 1012 5212 Deice
1036 5174 1098 5212 eam
1120 5160 1196 5230 stati,
1213 5159 1389 5230 uoluptatum
1405 5158 1497 5230 maps's
1516 5164 1659 5213 amatores
1679 5177 1764 5230 auam
1782 5160 1849 5229 Dei,
1866 5161 1970 5215 baben·

261 5249 425 5316 descruissc,
444 5248 470 5300 si
483 5246 552 5316 fleri
564 5246 708 5316 posset.**
743 5244 803 5301 Nec
821 5244 1008 5314 possunthoc
1026 5243 1097 5298 Pon·
1125 5254 1166 5299 tes
1177 5247 1309 5313 famam
1324 5247 1457 5317 pietatis,
1484 5240 1611 5297 uirtutem
1631 5253 1724 5300 autcm
1743 5246 1807 5314 eius
1826 5247 1971 5314 denepca-

260 5331 338 5386 tificii
356 5350 467 5405 negare,
488 5333 551 5388 ideo
570 5331 688 5404 fingunt,
705 5329 1097 5386 Anticliristumnondumue-
1125 5341 1180 5397 tes,
1210 5348 1260 5388 nec
1288 5349 1345 5387 non
1371 5339 1399 5386 st
1427 5331 1478 5385 hoo
1504 5330 1582 5397 qstod
1605 5330 1635 5383 in
1659 5333 1805 5402 eoanpslio
1829 5334 1969 5400 scripum

261 5416 342 5469 aare.
378 5416 431 5472 Sed
455 5418 591 5490 quidquid
613 5420 650 5472 sit
678 5419 713 5473 dc
730 5424 868 5487 tempore,
892 5434 948 5488 quo
965 5423 1097 5473 venturus
1125 5421 1263 5488 est,auod
1273 5412 1928 5488 multiplicaminiquitutersfripeseatcaritas
1941 5428 1968 5474 et

261 5501 299 5556 sit
308 5500 505 5570 Antichristus,
524 5502 628 5559 sufficit
642 5503 730 5569 nobis,
749 5501 824 5574 quod
841 5503 996 5559 concedant
1007 5507 1096 5559 exter·
1126 5505 1285 5582 multorum,
1301 5506 1332 5559 in
1347 5510 1462 5569 tames,
1480 5507 1510 5555 ut
1529 5500 1560 5555 in
1573 5501 1757 5574 illotsmpore
1770 5506 1971 5576 coeptans:
