<?xml version="1.0" encoding="UTF-8"?>
<!DOCTYPE html PUBLIC "-//W3C//DTD XHTML 1.0 Transitional//EN"
    "http://www.w3.org/TR/xhtml1/DTD/xhtml1-transitional.dtd">
<html xmlns="http://www.w3.org/1999/xhtml" xml:lang="en" lang="en">
 <head>
  <title>
</title>
<meta http-equiv="Content-Type" content="text/html;charset=utf-8" />
  <meta name='ocr-system' content='tesseract 3.04.00' />
  <meta name='ocr-capabilities' content='ocr_page ocr_carea ocr_par ocr_line ocrx_word'/>
</head>
<body>
  <div class='ocr_page' id='page_1' title='image "./lta-11000/locitheologicit03gerhgoog/locitheologicit03gerhgoog_0464.png"; bbox 0 0 4004 6022; ppageno 0'>
   <div class='ocr_carea' id='block_1_1' title="bbox 855 318 1839 405">
    <p class='ocr_par' dir='ltr' id='par_1_1' title="bbox 855 318 1839 405">
     <span class='ocr_line' id='line_1_1' title="bbox 855 318 1839 405; baseline 0.011 -26"><span class='ocrx_word' id='word_1_1' title='bbox 855 322 908 379; x_wconf 85' lang='lat' dir='ltr'><strong>ua</strong></span> <span class='ocrx_word' id='word_1_2' title='bbox 927 318 1119 378; x_wconf 75' lang='lat' dir='ltr'><strong>accensu.</strong></span> <span class='ocrx_word' id='word_1_3' title='bbox 1695 400 1698 405; x_wconf 40' lang='grc'><strong>,</strong></span> <span class='ocrx_word' id='word_1_4' title='bbox 1779 330 1839 389; x_wconf 77' lang='lat' dir='ltr'><strong>sss</strong></span> 
     </span>
    </p>
   </div>
   <div class='ocr_carea' id='block_1_2' title="bbox 55 477 1950 4681">
    <p class='ocr_par' dir='ltr' id='par_1_2' title="bbox 55 477 1950 4681">
     <span class='ocr_line' id='line_1_2' title="bbox 143 477 1841 551; baseline 0 -17"><span class='ocrx_word' id='word_1_5' title='bbox 143 496 224 551; x_wconf 89' lang='lat' dir='ltr'><strong>quern</strong></span> <span class='ocrx_word' id='word_1_6' title='bbox 244 480 410 548; x_wconf 82' lang='lat' dir='ltr'><strong>ordinarent,</strong></span> <span class='ocrx_word' id='word_1_7' title='bbox 427 481 475 551; x_wconf 92' lang='lat' dir='ltr'><strong>qui</strong></span> <span class='ocrx_word' id='word_1_8' title='bbox 494 498 549 535; x_wconf 93' lang='lat' dir='ltr'><strong>non</strong></span> <span class='ocrx_word' id='word_1_9' title='bbox 565 482 713 550; x_wconf 87' lang='lat' dir='ltr'><strong>juraretin</strong></span> <span class='ocrx_word' id='word_1_10' title='bbox 728 480 892 551; x_wconf 73' lang='lat' dir='ltr'><strong>religionem</strong></span> <span class='ocrx_word' id='word_1_11' title='bbox 905 478 978 531; x_wconf 88' lang='lat' dir='ltr'><strong>Pon·</strong></span> <span class='ocrx_word' id='word_1_12' title='bbox 1007 479 1183 532; x_wconf 82' lang='lat' dir='ltr'><strong>concedimus</strong></span> <span class='ocrx_word' id='word_1_13' title='bbox 1209 479 1479 550; x_wconf 77' lang='lat' dir='ltr'><strong>consanguinitatem</strong></span> <span class='ocrx_word' id='word_1_14' title='bbox 1501 496 1564 532; x_wconf 92' lang='lat' dir='ltr'><strong>cum</strong></span> <span class='ocrx_word' id='word_1_15' title='bbox 1591 479 1639 532; x_wconf 87' lang='lat' dir='ltr'><strong>illa</strong></span> <span class='ocrx_word' id='word_1_16' title='bbox 1661 477 1777 549; x_wconf 85' lang='lat' dir='ltr'><strong>antiqua</strong></span> <span class='ocrx_word' id='word_1_17' title='bbox 1793 479 1841 535; x_wconf 86' lang='lat' dir='ltr'><strong>do·</strong></span> 
     </span>
     <span class='ocr_line' id='line_1_3' title="bbox 142 564 1841 638; baseline -0.001 -18"><span class='ocrx_word' id='word_1_18' title='bbox 142 564 270 628; x_wconf 86' lang='lat' dir='ltr'><strong>tificiam,</strong></span> <span class='ocrx_word' id='word_1_19' title='bbox 293 566 395 621; x_wconf 72' lang='lat' dir='ltr'><strong>stusua</strong></span> <span class='ocrx_word' id='word_1_20' title='bbox 414 566 500 638; x_wconf 90' lang='lat' dir='ltr'><strong>igitur</strong></span> <span class='ocrx_word' id='word_1_21' title='bbox 517 567 553 621; x_wconf 86' lang='lat' dir='ltr'><strong>ab</strong></span> <span class='ocrx_word' id='word_1_22' title='bbox 572 567 626 622; x_wconf 89' lang='lat' dir='ltr'><strong>illis</strong></span> <span class='ocrx_word' id='word_1_23' title='bbox 645 568 733 638; x_wconf 88' lang='lat' dir='ltr'><strong>petita</strong></span> <span class='ocrx_word' id='word_1_24' title='bbox 750 565 849 621; x_wconf 77' lang='lat' dir='ltr'><strong>fmsset</strong></span> <span class='ocrx_word' id='word_1_25' title='bbox 867 564 977 619; x_wconf 89' lang='lat' dir='ltr'><strong>ordina·</strong></span> <span class='ocrx_word' id='word_1_26' title='bbox 1005 565 1106 632; x_wconf 78' lang='lat' dir='ltr'><strong>ctrina,</strong></span> <span class='ocrx_word' id='word_1_27' title='bbox 1135 565 1179 619; x_wconf 85' lang='lat' dir='ltr'><strong>vel</strong></span> <span class='ocrx_word' id='word_1_28' title='bbox 1204 565 1277 637; x_wconf 89' lang='lat' dir='ltr'><strong>quod</strong></span> <span class='ocrx_word' id='word_1_29' title='bbox 1305 565 1378 618; x_wconf 92' lang='lat' dir='ltr'><strong>idem</strong></span> <span class='ocrx_word' id='word_1_30' title='bbox 1401 571 1454 632; x_wconf 89' lang='lat' dir='ltr'><strong>cst,</strong></span> <span class='ocrx_word' id='word_1_31' title='bbox 1480 564 1634 618; x_wconf 90' lang='lat' dir='ltr'><strong>doctrinam</strong></span> <span class='ocrx_word' id='word_1_32' title='bbox 1662 564 1841 635; x_wconf 85' lang='lat' dir='ltr'><strong>apostolicam</strong></span> 
     </span>
     <span class='ocr_line' id='line_1_4' title="bbox 143 642 1926 722; baseline 0.001 -18"><span class='ocrx_word' id='word_1_33' title='bbox 143 652 191 706; x_wconf 88' lang='lat' dir='ltr'><strong>tio.</strong></span> <span class='ocrx_word' id='word_1_34' title='bbox 227 651 289 705; x_wconf 88' lang='lat' dir='ltr'><strong>Hac</strong></span> <span class='ocrx_word' id='word_1_35' title='bbox 317 651 351 707; x_wconf 90' lang='lat' dir='ltr'><strong>de</strong></span> <span class='ocrx_word' id='word_1_36' title='bbox 385 669 415 707; x_wconf 91' lang='lat' dir='ltr'><strong>re</strong></span> <span class='ocrx_word' id='word_1_37' title='bbox 442 652 482 707; x_wconf 92' lang='lat' dir='ltr'><strong>sic</strong></span> <span class='ocrx_word' id='word_1_38' title='bbox 510 652 606 707; x_wconf 87' lang='lat' dir='ltr'><strong>scribit</strong></span> <span class='ocrx_word' id='word_1_39' title='bbox 632 652 772 708; x_wconf 89' lang='lat' dir='ltr'><strong>Luthcrus</strong></span> <span class='ocrx_word' id='word_1_40' title='bbox 798 652 825 706; x_wconf 90' lang='lat' dir='ltr'><strong>iu</strong></span> <span class='ocrx_word' id='word_1_41' title='bbox 854 649 977 705; x_wconf 75' lang='lat' dir='ltr'><strong>articulis</strong></span> <span class='ocrx_word' id='word_1_42' title='bbox 1005 665 1065 704; x_wconf 86' lang='lat' dir='ltr'><strong>esso</strong></span> <span class='ocrx_word' id='word_1_43' title='bbox 1087 668 1181 705; x_wconf 89' lang='lat' dir='ltr'><strong>veram</strong></span> <span class='ocrx_word' id='word_1_44' title='bbox 1204 655 1232 705; x_wconf 87' lang='lat' dir='ltr'><strong>et</strong></span> <span class='ocrx_word' id='word_1_45' title='bbox 1260 651 1399 722; x_wconf 89' lang='lat' dir='ltr'><strong>propriam</strong></span> <span class='ocrx_word' id='word_1_46' title='bbox 1425 651 1559 705; x_wconf 88' lang='lat' dir='ltr'><strong>ecclesiae</strong></span> <span class='ocrx_word' id='word_1_47' title='bbox 1582 656 1690 719; x_wconf 88' lang='lat' dir='ltr'><strong>notam,</strong></span> <span class='ocrx_word' id='word_1_48' title='bbox 1717 651 1747 704; x_wconf 91' lang='lat' dir='ltr'><strong>id</strong></span> <span class='ocrx_word' id='word_1_49' title='bbox 1766 650 1841 721; x_wconf 89' lang='lat' dir='ltr'><strong>quod</strong></span> <span class='ocrx_word' id='word_1_50' title='bbox 1918 642 1926 654; x_wconf 67' lang='grc'><strong>’</strong></span> 
     </span>
     <span class='ocr_line' id='line_1_5' title="bbox 142 736 1841 809; baseline -0.001 -15"><span class='ocrx_word' id='word_1_51' title='bbox 142 738 325 794; x_wconf 88' lang='lat' dir='ltr'><strong>Schmalcald.</strong></span> <span class='ocrx_word' id='word_1_52' title='bbox 352 745 403 793; x_wconf 85' lang='lat' dir='ltr'><strong>art</strong></span> <span class='ocrx_word' id='word_1_53' title='bbox 423 745 462 794; x_wconf 85' lang='lat'><strong>10.</strong></span> <span class='ocrx_word' id='word_1_54' title='bbox 490 757 515 809; x_wconf 88' lang='lat' dir='ltr'><strong>p.</strong></span> <span class='ocrx_word' id='word_1_55' title='bbox 537 746 566 795; x_wconf 83' lang='lat'><strong>3:</strong></span> <span class='ocrx_word' id='word_1_56' title='bbox 596 740 630 793; x_wconf 81' lang='lat' dir='ltr'><strong>Si</strong></span> <span class='ocrx_word' id='word_1_57' title='bbox 656 738 784 808; x_wconf 84' lang='lat' dir='ltr'><strong>episcopi</strong></span> <span class='ocrx_word' id='word_1_58' title='bbox 805 756 857 791; x_wconf 77' lang='lat' dir='ltr'><strong>sito</strong></span> <span class='ocrx_word' id='word_1_59' title='bbox 880 736 977 803; x_wconf 79' lang='lat' dir='ltr'><strong>officio</strong></span> <span class='ocrx_word' id='word_1_60' title='bbox 1004 736 1130 805; x_wconf 89' lang='lat' dir='ltr'><strong>superius</strong></span> <span class='ocrx_word' id='word_1_61' title='bbox 1149 738 1205 792; x_wconf 89' lang='lat' dir='ltr'><strong>late</strong></span> <span class='ocrx_word' id='word_1_62' title='bbox 1226 737 1445 791; x_wconf 87' lang='lat' dir='ltr'><strong>demonstratum</strong></span> <span class='ocrx_word' id='word_1_63' title='bbox 1463 737 1524 791; x_wconf 83' lang='lat' dir='ltr'><strong>fuit.</strong></span> <span class='ocrx_word' id='word_1_64' title='bbox 1561 738 1638 802; x_wconf 82' lang='lat' dir='ltr'><strong>Quae</strong></span> <span class='ocrx_word' id='word_1_65' title='bbox 1657 754 1722 792; x_wconf 86' lang='lat' dir='ltr'><strong>vero</strong></span> <span class='ocrx_word' id='word_1_66' title='bbox 1742 737 1778 790; x_wconf 93' lang='lat' dir='ltr'><strong>sit</strong></span> <span class='ocrx_word' id='word_1_67' title='bbox 1793 736 1841 792; x_wconf 81' lang='lat' dir='ltr'><strong>illa</strong></span> 
     </span>
     <span class='ocr_line' id='line_1_6' title="bbox 142 820 1841 893; baseline -0.001 -15"><span class='ocrx_word' id='word_1_68' title='bbox 142 833 217 879; x_wconf 83' lang='lat' dir='ltr'><strong>recte</strong></span> <span class='ocrx_word' id='word_1_69' title='bbox 241 827 427 893; x_wconf 68' lang='lat' dir='ltr'><strong>[preparentur</strong></span> <span class='ocrx_word' id='word_1_70' title='bbox 454 833 482 878; x_wconf 87' lang='lat' dir='ltr'><strong>et</strong></span> <span class='ocrx_word' id='word_1_71' title='bbox 509 841 606 878; x_wconf 76' lang='lat' dir='ltr'><strong>mnam</strong></span> <span class='ocrx_word' id='word_1_72' title='bbox 631 825 764 878; x_wconf 83' lang='lat' dir='ltr'><strong>ecclesiae</strong></span> <span class='ocrx_word' id='word_1_73' title='bbox 788 831 815 877; x_wconf 87' lang='lat' dir='ltr'><strong>et</strong></span> <span class='ocrx_word' id='word_1_74' title='bbox 839 822 979 891; x_wconf 83' lang='lat' dir='ltr'><strong>eoenpelii</strong></span> <span class='ocrx_word' id='word_1_75' title='bbox 1005 820 1130 875; x_wconf 80' lang='lat' dir='ltr'><strong>doctriua</strong></span> <span class='ocrx_word' id='word_1_76' title='bbox 1154 821 1321 892; x_wconf 87' lang='lat' dir='ltr'><strong>apostolica,</strong></span> <span class='ocrx_word' id='word_1_77' title='bbox 1347 840 1428 893; x_wconf 88' lang='lat' dir='ltr'><strong>quam</strong></span> <span class='ocrx_word' id='word_1_78' title='bbox 1447 823 1563 893; x_wconf 87' lang='lat' dir='ltr'><strong>antiqua</strong></span> <span class='ocrx_word' id='word_1_79' title='bbox 1582 823 1735 893; x_wconf 86' lang='lat' dir='ltr'><strong>apostolica</strong></span> <span class='ocrx_word' id='word_1_80' title='bbox 1754 822 1841 878; x_wconf 90' lang='lat' dir='ltr'><strong>eccle·</strong></span> 
     </span>
     <span class='ocr_line' id='line_1_7' title="bbox 141 906 1950 980; baseline 0 -16"><span class='ocrx_word' id='word_1_81' title='bbox 141 919 283 980; x_wconf 75' lang='lat' dir='ltr'><strong>perorent,</strong></span> <span class='ocrx_word' id='word_1_82' title='bbox 300 917 397 978; x_wconf 83' lang='lat' dir='ltr'><strong>posset</strong></span> <span class='ocrx_word' id='word_1_83' title='bbox 417 911 477 964; x_wconf 84' lang='lat' dir='ltr'><strong>iilis</strong></span> <span class='ocrx_word' id='word_1_84' title='bbox 493 911 604 965; x_wconf 83' lang='lat' dir='ltr'><strong>nonrine</strong></span> <span class='ocrx_word' id='word_1_85' title='bbox 622 911 751 964; x_wconf 83' lang='lat' dir='ltr'><strong>caritatis</strong></span> <span class='ocrx_word' id='word_1_86' title='bbox 771 917 797 962; x_wconf 89' lang='lat' dir='ltr'><strong>et</strong></span> <span class='ocrx_word' id='word_1_87' title='bbox 816 908 977 977; x_wconf 78' lang='lat' dir='ltr'><strong>tranquilli·</strong></span> <span class='ocrx_word' id='word_1_88' title='bbox 1004 907 1045 960; x_wconf 87' lang='lat' dir='ltr'><strong>sie</strong></span> <span class='ocrx_word' id='word_1_89' title='bbox 1066 913 1109 962; x_wconf 90' lang='lat' dir='ltr'><strong>est</strong></span> <span class='ocrx_word' id='word_1_90' title='bbox 1126 908 1267 978; x_wconf 86' lang='lat' dir='ltr'><strong>amplexa,</strong></span> <span class='ocrx_word' id='word_1_91' title='bbox 1290 927 1345 962; x_wconf 88' lang='lat' dir='ltr'><strong>non</strong></span> <span class='ocrx_word' id='word_1_92' title='bbox 1365 915 1456 980; x_wconf 88' lang='lat' dir='ltr'><strong>potest</strong></span> <span class='ocrx_word' id='word_1_93' title='bbox 1472 927 1523 963; x_wconf 90' lang='lat' dir='ltr'><strong>nec</strong></span> <span class='ocrx_word' id='word_1_94' title='bbox 1545 908 1629 964; x_wconf 89' lang='lat' dir='ltr'><strong>debet</strong></span> <span class='ocrx_word' id='word_1_95' title='bbox 1645 910 1703 979; x_wconf 86' lang='lat' dir='ltr'><strong>peti</strong></span> <span class='ocrx_word' id='word_1_96' title='bbox 1723 927 1756 963; x_wconf 86' lang='lat' dir='ltr'><strong>er</strong></span> <span class='ocrx_word' id='word_1_97' title='bbox 1775 909 1840 964; x_wconf 89' lang='lat' dir='ltr'><strong>scri·</strong></span> <span class='ocrx_word' id='word_1_98' title='bbox 1910 906 1912 911; x_wconf 71' lang='grc'>’</span> <span class='ocrx_word' id='word_1_99' title='bbox 1946 908 1950 915; x_wconf 52' lang='lat'><em>⁴</em></span> 
     </span>
     <span class='ocr_line' id='line_1_8' title="bbox 143 993 1840 1066; baseline 0 -16"><span class='ocrx_word' id='word_1_100' title='bbox 143 997 220 1061; x_wconf 86' lang='lat' dir='ltr'><strong>tetis,</strong></span> <span class='ocrx_word' id='word_1_101' title='bbox 239 1014 294 1049; x_wconf 84' lang='lat' dir='ltr'><strong>non</strong></span> <span class='ocrx_word' id='word_1_102' title='bbox 315 1012 348 1049; x_wconf 80' lang='lat' dir='ltr'><strong>ee</strong></span> <span class='ocrx_word' id='word_1_103' title='bbox 366 998 533 1050; x_wconf 72' lang='lat' dir='ltr'><strong>nmmsitete</strong></span> <span class='ocrx_word' id='word_1_104' title='bbox 548 997 689 1066; x_wconf 84' lang='lat' dir='ltr'><strong>permitti,</strong></span> <span class='ocrx_word' id='word_1_105' title='bbox 708 1004 739 1049; x_wconf 82' lang='lat' dir='ltr'><strong>at</strong></span> <span class='ocrx_word' id='word_1_106' title='bbox 756 1014 807 1049; x_wconf 87' lang='lat' dir='ltr'><strong>nos</strong></span> <span class='ocrx_word' id='word_1_107' title='bbox 825 1003 851 1048; x_wconf 86' lang='lat' dir='ltr'><strong>et</strong></span> <span class='ocrx_word' id='word_1_108' title='bbox 867 1002 977 1046; x_wconf 85' lang='lat' dir='ltr'><strong>nostroe</strong></span> <span class='ocrx_word' id='word_1_109' title='bbox 1005 993 1060 1062; x_wconf 87' lang='lat' dir='ltr'><strong>ptis</strong></span> <span class='ocrx_word' id='word_1_110' title='bbox 1075 1001 1201 1063; x_wconf 86' lang='lat' dir='ltr'><strong>patrum,</strong></span> <span class='ocrx_word' id='word_1_111' title='bbox 1221 993 1268 1064; x_wconf 91' lang='lat' dir='ltr'><strong>qui</strong></span> <span class='ocrx_word' id='word_1_112' title='bbox 1288 995 1486 1063; x_wconf 72' lang='lat' dir='ltr'><strong>posterioribus</strong></span> <span class='ocrx_word' id='word_1_113' title='bbox 1506 994 1606 1050; x_wconf 90' lang='lat' dir='ltr'><strong>seculis</strong></span> <span class='ocrx_word' id='word_1_114' title='bbox 1625 994 1766 1062; x_wconf 84' lang='lat' dir='ltr'><strong>vixerunt,</strong></span> <span class='ocrx_word' id='word_1_115' title='bbox 1788 997 1840 1050; x_wconf 88' lang='lat' dir='ltr'><strong>lroc</strong></span> 
     </span>
     <span class='ocr_line' id='line_1_9' title="bbox 143 1079 1839 1152; baseline -0.001 -16"><span class='ocrx_word' id='word_1_116' title='bbox 143 1084 354 1137; x_wconf 80' lang='lat' dir='ltr'><strong>concionatores</strong></span> <span class='ocrx_word' id='word_1_117' title='bbox 370 1082 538 1137; x_wconf 84' lang='lat' dir='ltr'><strong>ordinarent</strong></span> <span class='ocrx_word' id='word_1_118' title='bbox 555 1091 581 1135; x_wconf 89' lang='lat' dir='ltr'><strong>et</strong></span> <span class='ocrx_word' id='word_1_119' title='bbox 598 1084 805 1150; x_wconf 76' lang='lat' dir='ltr'><strong>confirmarent,</strong></span> <span class='ocrx_word' id='word_1_120' title='bbox 821 1082 978 1135; x_wconf 81' lang='lat' dir='ltr'><strong>bectomen</strong></span> <span class='ocrx_word' id='word_1_121' title='bbox 1004 1079 1076 1133; x_wconf 89' lang='lat' dir='ltr'><strong>euim</strong></span> <span class='ocrx_word' id='word_1_122' title='bbox 1099 1079 1180 1134; x_wconf 87' lang='lat' dir='ltr'><strong>valde</strong></span> <span class='ocrx_word' id='word_1_123' title='bbox 1204 1086 1412 1149; x_wconf 89' lang='lat' dir='ltr'><strong>praeposterum</strong></span> <span class='ocrx_word' id='word_1_124' title='bbox 1435 1079 1521 1147; x_wconf 76' lang='lat' dir='ltr'><strong>foret3</strong></span> <span class='ocrx_word' id='word_1_125' title='bbox 1546 1081 1595 1134; x_wconf 90' lang='lat' dir='ltr'><strong>scd</strong></span> <span class='ocrx_word' id='word_1_126' title='bbox 1620 1097 1653 1135; x_wconf 84' lang='lat' dir='ltr'><strong>ex</strong></span> <span class='ocrx_word' id='word_1_127' title='bbox 1674 1080 1740 1152; x_wconf 89' lang='lat' dir='ltr'><strong>ipsis</strong></span> <span class='ocrx_word' id='word_1_128' title='bbox 1758 1098 1839 1136; x_wconf 88' lang='lat' dir='ltr'><strong>evan·</strong></span> 
     </span>
     <span class='ocr_line' id='line_1_10' title="bbox 143 1164 1840 1238; baseline 0 -16"><span class='ocrx_word' id='word_1_129' title='bbox 143 1170 317 1235; x_wconf 85' lang='lat' dir='ltr'><strong>conditione,</strong></span> <span class='ocrx_word' id='word_1_130' title='bbox 345 1175 375 1220; x_wconf 85' lang='lat' dir='ltr'><strong>at</strong></span> <span class='ocrx_word' id='word_1_131' title='bbox 393 1175 593 1238; x_wconf 83' lang='lat' dir='ltr'><strong>reponerentur</strong></span> <span class='ocrx_word' id='word_1_132' title='bbox 609 1186 702 1222; x_wconf 88' lang='lat' dir='ltr'><strong>omncs</strong></span> <span class='ocrx_word' id='word_1_133' title='bbox 722 1169 834 1234; x_wconf 81' lang='lat' dir='ltr'><strong>terrae,</strong></span> <span class='ocrx_word' id='word_1_134' title='bbox 854 1166 976 1236; x_wconf 86' lang='lat' dir='ltr'><strong>praesti·</strong></span> <span class='ocrx_word' id='word_1_135' title='bbox 1004 1164 1167 1236; x_wconf 80' lang='lat' dir='ltr'><strong>gelistsrum</strong></span> <span class='ocrx_word' id='word_1_136' title='bbox 1183 1172 1212 1220; x_wconf 91' lang='lat' dir='ltr'><strong>et</strong></span> <span class='ocrx_word' id='word_1_137' title='bbox 1231 1165 1415 1235; x_wconf 87' lang='lat' dir='ltr'><strong>apostolorum</strong></span> <span class='ocrx_word' id='word_1_138' title='bbox 1434 1166 1543 1236; x_wconf 89' lang='lat' dir='ltr'><strong>scriptis</strong></span> <span class='ocrx_word' id='word_1_139' title='bbox 1560 1166 1640 1220; x_wconf 90' lang='lat' dir='ltr'><strong>unice</strong></span> <span class='ocrx_word' id='word_1_140' title='bbox 1659 1167 1788 1238; x_wconf 81' lang='lat' dir='ltr'><strong>cognosci</strong></span> <span class='ocrx_word' id='word_1_141' title='bbox 1806 1183 1840 1222; x_wconf 86' lang='lat' dir='ltr'><strong>ac</strong></span> 
     </span>
     <span class='ocr_line' id='line_1_11' title="bbox 143 1251 1840 1325; baseline 0 -17"><span class='ocrx_word' id='word_1_142' title='bbox 143 1256 215 1323; x_wconf 72' lang='lat' dir='ltr'><strong>pice,</strong></span> <span class='ocrx_word' id='word_1_143' title='bbox 237 1254 424 1308; x_wconf 81' lang='lat' dir='ltr'><strong>deliramento</strong></span> <span class='ocrx_word' id='word_1_144' title='bbox 443 1261 471 1306; x_wconf 92' lang='lat' dir='ltr'><strong>et</strong></span> <span class='ocrx_word' id='word_1_145' title='bbox 487 1254 873 1324; x_wconf 80' lang='lat' dir='ltr'><strong>spectrepempeeetlrns‘eoe.</strong></span> <span class='ocrx_word' id='word_1_146' title='bbox 904 1252 978 1316; x_wconf 81' lang='lat' dir='ltr'><strong>Quia</strong></span> <span class='ocrx_word' id='word_1_147' title='bbox 1004 1251 1060 1321; x_wconf 88' lang='lat' dir='ltr'><strong>peti</strong></span> <span class='ocrx_word' id='word_1_148' title='bbox 1085 1252 1182 1320; x_wconf 88' lang='lat' dir='ltr'><strong>debet,</strong></span> <span class='ocrx_word' id='word_1_149' title='bbox 1207 1251 1342 1322; x_wconf 80' lang='lat' dir='ltr'><strong>siquidem</strong></span> <span class='ocrx_word' id='word_1_150' title='bbox 1364 1253 1416 1307; x_wconf 91' lang='lat' dir='ltr'><strong>hoc</strong></span> <span class='ocrx_word' id='word_1_151' title='bbox 1440 1252 1495 1308; x_wconf 87' lang='lat' dir='ltr'><strong>tine</strong></span> <span class='ocrx_word' id='word_1_152' title='bbox 1515 1253 1649 1325; x_wconf 78' lang='lat' dir='ltr'><strong>singulari</strong></span> <span class='ocrx_word' id='word_1_153' title='bbox 1668 1253 1720 1306; x_wconf 89' lang='lat' dir='ltr'><strong>Dei</strong></span> <span class='ocrx_word' id='word_1_154' title='bbox 1739 1251 1840 1308; x_wconf 85' lang='lat' dir='ltr'><strong>benefi-</strong></span> 
     </span>
     <span class='ocr_line' id='line_1_12' title="bbox 143 1337 1836 1409; baseline 0.001 -16"><span class='ocrx_word' id='word_1_155' title='bbox 143 1357 274 1394; x_wconf 82' lang='lat' dir='ltr'><strong>sereneo</strong></span> <span class='ocrx_word' id='word_1_156' title='bbox 291 1346 356 1392; x_wconf 79' lang='lat' dir='ltr'><strong>sunt</strong></span> <span class='ocrx_word' id='word_1_157' title='bbox 373 1356 424 1391; x_wconf 89' lang='lat' dir='ltr'><strong>nec</strong></span> <span class='ocrx_word' id='word_1_158' title='bbox 440 1339 537 1392; x_wconf 75' lang='lat' dir='ltr'><strong>coirent</strong></span> <span class='ocrx_word' id='word_1_159' title='bbox 556 1355 614 1392; x_wconf 82' lang='lat' dir='ltr'><strong>esse</strong></span> <span class='ocrx_word' id='word_1_160' title='bbox 631 1341 692 1394; x_wconf 82' lang='lat' dir='ltr'><strong>veri</strong></span> <span class='ocrx_word' id='word_1_161' title='bbox 707 1339 840 1409; x_wconf 76' lang='lat' dir='ltr'><strong>episcopi,</strong></span> <span class='ocrx_word' id='word_1_162' title='bbox 861 1340 913 1392; x_wconf 80' lang='lat' dir='ltr'><strong>sert</strong></span> <span class='ocrx_word' id='word_1_163' title='bbox 927 1355 977 1407; x_wconf 88' lang='lat' dir='ltr'><strong>po·</strong></span> <span class='ocrx_word' id='word_1_164' title='bbox 1004 1337 1048 1391; x_wconf 93' lang='lat' dir='ltr'><strong>cio</strong></span> <span class='ocrx_word' id='word_1_165' title='bbox 1074 1344 1139 1391; x_wconf 88' lang='lat' dir='ltr'><strong>sunt</strong></span> <span class='ocrx_word' id='word_1_166' title='bbox 1156 1338 1290 1393; x_wconf 88' lang='lat' dir='ltr'><strong>ecclesiae</strong></span> <span class='ocrx_word' id='word_1_167' title='bbox 1308 1339 1411 1393; x_wconf 86' lang='lat' dir='ltr'><strong>tradita</strong></span> <span class='ocrx_word' id='word_1_168' title='bbox 1431 1340 1505 1393; x_wconf 90' lang='lat' dir='ltr'><strong>etin</strong></span> <span class='ocrx_word' id='word_1_169' title='bbox 1525 1357 1557 1394; x_wconf 86' lang='lat' dir='ltr'><strong>ea</strong></span> <span class='ocrx_word' id='word_1_170' title='bbox 1575 1340 1712 1395; x_wconf 85' lang='lat' dir='ltr'><strong>hactenus</strong></span> <span class='ocrx_word' id='word_1_171' title='bbox 1732 1355 1836 1394; x_wconf 71' lang='lat' dir='ltr'><strong>conseo</strong></span> 
     </span>
     <span class='ocr_line' id='line_1_13' title="bbox 142 1423 1838 1497; baseline -0.001 -16"><span class='ocrx_word' id='word_1_172' title='bbox 142 1427 217 1481; x_wconf 84' lang='lat' dir='ltr'><strong>litici</strong></span> <span class='ocrx_word' id='word_1_173' title='bbox 240 1428 376 1494; x_wconf 76' lang='lat' dir='ltr'><strong>dynastae</strong></span> <span class='ocrx_word' id='word_1_174' title='bbox 400 1442 435 1477; x_wconf 86' lang='lat' dir='ltr'><strong>oc</strong></span> <span class='ocrx_word' id='word_1_175' title='bbox 455 1424 617 1494; x_wconf 86' lang='lat' dir='ltr'><strong>principes,</strong></span> <span class='ocrx_word' id='word_1_176' title='bbox 642 1425 693 1494; x_wconf 71' lang='lat' dir='ltr'><strong>qai</strong></span> <span class='ocrx_word' id='word_1_177' title='bbox 708 1442 758 1478; x_wconf 87' lang='lat' dir='ltr'><strong>nec</strong></span> <span class='ocrx_word' id='word_1_178' title='bbox 777 1424 977 1478; x_wconf 84' lang='lat' dir='ltr'><strong>concionantur</strong></span> <span class='ocrx_word' id='word_1_179' title='bbox 1004 1430 1076 1478; x_wconf 84' lang='lat' dir='ltr'><strong>vata.</strong></span> <span class='ocrx_word' id='word_1_180' title='bbox 1113 1423 1141 1478; x_wconf 87' lang='lat' dir='ltr'><strong>Si</strong></span> <span class='ocrx_word' id='word_1_181' title='bbox 1160 1441 1226 1479; x_wconf 85' lang='lat' dir='ltr'><strong>vero</strong></span> <span class='ocrx_word' id='word_1_182' title='bbox 1245 1442 1295 1494; x_wconf 91' lang='lat' dir='ltr'><strong>per</strong></span> <span class='ocrx_word' id='word_1_183' title='bbox 1313 1426 1466 1480; x_wconf 80' lang='lat' dir='ltr'><strong>doctrinam</strong></span> <span class='ocrx_word' id='word_1_184' title='bbox 1486 1431 1514 1480; x_wconf 91' lang='lat' dir='ltr'><strong>et</strong></span> <span class='ocrx_word' id='word_1_185' title='bbox 1532 1425 1674 1480; x_wconf 85' lang='lat' dir='ltr'><strong>ecclesiam</strong></span> <span class='ocrx_word' id='word_1_186' title='bbox 1696 1425 1838 1497; x_wconf 88' lang='lat' dir='ltr'><strong>antiquam</strong></span> 
     </span>
     <span class='ocr_line' id='line_1_14' title="bbox 143 1509 1836 1582; baseline -0.001 -16"><span class='ocrx_word' id='word_1_187' title='bbox 143 1522 169 1566; x_wconf 88' lang='lat' dir='ltr'><strong>et</strong></span> <span class='ocrx_word' id='word_1_188' title='bbox 188 1514 296 1575; x_wconf 83' lang='lat' dir='ltr'><strong>docent,</strong></span> <span class='ocrx_word' id='word_1_189' title='bbox 321 1528 370 1564; x_wconf 85' lang='lat' dir='ltr'><strong>nec</strong></span> <span class='ocrx_word' id='word_1_190' title='bbox 389 1512 545 1579; x_wconf 75' lang='lat' dir='ltr'><strong>baptisans,</strong></span> <span class='ocrx_word' id='word_1_191' title='bbox 564 1527 614 1563; x_wconf 89' lang='lat' dir='ltr'><strong>nec</strong></span> <span class='ocrx_word' id='word_1_192' title='bbox 633 1528 748 1564; x_wconf 87' lang='lat' dir='ltr'><strong>coenam</strong></span> <span class='ocrx_word' id='word_1_193' title='bbox 769 1509 976 1575; x_wconf 61' lang='lat' dir='ltr'><strong>administrent,</strong></span> <span class='ocrx_word' id='word_1_194' title='bbox 1003 1509 1174 1581; x_wconf 89' lang='lat' dir='ltr'><strong>intelligatur</strong></span> <span class='ocrx_word' id='word_1_195' title='bbox 1186 1528 1227 1576; x_wconf 87' lang='lat' dir='ltr'><strong>es,</strong></span> <span class='ocrx_word' id='word_1_196' title='bbox 1246 1528 1316 1580; x_wconf 88' lang='lat' dir='ltr'><strong>qnae</strong></span> <span class='ocrx_word' id='word_1_197' title='bbox 1328 1517 1391 1580; x_wconf 89' lang='lat' dir='ltr'><strong>post</strong></span> <span class='ocrx_word' id='word_1_198' title='bbox 1404 1510 1592 1580; x_wconf 88' lang='lat' dir='ltr'><strong>apostolorum</strong></span> <span class='ocrx_word' id='word_1_199' title='bbox 1603 1509 1836 1582; x_wconf 85' lang='lat' dir='ltr'><strong>temporaviguit,</strong></span> 
     </span>
     <span class='ocr_line' id='line_1_15' title="bbox 142 1594 1836 1666; baseline 0.001 -16"><span class='ocrx_word' id='word_1_200' title='bbox 142 1615 192 1651; x_wconf 84' lang='lat' dir='ltr'><strong>nec</strong></span> <span class='ocrx_word' id='word_1_201' title='bbox 210 1598 299 1650; x_wconf 78' lang='lat' dir='ltr'><strong>ssttsm</strong></span> <span class='ocrx_word' id='word_1_202' title='bbox 319 1615 390 1666; x_wconf 76' lang='lat' dir='ltr'><strong>epae</strong></span> <span class='ocrx_word' id='word_1_203' title='bbox 409 1604 434 1650; x_wconf 85' lang='lat' dir='ltr'><strong>et</strong></span> <span class='ocrx_word' id='word_1_204' title='bbox 454 1597 581 1660; x_wconf 69' lang='lat' dir='ltr'><strong>officinm</strong></span> <span class='ocrx_word' id='word_1_205' title='bbox 600 1596 736 1649; x_wconf 87' lang='lat' dir='ltr'><strong>eeclesiae</strong></span> <span class='ocrx_word' id='word_1_206' title='bbox 750 1604 908 1664; x_wconf 77' lang='lat' dir='ltr'><strong>praestant,</strong></span> <span class='ocrx_word' id='word_1_207' title='bbox 926 1597 978 1648; x_wconf 81' lang='lat' dir='ltr'><strong>sed</strong></span> <span class='ocrx_word' id='word_1_208' title='bbox 1003 1594 1198 1666; x_wconf 84' lang='lat' dir='ltr'><strong>distinguimus</strong></span> <span class='ocrx_word' id='word_1_209' title='bbox 1219 1595 1351 1651; x_wconf 89' lang='lat' dir='ltr'><strong>ccclesiae</strong></span> <span class='ocrx_word' id='word_1_210' title='bbox 1369 1602 1500 1666; x_wconf 89' lang='lat' dir='ltr'><strong>tempora.</strong></span> <span class='ocrx_word' id='word_1_211' title='bbox 1537 1598 1669 1660; x_wconf 81' lang='lat' dir='ltr'><strong>Quamvis</strong></span> <span class='ocrx_word' id='word_1_212' title='bbox 1689 1597 1761 1652; x_wconf 88' lang='lat' dir='ltr'><strong>enim</strong></span> <span class='ocrx_word' id='word_1_213' title='bbox 1780 1614 1836 1651; x_wconf 88' lang='lat' dir='ltr'><strong>non</strong></span> 
     </span>
     <span class='ocr_line' id='line_1_16' title="bbox 143 1682 1836 1753; baseline 0 -15"><span class='ocrx_word' id='word_1_214' title='bbox 143 1703 204 1748; x_wconf 85' lang='lat' dir='ltr'><strong>cos,</strong></span> <span class='ocrx_word' id='word_1_215' title='bbox 228 1685 279 1753; x_wconf 73' lang='lat' dir='ltr'><strong>gui</strong></span> <span class='ocrx_word' id='word_1_216' title='bbox 294 1685 387 1738; x_wconf 66' lang='lat' dir='ltr'><strong>coemi</strong></span> <span class='ocrx_word' id='word_1_217' title='bbox 404 1702 504 1736; x_wconf 75' lang='lat' dir='ltr'><strong>murres</strong></span> <span class='ocrx_word' id='word_1_218' title='bbox 522 1684 599 1737; x_wconf 73' lang='lat' dir='ltr'><strong>ittet</strong></span> <span class='ocrx_word' id='word_1_219' title='bbox 616 1684 745 1745; x_wconf 75' lang='lat' dir='ltr'><strong>subeant,</strong></span> <span class='ocrx_word' id='word_1_220' title='bbox 769 1690 977 1751; x_wconf 72' lang='lat' dir='ltr'><strong>persequantur</strong></span> <span class='ocrx_word' id='word_1_221' title='bbox 1003 1682 1055 1734; x_wconf 80' lang='lat' dir='ltr'><strong>diss</strong></span> <span class='ocrx_word' id='word_1_222' title='bbox 1062 1690 1128 1750; x_wconf 84' lang='lat' dir='ltr'><strong>post</strong></span> <span class='ocrx_word' id='word_1_223' title='bbox 1140 1683 1333 1750; x_wconf 82' lang='lat' dir='ltr'><strong>apostolorum</strong></span> <span class='ocrx_word' id='word_1_224' title='bbox 1343 1691 1469 1752; x_wconf 88' lang='lat' dir='ltr'><strong>tempora</strong></span> <span class='ocrx_word' id='word_1_225' title='bbox 1479 1684 1595 1736; x_wconf 84' lang='lat' dir='ltr'><strong>ecclesia</strong></span> <span class='ocrx_word' id='word_1_226' title='bbox 1605 1685 1739 1737; x_wconf 83' lang='lat' dir='ltr'><strong>manserit</strong></span> <span class='ocrx_word' id='word_1_227' title='bbox 1747 1685 1836 1753; x_wconf 75' lang='lat' dir='ltr'><strong>vireo,</strong></span> 
     </span>
     <span class='ocr_line' id='line_1_17' title="bbox 142 1766 1835 1840; baseline 0 -17"><span class='ocrx_word' id='word_1_228' title='bbox 142 1779 169 1824; x_wconf 89' lang='lat' dir='ltr'><strong>et</strong></span> <span class='ocrx_word' id='word_1_229' title='bbox 183 1773 377 1837; x_wconf 68' lang='lat' dir='ltr'><strong>sorduerant,</strong></span> <span class='ocrx_word' id='word_1_230' title='bbox 392 1771 525 1839; x_wconf 83' lang='lat' dir='ltr'><strong>profecto</strong></span> <span class='ocrx_word' id='word_1_231' title='bbox 543 1769 669 1837; x_wconf 78' lang='lat' dir='ltr'><strong>ipsomsm</strong></span> <span class='ocrx_word' id='word_1_232' title='bbox 687 1770 771 1838; x_wconf 83' lang='lat' dir='ltr'><strong>culpe</strong></span> <span class='ocrx_word' id='word_1_233' title='bbox 790 1768 907 1821; x_wconf 86' lang='lat' dir='ltr'><strong>ecclesie</strong></span> <span class='ocrx_word' id='word_1_234' title='bbox 920 1785 976 1820; x_wconf 90' lang='lat' dir='ltr'><strong>non</strong></span> <span class='ocrx_word' id='word_1_235' title='bbox 1002 1771 1072 1821; x_wconf 86' lang='lat' dir='ltr'><strong>teste</strong></span> <span class='ocrx_word' id='word_1_236' title='bbox 1090 1766 1250 1838; x_wconf 86' lang='lat' dir='ltr'><strong>Hegeaippo</strong></span> <span class='ocrx_word' id='word_1_237' title='bbox 1270 1769 1345 1838; x_wconf 89' lang='lat' dir='ltr'><strong>apud</strong></span> <span class='ocrx_word' id='word_1_238' title='bbox 1363 1768 1465 1824; x_wconf 82' lang='lat' dir='ltr'><strong>Euseb.</strong></span> <span class='ocrx_word' id='word_1_239' title='bbox 1484 1768 1533 1826; x_wconf 87' lang='lat' dir='ltr'><strong>lib.</strong></span> <span class='ocrx_word' id='word_1_240' title='bbox 1552 1775 1576 1823; x_wconf 82' lang='grc'><strong>4.</strong></span> <span class='ocrx_word' id='word_1_241' title='bbox 1596 1786 1620 1826; x_wconf 92' lang='lat' dir='ltr'><strong>c.</strong></span> <span class='ocrx_word' id='word_1_242' title='bbox 1638 1775 1681 1824; x_wconf 79' lang='grc'><strong>22.</strong></span> <span class='ocrx_word' id='word_1_243' title='bbox 1699 1768 1835 1840; x_wconf 87' lang='lat' dir='ltr'><strong>siquidem</strong></span> 
     </span>
     <span class='ocr_line' id='line_1_18' title="bbox 143 1851 1838 1926; baseline 0.001 -17"><span class='ocrx_word' id='word_1_244' title='bbox 143 1866 184 1910; x_wconf 84' lang='lat' dir='ltr'><strong>est</strong></span> <span class='ocrx_word' id='word_1_245' title='bbox 208 1857 379 1918; x_wconf 81' lang='lat' dir='ltr'><strong>deserenda,</strong></span> <span class='ocrx_word' id='word_1_246' title='bbox 409 1871 459 1909; x_wconf 86' lang='lat' dir='ltr'><strong>nec</strong></span> <span class='ocrx_word' id='word_1_247' title='bbox 480 1855 615 1907; x_wconf 80' lang='lat' dir='ltr'><strong>ministris</strong></span> <span class='ocrx_word' id='word_1_248' title='bbox 640 1855 795 1924; x_wconf 62' lang='lat' dir='ltr'><strong>nuntiando</strong></span> <span class='ocrx_word' id='word_1_249' title='bbox 816 1861 863 1906; x_wconf 91' lang='lat' dir='ltr'><strong>cst.</strong></span> <span class='ocrx_word' id='word_1_250' title='bbox 902 1855 976 1914; x_wconf 74' lang='lat' dir='ltr'><strong>ttae·</strong></span> <span class='ocrx_word' id='word_1_251' title='bbox 1003 1851 1111 1907; x_wconf 82' lang='lat' dir='ltr'><strong>zizania</strong></span> <span class='ocrx_word' id='word_1_252' title='bbox 1146 1858 1327 1908; x_wconf 86' lang='lat' dir='ltr'><strong>humanarum</strong></span> <span class='ocrx_word' id='word_1_253' title='bbox 1358 1854 1519 1924; x_wconf 90' lang='lat' dir='ltr'><strong>opinionum</strong></span> <span class='ocrx_word' id='word_1_254' title='bbox 1550 1855 1578 1908; x_wconf 92' lang='lat' dir='ltr'><strong>in</strong></span> <span class='ocrx_word' id='word_1_255' title='bbox 1606 1873 1674 1926; x_wconf 86' lang='lat' dir='ltr'><strong>agro</strong></span> <span class='ocrx_word' id='word_1_256' title='bbox 1704 1855 1838 1911; x_wconf 88' lang='lat' dir='ltr'><strong>ecclcsiae</strong></span> 
     </span>
     <span class='ocr_line' id='line_1_19' title="bbox 138 1940 1838 2016; baseline 0 -20"><span class='ocrx_word' id='word_1_257' title='bbox 138 1950 260 2012; x_wconf 85' lang='lat' dir='ltr'><strong>propter</strong></span> <span class='ocrx_word' id='word_1_258' title='bbox 287 1942 359 1996; x_wconf 76' lang='lat' dir='ltr'><strong>aieret</strong></span> <span class='ocrx_word' id='word_1_259' title='bbox 386 1948 481 1994; x_wconf 84' lang='lat' dir='ltr'><strong>cetera</strong></span> <span class='ocrx_word' id='word_1_260' title='bbox 507 1941 634 2010; x_wconf 68' lang='lat' dir='ltr'><strong>encomio</strong></span> <span class='ocrx_word' id='word_1_261' title='bbox 660 1940 794 1994; x_wconf 77' lang='lat' dir='ltr'><strong>ecciesiae</strong></span> <span class='ocrx_word' id='word_1_262' title='bbox 818 1947 843 1992; x_wconf 89' lang='lat' dir='ltr'><strong>ct</strong></span> <span class='ocrx_word' id='word_1_263' title='bbox 859 1946 976 2007; x_wconf 81' lang='lat' dir='ltr'><strong>petrum</strong></span> <span class='ocrx_word' id='word_1_264' title='bbox 1004 1956 1058 1993; x_wconf 90' lang='lat' dir='ltr'><strong>una</strong></span> <span class='ocrx_word' id='word_1_265' title='bbox 1073 1956 1137 2016; x_wconf 89' lang='lat' dir='ltr'><strong>cum</strong></span> <span class='ocrx_word' id='word_1_266' title='bbox 1155 1947 1249 2011; x_wconf 86' lang='lat' dir='ltr'><strong>segete</strong></span> <span class='ocrx_word' id='word_1_267' title='bbox 1268 1940 1410 1995; x_wconf 90' lang='lat' dir='ltr'><strong>doctrinae</strong></span> <span class='ocrx_word' id='word_1_268' title='bbox 1428 1942 1605 2013; x_wconf 85' lang='lat' dir='ltr'><strong>evangelicae</strong></span> <span class='ocrx_word' id='word_1_269' title='bbox 1620 1942 1715 1996; x_wconf 89' lang='lat' dir='ltr'><strong>statim</strong></span> <span class='ocrx_word' id='word_1_270' title='bbox 1728 1941 1838 2012; x_wconf 88' lang='lat' dir='ltr'><strong>prodire</strong></span> 
     </span>
     <span class='ocr_line' id='line_1_20' title="bbox 143 2026 1838 2098; baseline 0.001 -16"><span class='ocrx_word' id='word_1_271' title='bbox 143 2041 193 2082; x_wconf 77' lang='lat' dir='ltr'><strong>rios</strong></span> <span class='ocrx_word' id='word_1_272' title='bbox 217 2030 330 2094; x_wconf 84' lang='lat' dir='ltr'><strong>docent,</strong></span> <span class='ocrx_word' id='word_1_273' title='bbox 354 2028 472 2080; x_wconf 84' lang='lat' dir='ltr'><strong>idoneos</strong></span> <span class='ocrx_word' id='word_1_274' title='bbox 490 2029 532 2080; x_wconf 86' lang='lat' dir='ltr'><strong>ad</strong></span> <span class='ocrx_word' id='word_1_275' title='bbox 551 2027 603 2079; x_wconf 80' lang='lat' dir='ltr'><strong>boc</strong></span> <span class='ocrx_word' id='word_1_276' title='bbox 621 2027 746 2095; x_wconf 79' lang='lat' dir='ltr'><strong>officinm</strong></span> <span class='ocrx_word' id='word_1_277' title='bbox 766 2027 823 2095; x_wconf 88' lang='lat' dir='ltr'><strong>ipsi</strong></span> <span class='ocrx_word' id='word_1_278' title='bbox 842 2026 977 2078; x_wconf 80' lang='lat' dir='ltr'><strong>ordinere</strong></span> <span class='ocrx_word' id='word_1_279' title='bbox 1003 2030 1160 2095; x_wconf 83' lang='lat' dir='ltr'><strong>coeperunt,</strong></span> <span class='ocrx_word' id='word_1_280' title='bbox 1180 2031 1272 2081; x_wconf 82' lang='lat' dir='ltr'><strong>tamen</strong></span> <span class='ocrx_word' id='word_1_281' title='bbox 1288 2027 1409 2080; x_wconf 88' lang='lat' dir='ltr'><strong>nondum</strong></span> <span class='ocrx_word' id='word_1_282' title='bbox 1426 2042 1460 2081; x_wconf 90' lang='lat' dir='ltr'><strong>ea</strong></span> <span class='ocrx_word' id='word_1_283' title='bbox 1471 2026 1525 2082; x_wconf 90' lang='lat' dir='ltr'><strong>fuit</strong></span> <span class='ocrx_word' id='word_1_284' title='bbox 1536 2028 1678 2083; x_wconf 87' lang='lat' dir='ltr'><strong>doctrinae</strong></span> <span class='ocrx_word' id='word_1_285' title='bbox 1690 2026 1838 2098; x_wconf 83' lang='lat' dir='ltr'><strong>corruptio,</strong></span> 
     </span>
     <span class='ocr_line' id='line_1_21' title="bbox 144 2110 1840 2184; baseline 0.001 -15"><span class='ocrx_word' id='word_1_286' title='bbox 144 2117 273 2169; x_wconf 68' lang='lat' dir='ltr'><strong>debeam</strong></span> <span class='ocrx_word' id='word_1_287' title='bbox 303 2121 329 2167; x_wconf 89' lang='lat' dir='ltr'><strong>et</strong></span> <span class='ocrx_word' id='word_1_288' title='bbox 360 2114 499 2182; x_wconf 75' lang='lat' dir='ltr'><strong>volamus,</strong></span> <span class='ocrx_word' id='word_1_289' title='bbox 533 2122 558 2167; x_wconf 91' lang='lat' dir='ltr'><strong>et</strong></span> <span class='ocrx_word' id='word_1_290' title='bbox 583 2114 634 2167; x_wconf 80' lang='lat' dir='ltr'><strong>boc</strong></span> <span class='ocrx_word' id='word_1_291' title='bbox 658 2113 738 2167; x_wconf 79' lang='lat' dir='ltr'><strong>notis</strong></span> <span class='ocrx_word' id='word_1_292' title='bbox 751 2113 903 2182; x_wconf 79' lang='lat' dir='ltr'><strong>probibere</strong></span> <span class='ocrx_word' id='word_1_293' title='bbox 921 2129 977 2165; x_wconf 87' lang='lat' dir='ltr'><strong>non</strong></span> <span class='ocrx_word' id='word_1_294' title='bbox 1004 2111 1092 2182; x_wconf 87' lang='lat' dir='ltr'><strong>qualis</strong></span> <span class='ocrx_word' id='word_1_295' title='bbox 1118 2110 1217 2166; x_wconf 87' lang='lat' dir='ltr'><strong>seculis</strong></span> <span class='ocrx_word' id='word_1_296' title='bbox 1242 2112 1442 2182; x_wconf 84' lang='lat' dir='ltr'><strong>posterioribus</strong></span> <span class='ocrx_word' id='word_1_297' title='bbox 1465 2113 1517 2168; x_wconf 89' lang='lat' dir='ltr'><strong>sub</strong></span> <span class='ocrx_word' id='word_1_298' title='bbox 1541 2122 1646 2184; x_wconf 86' lang='lat' dir='ltr'><strong>papatu</strong></span> <span class='ocrx_word' id='word_1_299' title='bbox 1665 2114 1778 2169; x_wconf 87' lang='lat' dir='ltr'><strong>tandem</strong></span> <span class='ocrx_word' id='word_1_300' title='bbox 1797 2116 1840 2170; x_wconf 80' lang='lat' dir='ltr'><strong>est</strong></span> 
     </span>
     <span class='ocr_line' id='line_1_22' title="bbox 138 2196 1839 2272; baseline -0.002 -16"><span class='ocrx_word' id='word_1_301' title='bbox 138 2209 258 2272; x_wconf 85' lang='lat' dir='ltr'><strong>poseant</strong></span> <span class='ocrx_word' id='word_1_302' title='bbox 276 2200 359 2253; x_wconf 86' lang='lat' dir='ltr'><strong>etiem</strong></span> <span class='ocrx_word' id='word_1_303' title='bbox 377 2200 618 2268; x_wconf 79' lang='lat' dir='ltr'><strong>secundrsmjeru,</strong></span> <span class='ocrx_word' id='word_1_304' title='bbox 636 2217 706 2268; x_wconf 75' lang='lat' dir='ltr'><strong>puae</strong></span> <span class='ocrx_word' id='word_1_305' title='bbox 719 2201 875 2268; x_wconf 73' lang='lat' dir='ltr'><strong>affimant,</strong></span> <span class='ocrx_word' id='word_1_306' title='bbox 893 2199 977 2252; x_wconf 90' lang='lat' dir='ltr'><strong>etiam</strong></span> <span class='ocrx_word' id='word_1_307' title='bbox 1003 2203 1113 2263; x_wconf 84' lang='lat' dir='ltr'><strong>secutu;</strong></span> <span class='ocrx_word' id='word_1_308' title='bbox 1140 2196 1205 2252; x_wconf 90' lang='lat' dir='ltr'><strong>iude</strong></span> <span class='ocrx_word' id='word_1_309' title='bbox 1232 2197 1344 2268; x_wconf 88' lang='lat' dir='ltr'><strong>quidam</strong></span> <span class='ocrx_word' id='word_1_310' title='bbox 1371 2198 1468 2252; x_wconf 90' lang='lat' dir='ltr'><strong>dicunt</strong></span> <span class='ocrx_word' id='word_1_311' title='bbox 1491 2199 1577 2268; x_wconf 79' lang='lat' dir='ltr'><strong>(quod</strong></span> <span class='ocrx_word' id='word_1_312' title='bbox 1600 2199 1683 2254; x_wconf 85' lang='lat' dir='ltr'><strong>etiam</strong></span> <span class='ocrx_word' id='word_1_313' title='bbox 1711 2197 1839 2270; x_wconf 84' lang='lat' dir='ltr'><strong>superius</strong></span> 
     </span>
     <span class='ocr_line' id='line_1_23' title="bbox 143 2282 1840 2353; baseline -0.001 -12"><span class='ocrx_word' id='word_1_314' title='bbox 143 2291 179 2341; x_wconf 86' lang='lat' dir='ltr'><strong>ab</strong></span> <span class='ocrx_word' id='word_1_315' title='bbox 196 2287 347 2341; x_wconf 71' lang='lat' dir='ltr'><strong>haereticis</strong></span> <span class='ocrx_word' id='word_1_316' title='bbox 364 2288 512 2340; x_wconf 84' lang='lat' dir='ltr'><strong>ordinatos</strong></span> <span class='ocrx_word' id='word_1_317' title='bbox 528 2304 592 2340; x_wconf 83' lang='lat' dir='ltr'><strong>cere</strong></span> <span class='ocrx_word' id='word_1_318' title='bbox 610 2304 669 2339; x_wconf 86' lang='lat' dir='ltr'><strong>csse</strong></span> <span class='ocrx_word' id='word_1_319' title='bbox 688 2286 834 2340; x_wconf 82' lang='lat' dir='ltr'><strong>ordinatos</strong></span> <span class='ocrx_word' id='word_1_320' title='bbox 851 2295 877 2338; x_wconf 90' lang='lat' dir='ltr'><strong>et</strong></span> <span class='ocrx_word' id='word_1_321' title='bbox 897 2285 976 2337; x_wconf 83' lang='lat' dir='ltr'><strong>ittam</strong></span> <span class='ocrx_word' id='word_1_322' title='bbox 1003 2282 1177 2351; x_wconf 89' lang='lat' dir='ltr'><strong>monuimus),</strong></span> <span class='ocrx_word' id='word_1_323' title='bbox 1197 2285 1505 2352; x_wconf 63' lang='lat' dir='ltr'><strong>quampotissimum</strong></span> <span class='ocrx_word' id='word_1_324' title='bbox 1518 2286 1686 2338; x_wconf 82' lang='lat' dir='ltr'><strong>mutationes</strong></span> <span class='ocrx_word' id='word_1_325' title='bbox 1699 2304 1733 2339; x_wconf 86' lang='lat' dir='ltr'><strong>ac</strong></span> <span class='ocrx_word' id='word_1_326' title='bbox 1738 2285 1840 2353; x_wconf 86' lang='lat' dir='ltr'><strong>saeies&#39;</strong></span> 
     </span>
     <span class='ocr_line' id='line_1_24' title="bbox 144 2370 1840 2441; baseline -0.001 -14"><span class='ocrx_word' id='word_1_327' title='bbox 144 2374 351 2428; x_wconf 78' lang='lat' dir='ltr'><strong>ordinationem</strong></span> <span class='ocrx_word' id='word_1_328' title='bbox 379 2390 436 2425; x_wconf 86' lang='lat' dir='ltr'><strong>non</strong></span> <span class='ocrx_word' id='word_1_329' title='bbox 461 2374 559 2426; x_wconf 81' lang='lat' dir='ltr'><strong>debere</strong></span> <span class='ocrx_word' id='word_1_330' title='bbox 586 2373 697 2425; x_wconf 81' lang='lat' dir='ltr'><strong>meteri.</strong></span> <span class='ocrx_word' id='word_1_331' title='bbox 743 2378 767 2425; x_wconf 80' lang='lat'><strong>5.</strong></span> <span class='ocrx_word' id='word_1_332' title='bbox 792 2373 977 2441; x_wconf 83' lang='lat' dir='ltr'><strong>Acceptamns</strong></span> <span class='ocrx_word' id='word_1_333' title='bbox 1003 2370 1137 2422; x_wconf 81' lang='lat' dir='ltr'><strong>ecclesiae</strong></span> <span class='ocrx_word' id='word_1_334' title='bbox 1158 2370 1195 2422; x_wconf 89' lang='lat' dir='ltr'><strong>N.</strong></span> <span class='ocrx_word' id='word_1_335' title='bbox 1218 2370 1249 2421; x_wconf 80' lang='grc' dir='ltr'><strong>Τ.</strong></span> <span class='ocrx_word' id='word_1_336' title='bbox 1270 2386 1425 2423; x_wconf 85' lang='lat' dir='ltr'><strong>occurrere.</strong></span> <span class='ocrx_word' id='word_1_337' title='bbox 1461 2371 1559 2424; x_wconf 86' lang='lat' dir='ltr'><strong>Primo</strong></span> <span class='ocrx_word' id='word_1_338' title='bbox 1578 2380 1640 2424; x_wconf 85' lang='lat' dir='ltr'><strong>crat</strong></span> <span class='ocrx_word' id='word_1_339' title='bbox 1653 2372 1775 2439; x_wconf 78' lang='lat' dir='ltr'><strong>pulchre</strong></span> <span class='ocrx_word' id='word_1_340' title='bbox 1792 2382 1840 2424; x_wconf 61' lang='lat' dir='ltr'><strong>ort</strong></span> 
     </span>
     <span class='ocr_line' id='line_1_25' title="bbox 142 2455 1904 2532; baseline -0.002 -17"><span class='ocrx_word' id='word_1_341' title='bbox 142 2461 237 2532; x_wconf 87' lang='lat' dir='ltr'><strong>igitur,</strong></span> <span class='ocrx_word' id='word_1_342' title='bbox 256 2459 333 2530; x_wconf 90' lang='lat' dir='ltr'><strong>quod</strong></span> <span class='ocrx_word' id='word_1_343' title='bbox 351 2458 401 2513; x_wconf 88' lang='lat' dir='ltr'><strong>dat</strong></span> <span class='ocrx_word' id='word_1_344' title='bbox 418 2458 611 2524; x_wconf 86' lang='lat' dir='ltr'><strong>Bellarmiuus,</strong></span> <span class='ocrx_word' id='word_1_345' title='bbox 630 2458 801 2512; x_wconf 84' lang='lat' dir='ltr'><strong>vocationem</strong></span> <span class='ocrx_word' id='word_1_346' title='bbox 821 2465 975 2510; x_wconf 87' lang='lat' dir='ltr'><strong>nostrorum</strong></span> <span class='ocrx_word' id='word_1_347' title='bbox 1002 2464 1072 2508; x_wconf 86' lang='lat' dir='ltr'><strong>noto</strong></span> <span class='ocrx_word' id='word_1_348' title='bbox 1091 2462 1214 2523; x_wconf 82' lang='lat' dir='ltr'><strong>tempore</strong></span> <span class='ocrx_word' id='word_1_349' title='bbox 1233 2455 1425 2523; x_wconf 86' lang='lat' dir='ltr'><strong>apostotorum</strong></span> <span class='ocrx_word' id='word_1_350' title='bbox 1442 2463 1467 2509; x_wconf 88' lang='lat' dir='ltr'><strong>et</strong></span> <span class='ocrx_word' id='word_1_351' title='bbox 1485 2465 1647 2524; x_wconf 80' lang='lat' dir='ltr'><strong>martyrum,</strong></span> <span class='ocrx_word' id='word_1_352' title='bbox 1664 2456 1714 2509; x_wconf 82' lang='lat' dir='ltr'><strong>obi</strong></span> <span class='ocrx_word' id='word_1_353' title='bbox 1730 2457 1837 2527; x_wconf 83' lang='lat' dir='ltr'><strong>obper·</strong></span> <span class='ocrx_word' id='word_1_354' title='bbox 1902 2458 1904 2462; x_wconf 78' lang='grc'>’</span> 
     </span>
     <span class='ocr_line' id='line_1_26' title="bbox 142 2540 1839 2615; baseline -0.002 -14"><span class='ocrx_word' id='word_1_355' title='bbox 142 2546 331 2601; x_wconf 88' lang='lat' dir='ltr'><strong>ministrorum</strong></span> <span class='ocrx_word' id='word_1_356' title='bbox 350 2561 410 2600; x_wconf 87' lang='lat' dir='ltr'><strong>esse</strong></span> <span class='ocrx_word' id='word_1_357' title='bbox 428 2544 588 2615; x_wconf 87' lang='lat' dir='ltr'><strong>legitimam,</strong></span> <span class='ocrx_word' id='word_1_358' title='bbox 609 2559 676 2614; x_wconf 89' lang='lat' dir='ltr'><strong>ergo</strong></span> <span class='ocrx_word' id='word_1_359' title='bbox 688 2543 771 2598; x_wconf 88' lang='lat' dir='ltr'><strong>etiam</strong></span> <span class='ocrx_word' id='word_1_360' title='bbox 783 2548 848 2597; x_wconf 91' lang='lat' dir='ltr'><strong>sunt</strong></span> <span class='ocrx_word' id='word_1_361' title='bbox 859 2541 976 2613; x_wconf 89' lang='lat' dir='ltr'><strong>legitimi</strong></span> <span class='ocrx_word' id='word_1_362' title='bbox 1001 2542 1154 2596; x_wconf 72' lang='lat' dir='ltr'><strong>secretiones</strong></span> <span class='ocrx_word' id='word_1_363' title='bbox 1171 2542 1293 2609; x_wconf 83' lang='lat' dir='ltr'><strong>latebat,</strong></span> <span class='ocrx_word' id='word_1_364' title='bbox 1318 2544 1370 2595; x_wconf 84' lang='lat' dir='ltr'><strong>sed</strong></span> <span class='ocrx_word' id='word_1_365' title='bbox 1389 2544 1485 2611; x_wconf 80' lang='lat' dir='ltr'><strong>quoad</strong></span> <span class='ocrx_word' id='word_1_366' title='bbox 1501 2544 1577 2611; x_wconf 83' lang='lat' dir='ltr'><strong>fidei</strong></span> <span class='ocrx_word' id='word_1_367' title='bbox 1598 2543 1753 2612; x_wconf 82' lang='lat' dir='ltr'><strong>paritatem</strong></span> <span class='ocrx_word' id='word_1_368' title='bbox 1773 2540 1839 2598; x_wconf 77' lang='lat' dir='ltr'><strong>vere</strong></span> 
     </span>
     <span class='ocr_line' id='line_1_27' title="bbox 141 2622 1844 2700; baseline -0.002 -13"><span class='ocrx_word' id='word_1_369' title='bbox 141 2631 259 2687; x_wconf 89' lang='lat' dir='ltr'><strong>ministri</strong></span> <span class='ocrx_word' id='word_1_370' title='bbox 276 2637 305 2687; x_wconf 87' lang='lat' dir='ltr'><strong>et</strong></span> <span class='ocrx_word' id='word_1_371' title='bbox 322 2631 379 2685; x_wconf 85' lang='lat' dir='ltr'><strong>reri</strong></span> <span class='ocrx_word' id='word_1_372' title='bbox 396 2631 584 2700; x_wconf 88' lang='lat' dir='ltr'><strong>apostolorum</strong></span> <span class='ocrx_word' id='word_1_373' title='bbox 596 2645 776 2686; x_wconf 79' lang='lat' dir='ltr'><strong>successores,</strong></span> <span class='ocrx_word' id='word_1_374' title='bbox 807 2629 888 2696; x_wconf 83' lang='lat' dir='ltr'><strong>Quod</strong></span> <span class='ocrx_word' id='word_1_375' title='bbox 902 2628 975 2683; x_wconf 89' lang='lat' dir='ltr'><strong>enim</strong></span> <span class='ocrx_word' id='word_1_376' title='bbox 994 2626 1142 2695; x_wconf 76' lang='lat' dir='ltr'><strong>felpebm3</strong></span> <span class='ocrx_word' id='word_1_377' title='bbox 1167 2629 1289 2681; x_wconf 76' lang='lat' dir='ltr'><strong>comendo</strong></span> <span class='ocrx_word' id='word_1_378' title='bbox 1313 2635 1374 2681; x_wconf 84' lang='lat' dir='ltr'><strong>erat</strong></span> <span class='ocrx_word' id='word_1_379' title='bbox 1397 2628 1526 2682; x_wconf 77' lang='lat' dir='ltr'><strong>nonnihit</strong></span> <span class='ocrx_word' id='word_1_380' title='bbox 1549 2629 1691 2682; x_wconf 70' lang='lat' dir='ltr'><strong>monetote</strong></span> <span class='ocrx_word' id='word_1_381' title='bbox 1714 2622 1844 2698; x_wconf 73' lang='lat' dir='ltr'><strong>tempore.</strong></span> 
     </span>
     <span class='ocr_line' id='line_1_28' title="bbox 140 2714 1839 2786; baseline -0.002 -12"><span class='ocrx_word' id='word_1_382' title='bbox 140 2718 343 2774; x_wconf 79' lang='lat' dir='ltr'><strong>ordinationem</strong></span> <span class='ocrx_word' id='word_1_383' title='bbox 369 2718 482 2785; x_wconf 89' lang='lat' dir='ltr'><strong>attinet,</strong></span> <span class='ocrx_word' id='word_1_384' title='bbox 506 2716 555 2771; x_wconf 91' lang='lat' dir='ltr'><strong>illa</strong></span> <span class='ocrx_word' id='word_1_385' title='bbox 571 2735 626 2772; x_wconf 89' lang='lat' dir='ltr'><strong>non</strong></span> <span class='ocrx_word' id='word_1_386' title='bbox 645 2723 687 2772; x_wconf 90' lang='lat' dir='ltr'><strong>cst</strong></span> <span class='ocrx_word' id='word_1_387' title='bbox 707 2715 863 2771; x_wconf 86' lang='lat' dir='ltr'><strong>necessaria</strong></span> <span class='ocrx_word' id='word_1_388' title='bbox 879 2715 907 2770; x_wconf 82' lang='lat' dir='ltr'><strong>ri</strong></span> <span class='ocrx_word' id='word_1_389' title='bbox 926 2714 975 2769; x_wconf 89' lang='lat' dir='ltr'><strong>ali-</strong></span> <span class='ocrx_word' id='word_1_390' title='bbox 999 2721 1124 2782; x_wconf 84' lang='lat' dir='ltr'><strong>petram,</strong></span> <span class='ocrx_word' id='word_1_391' title='bbox 1142 2714 1190 2766; x_wconf 80' lang='lat' dir='ltr'><strong>ati</strong></span> <span class='ocrx_word' id='word_1_392' title='bbox 1205 2732 1223 2767; x_wconf 84' lang='lat' dir='ltr'><strong>a</strong></span> <span class='ocrx_word' id='word_1_393' title='bbox 1237 2714 1339 2783; x_wconf 88' lang='lat' dir='ltr'><strong>prisco</strong></span> <span class='ocrx_word' id='word_1_394' title='bbox 1357 2715 1536 2784; x_wconf 83' lang='lat' dir='ltr'><strong>simplicitate</strong></span> <span class='ocrx_word' id='word_1_395' title='bbox 1553 2716 1694 2783; x_wconf 72' lang='lat' dir='ltr'><strong>paulatim</strong></span> <span class='ocrx_word' id='word_1_396' title='bbox 1712 2717 1839 2786; x_wconf 59' lang='lat' dir='ltr'><strong>deflecte*</strong></span> 
     </span>
     <span class='ocr_line' id='line_1_29' title="bbox 141 2798 1838 2876; baseline -0.001 -17"><span class='ocrx_word' id='word_1_397' title='bbox 141 2808 222 2876; x_wconf 89' lang='lat' dir='ltr'><strong>cujus</strong></span> <span class='ocrx_word' id='word_1_398' title='bbox 245 2803 385 2874; x_wconf 76' lang='lat' dir='ltr'><strong>praecepti</strong></span> <span class='ocrx_word' id='word_1_399' title='bbox 408 2802 508 2870; x_wconf 86' lang='lat' dir='ltr'><strong>divini,</strong></span> <span class='ocrx_word' id='word_1_400' title='bbox 534 2819 585 2857; x_wconf 92' lang='lat' dir='ltr'><strong>uec</strong></span> <span class='ocrx_word' id='word_1_401' title='bbox 605 2802 760 2873; x_wconf 87' lang='lat' dir='ltr'><strong>ingreditur</strong></span> <span class='ocrx_word' id='word_1_402' title='bbox 780 2800 879 2855; x_wconf 85' lang='grc' dir='ltr'>οὐσίαν</span> <span class='ocrx_word' id='word_1_403' title='bbox 897 2798 975 2854; x_wconf 93' lang='lat' dir='ltr'><strong>mini·</strong></span> <span class='ocrx_word' id='word_1_404' title='bbox 1003 2802 1085 2853; x_wconf 80' lang='lat' dir='ltr'><strong>betur</strong></span> <span class='ocrx_word' id='word_1_405' title='bbox 1112 2809 1138 2853; x_wconf 90' lang='lat' dir='ltr'><strong>et</strong></span> <span class='ocrx_word' id='word_1_406' title='bbox 1159 2801 1298 2854; x_wconf 75' lang='lat' dir='ltr'><strong>bremense</strong></span> <span class='ocrx_word' id='word_1_407' title='bbox 1317 2800 1462 2870; x_wconf 71' lang='lat' dir='ltr'><strong>opiniom</strong></span> <span class='ocrx_word' id='word_1_408' title='bbox 1480 2819 1515 2855; x_wconf 88' lang='lat' dir='ltr'><strong>ac</strong></span> <span class='ocrx_word' id='word_1_409' title='bbox 1533 2803 1703 2856; x_wconf 79' lang='lat' dir='ltr'><strong>tractationes</strong></span> <span class='ocrx_word' id='word_1_410' title='bbox 1720 2800 1838 2857; x_wconf 72' lang='lat' dir='ltr'><strong>subinde</strong></span> 
     </span>
     <span class='ocr_line' id='line_1_30' title="bbox 55 2887 1838 2959; baseline -0.002 -13"><span class='ocrx_word' id='word_1_411' title='bbox 55 2906 67 2947; x_wconf 85' lang='lat' dir='ltr'><strong>r.</strong></span> <span class='ocrx_word' id='word_1_412' title='bbox 81 2906 128 2947; x_wconf 79' lang='lat' dir='ltr'><strong>aas.</strong></span> <span class='ocrx_word' id='word_1_413' title='bbox 142 2888 232 2954; x_wconf 89' lang='lat' dir='ltr'><strong>sterii,</strong></span> <span class='ocrx_word' id='word_1_414' title='bbox 248 2906 300 2944; x_wconf 87' lang='lat' dir='ltr'><strong>uec</strong></span> <span class='ocrx_word' id='word_1_415' title='bbox 316 2888 450 2959; x_wconf 87' lang='lat' dir='ltr'><strong>imprimit</strong></span> <span class='ocrx_word' id='word_1_416' title='bbox 468 2888 656 2943; x_wconf 76' lang='lat' dir='ltr'><strong>characterem</strong></span> <span class='ocrx_word' id='word_1_417' title='bbox 676 2887 812 2959; x_wconf 88' lang='lat' dir='ltr'><strong>aliquem,</strong></span> <span class='ocrx_word' id='word_1_418' title='bbox 833 2894 865 2942; x_wconf 88' lang='lat' dir='ltr'><strong>ut</strong></span> <span class='ocrx_word' id='word_1_419' title='bbox 883 2887 976 2941; x_wconf 90' lang='lat' dir='ltr'><strong>Ponti·</strong></span> <span class='ocrx_word' id='word_1_420' title='bbox 1002 2887 1244 2954; x_wconf 58' lang='lat' dir='ltr'><strong>emundantem</strong></span> <span class='ocrx_word' id='word_1_421' title='bbox 1271 2888 1353 2940; x_wconf 86' lang='lat' dir='ltr'><strong>tertio</strong></span> <span class='ocrx_word' id='word_1_422' title='bbox 1377 2895 1438 2941; x_wconf 85' lang='lat' dir='ltr'><strong>eret</strong></span> <span class='ocrx_word' id='word_1_423' title='bbox 1451 2906 1574 2956; x_wconf 82' lang='lat' dir='ltr'><strong>prorsas</strong></span> <span class='ocrx_word' id='word_1_424' title='bbox 1591 2890 1754 2951; x_wconf 78' lang='lat' dir='ltr'><strong>deformato</strong></span> <span class='ocrx_word' id='word_1_425' title='bbox 1772 2897 1838 2944; x_wconf 87' lang='lat' dir='ltr'><strong>tem·</strong></span> 
     </span>
     <span class='ocr_line' id='line_1_31' title="bbox 143 2972 1839 3044; baseline -0.001 -14"><span class='ocrx_word' id='word_1_426' title='bbox 143 2975 198 3030; x_wconf 88' lang='lat' dir='ltr'><strong>ficii</strong></span> <span class='ocrx_word' id='word_1_427' title='bbox 226 2975 364 3030; x_wconf 90' lang='lat' dir='ltr'><strong>somniant</strong></span> <span class='ocrx_word' id='word_1_428' title='bbox 388 2974 475 3040; x_wconf 91' lang='lat' dir='ltr'><strong>(uude</strong></span> <span class='ocrx_word' id='word_1_429' title='bbox 501 2973 592 3028; x_wconf 86' lang='lat' dir='ltr'><strong>Rufiu.</strong></span> <span class='ocrx_word' id='word_1_430' title='bbox 617 2974 664 3028; x_wconf 92' lang='lat' dir='ltr'><strong>lib.</strong></span> <span class='ocrx_word' id='word_1_431' title='bbox 692 2978 713 3028; x_wconf 90' lang='lat' dir='ltr'><strong>l.</strong></span> <span class='ocrx_word' id='word_1_432' title='bbox 737 2973 800 3027; x_wconf 90' lang='lat' dir='ltr'><strong>hist.</strong></span> <span class='ocrx_word' id='word_1_433' title='bbox 825 2991 849 3027; x_wconf 90' lang='lat' dir='ltr'><strong>c.</strong></span> <span class='ocrx_word' id='word_1_434' title='bbox 876 2979 924 3029; x_wconf 53' lang='lat'><strong>10,</strong></span> <span class='ocrx_word' id='word_1_435' title='bbox 942 2972 977 3027; x_wconf 90' lang='lat' dir='ltr'><strong>de</strong></span> <span class='ocrx_word' id='word_1_436' title='bbox 1000 2989 1072 3042; x_wconf 87' lang='lat' dir='ltr'><strong>pore</strong></span> <span class='ocrx_word' id='word_1_437' title='bbox 1096 2972 1269 3026; x_wconf 70' lang='lat' dir='ltr'><strong>(inminentes</strong></span> <span class='ocrx_word' id='word_1_438' title='bbox 1295 2973 1476 3041; x_wconf 73' lang='lat' dir='ltr'><strong>Antistii-isti,</strong></span> <span class='ocrx_word' id='word_1_439' title='bbox 1506 2975 1557 3027; x_wconf 86' lang='lat' dir='ltr'><strong>sab</strong></span> <span class='ocrx_word' id='word_1_440' title='bbox 1582 2976 1663 3044; x_wconf 76' lang='lat' dir='ltr'><strong>crsjsse</strong></span> <span class='ocrx_word' id='word_1_441' title='bbox 1686 2974 1839 3044; x_wconf 58' lang='lat' dir='ltr'><strong>mannisis</strong></span> 
     </span>
     <span class='ocr_line' id='line_1_32' title="bbox 142 3059 1839 3132; baseline -0.002 -15"><span class='ocrx_word' id='word_1_442' title='bbox 142 3079 208 3132; x_wconf 89' lang='lat' dir='ltr'><strong>rege</strong></span> <span class='ocrx_word' id='word_1_443' title='bbox 227 3062 368 3116; x_wconf 89' lang='lat' dir='ltr'><strong>lbcrorum</strong></span> <span class='ocrx_word' id='word_1_444' title='bbox 387 3060 490 3128; x_wconf 90' lang='lat' dir='ltr'><strong>scribit,</strong></span> <span class='ocrx_word' id='word_1_445' title='bbox 509 3063 585 3130; x_wconf 77' lang='lat' dir='ltr'><strong>qood</strong></span> <span class='ocrx_word' id='word_1_446' title='bbox 602 3062 726 3113; x_wconf 66' lang='lat' dir='ltr'><strong>ruendum</strong></span> <span class='ocrx_word' id='word_1_447' title='bbox 744 3060 874 3112; x_wconf 83' lang='lat' dir='ltr'><strong>initiatas</strong></span> <span class='ocrx_word' id='word_1_448' title='bbox 887 3059 978 3112; x_wconf 84' lang='lat' dir='ltr'><strong>sacris</strong></span> <span class='ocrx_word' id='word_1_449' title='bbox 1002 3067 1089 3114; x_wconf 80' lang='lat' dir='ltr'><strong>totum</strong></span> <span class='ocrx_word' id='word_1_450' title='bbox 1112 3075 1215 3128; x_wconf 81' lang='lat' dir='ltr'><strong>corpas</strong></span> <span class='ocrx_word' id='word_1_451' title='bbox 1238 3060 1385 3112; x_wconf 78' lang='lat' dir='ltr'><strong>doctrinae</strong></span> <span class='ocrx_word' id='word_1_452' title='bbox 1411 3059 1540 3113; x_wconf 87' lang='lat' dir='ltr'><strong>coelestis</strong></span> <span class='ocrx_word' id='word_1_453' title='bbox 1563 3060 1663 3114; x_wconf 84' lang='lat' dir='ltr'><strong>misere</strong></span> <span class='ocrx_word' id='word_1_454' title='bbox 1683 3061 1839 3114; x_wconf 83' lang='lat' dir='ltr'><strong>laceratam</strong></span> 
     </span>
     <span class='ocr_line' id='line_1_33' title="bbox 141 3145 1839 3215; baseline 0 -15"><span class='ocrx_word' id='word_1_455' title='bbox 141 3151 237 3212; x_wconf 73' lang='lat' dir='ltr'><strong>fuctus</strong></span> <span class='ocrx_word' id='word_1_456' title='bbox 251 3147 340 3210; x_wconf 79' lang='lat' dir='ltr'><strong>faerit</strong></span> <span class='ocrx_word' id='word_1_457' title='bbox 358 3147 449 3214; x_wconf 74' lang='lat' dir='ltr'><strong>pentir</strong></span> <span class='ocrx_word' id='word_1_458' title='bbox 467 3163 536 3200; x_wconf 81' lang='lat' dir='ltr'><strong>auae</strong></span> <span class='ocrx_word' id='word_1_459' title='bbox 554 3147 732 3215; x_wconf 83' lang='lat' dir='ltr'><strong>apostolus),</strong></span> <span class='ocrx_word' id='word_1_460' title='bbox 755 3145 864 3201; x_wconf 86' lang='lat' dir='ltr'><strong>interim</strong></span> <span class='ocrx_word' id='word_1_461' title='bbox 884 3151 977 3200; x_wconf 81' lang='lat' dir='ltr'><strong>tamen</strong></span> <span class='ocrx_word' id='word_1_462' title='bbox 1003 3150 1030 3199; x_wconf 87' lang='lat' dir='ltr'><strong>et</strong></span> <span class='ocrx_word' id='word_1_463' title='bbox 1053 3146 1202 3214; x_wconf 80' lang='lat' dir='ltr'><strong>disjectum</strong></span> <span class='ocrx_word' id='word_1_464' title='bbox 1223 3145 1297 3214; x_wconf 68' lang='lat' dir='ltr'><strong>fait,</strong></span> <span class='ocrx_word' id='word_1_465' title='bbox 1321 3152 1421 3213; x_wconf 68' lang='lat' dir='ltr'><strong>perso</strong></span> <span class='ocrx_word' id='word_1_466' title='bbox 1444 3145 1550 3198; x_wconf 80' lang='lat' dir='ltr'><strong>ultimis</strong></span> <span class='ocrx_word' id='word_1_467' title='bbox 1574 3146 1649 3199; x_wconf 81' lang='lat' dir='ltr'><strong>bisce</strong></span> <span class='ocrx_word' id='word_1_468' title='bbox 1670 3146 1839 3215; x_wconf 82' lang='lat' dir='ltr'><strong>temporibus</strong></span> 
     </span>
     <span class='ocr_line' id='line_1_34' title="bbox 141 3230 1838 3303; baseline -0.001 -15"><span class='ocrx_word' id='word_1_469' title='bbox 141 3240 185 3289; x_wconf 90' lang='lat' dir='ltr'><strong>est</strong></span> <span class='ocrx_word' id='word_1_470' title='bbox 202 3233 272 3287; x_wconf 90' lang='lat' dir='ltr'><strong>ritus</strong></span> <span class='ocrx_word' id='word_1_471' title='bbox 291 3232 368 3287; x_wconf 89' lang='lat' dir='ltr'><strong>utilis</strong></span> <span class='ocrx_word' id='word_1_472' title='bbox 386 3232 422 3287; x_wconf 92' lang='lat' dir='ltr'><strong>ob</strong></span> <span class='ocrx_word' id='word_1_473' title='bbox 441 3232 584 3303; x_wconf 85' lang='lat' dir='ltr'><strong>antiquam</strong></span> <span class='ocrx_word' id='word_1_474' title='bbox 605 3231 737 3286; x_wconf 89' lang='lat' dir='ltr'><strong>ecclesiae</strong></span> <span class='ocrx_word' id='word_1_475' title='bbox 749 3230 977 3286; x_wconf 90' lang='lat' dir='ltr'><strong>cousuetudinem</strong></span> <span class='ocrx_word' id='word_1_476' title='bbox 1003 3235 1094 3287; x_wconf 73' lang='lat' dir='ltr'><strong>desino</strong></span> <span class='ocrx_word' id='word_1_477' title='bbox 1123 3240 1164 3285; x_wconf 87' lang='lat' dir='ltr'><strong>cst</strong></span> <span class='ocrx_word' id='word_1_478' title='bbox 1190 3232 1347 3298; x_wconf 82' lang='lat' dir='ltr'><strong>reformate</strong></span> <span class='ocrx_word' id='word_1_479' title='bbox 1373 3239 1398 3284; x_wconf 88' lang='lat' dir='ltr'><strong>ct</strong></span> <span class='ocrx_word' id='word_1_480' title='bbox 1421 3231 1544 3302; x_wconf 81' lang='lat' dir='ltr'><strong>pristino</strong></span> <span class='ocrx_word' id='word_1_481' title='bbox 1570 3232 1639 3293; x_wconf 71' lang='lat' dir='ltr'><strong>fidei</strong></span> <span class='ocrx_word' id='word_1_482' title='bbox 1665 3234 1838 3301; x_wconf 75' lang='lat' dir='ltr'><strong>spostolicae</strong></span> 
     </span>
     <span class='ocr_line' id='line_1_35' title="bbox 143 3316 1837 3388; baseline -0.001 -15"><span class='ocrx_word' id='word_1_483' title='bbox 143 3338 176 3373; x_wconf 85' lang='lat' dir='ltr'><strong>se</strong></span> <span class='ocrx_word' id='word_1_484' title='bbox 194 3319 472 3373; x_wconf 85' lang='lat' dir='ltr'><strong>commonefactiones</strong></span> <span class='ocrx_word' id='word_1_485' title='bbox 483 3318 647 3388; x_wconf 86' lang='lat' dir='ltr'><strong>praeclaras,</strong></span> <span class='ocrx_word' id='word_1_486' title='bbox 661 3334 694 3371; x_wconf 85' lang='lat' dir='ltr'><strong>ac</strong></span> <span class='ocrx_word' id='word_1_487' title='bbox 706 3316 821 3386; x_wconf 88' lang='lat' dir='ltr'><strong>proinde</strong></span> <span class='ocrx_word' id='word_1_488' title='bbox 833 3316 975 3387; x_wconf 87' lang='lat' dir='ltr'><strong>haudqua—</strong></span> <span class='ocrx_word' id='word_1_489' title='bbox 1002 3319 1089 3372; x_wconf 84' lang='lat' dir='ltr'><strong>nitori</strong></span> <span class='ocrx_word' id='word_1_490' title='bbox 1111 3318 1248 3371; x_wconf 77' lang='lat' dir='ltr'><strong>restituto.</strong></span> <span class='ocrx_word' id='word_1_491' title='bbox 1289 3316 1440 3371; x_wconf 78' lang='lat' dir='ltr'><strong>verissima</strong></span> <span class='ocrx_word' id='word_1_492' title='bbox 1465 3317 1534 3372; x_wconf 90' lang='lat' dir='ltr'><strong>haec</strong></span> <span class='ocrx_word' id='word_1_493' title='bbox 1558 3334 1618 3372; x_wconf 84' lang='lat' dir='ltr'><strong>esse</strong></span> <span class='ocrx_word' id='word_1_494' title='bbox 1642 3317 1837 3388; x_wconf 84' lang='lat' dir='ltr'><strong>deprehendet,</strong></span> 
     </span>
     <span class='ocr_line' id='line_1_36' title="bbox 140 3401 1837 3477; baseline 0.001 -19"><span class='ocrx_word' id='word_1_495' title='bbox 140 3402 738 3475; x_wconf 82' lang='lat' dir='ltr'><strong>qnamrcjicicndusveltemerecmittcndus</strong></span> <span class='ocrx_word' id='word_1_496' title='bbox 749 3402 975 3473; x_wconf 79' lang='lat' dir='ltr'><strong>Colligiturenim</strong></span> <span class='ocrx_word' id='word_1_497' title='bbox 1002 3403 1127 3477; x_wconf 89' lang='lat' dir='ltr'><strong>quisquis</strong></span> <span class='ocrx_word' id='word_1_498' title='bbox 1144 3403 1173 3457; x_wconf 90' lang='lat' dir='ltr'><strong>in</strong></span> <span class='ocrx_word' id='word_1_499' title='bbox 1190 3402 1300 3472; x_wconf 89' lang='lat' dir='ltr'><strong>scriptis</strong></span> <span class='ocrx_word' id='word_1_500' title='bbox 1318 3401 1568 3457; x_wconf 86' lang='lat' dir='ltr'><strong>ecclesiasticorum</strong></span> <span class='ocrx_word' id='word_1_501' title='bbox 1580 3403 1723 3459; x_wconf 91' lang='lat' dir='ltr'><strong>doctorum</strong></span> <span class='ocrx_word' id='word_1_502' title='bbox 1733 3405 1837 3460; x_wconf 86' lang='lat' dir='ltr'><strong>versari</strong></span> 
     </span>
     <span class='ocr_line' id='line_1_37' title="bbox 140 3488 1837 3561; baseline 0.001 -16"><span class='ocrx_word' id='word_1_503' title='bbox 140 3509 172 3546; x_wconf 85' lang='lat' dir='ltr'><strong>er</strong></span> <span class='ocrx_word' id='word_1_504' title='bbox 185 3491 264 3545; x_wconf 85' lang='lat' dir='ltr'><strong>Actis</strong></span> <span class='ocrx_word' id='word_1_505' title='bbox 278 3495 307 3544; x_wconf 92' lang='lat' dir='ltr'><strong>et</strong></span> <span class='ocrx_word' id='word_1_506' title='bbox 319 3489 443 3559; x_wconf 87' lang='lat' dir='ltr'><strong>epistolis</strong></span> <span class='ocrx_word' id='word_1_507' title='bbox 459 3488 628 3560; x_wconf 88' lang='lat' dir='ltr'><strong>apostolicis,</strong></span> <span class='ocrx_word' id='word_1_508' title='bbox 645 3495 729 3560; x_wconf 88' lang='lat' dir='ltr'><strong>atque</strong></span> <span class='ocrx_word' id='word_1_509' title='bbox 741 3505 774 3543; x_wconf 84' lang='lat' dir='ltr'><strong>ex</strong></span> <span class='ocrx_word' id='word_1_510' title='bbox 788 3488 922 3545; x_wconf 88' lang='lat' dir='ltr'><strong>ecclesiae</strong></span> <span class='ocrx_word' id='word_1_511' title='bbox 934 3488 974 3542; x_wconf 93' lang='lat' dir='ltr'><strong>bi·</strong></span> <span class='ocrx_word' id='word_1_512' title='bbox 1002 3491 1127 3546; x_wconf 84' lang='lat' dir='ltr'><strong>voluerit.</strong></span> <span class='ocrx_word' id='word_1_513' title='bbox 1163 3488 1217 3554; x_wconf 83' lang='lat' dir='ltr'><strong>Qui</strong></span> <span class='ocrx_word' id='word_1_514' title='bbox 1240 3488 1313 3542; x_wconf 92' lang='lat' dir='ltr'><strong>enim</strong></span> <span class='ocrx_word' id='word_1_515' title='bbox 1337 3488 1549 3559; x_wconf 87' lang='lat' dir='ltr'><strong>propinquiores</strong></span> <span class='ocrx_word' id='word_1_516' title='bbox 1568 3496 1633 3544; x_wconf 89' lang='lat' dir='ltr'><strong>suut</strong></span> <span class='ocrx_word' id='word_1_517' title='bbox 1650 3491 1837 3561; x_wconf 89' lang='lat' dir='ltr'><strong>apostolorum</strong></span> 
     </span>
     <span class='ocr_line' id='line_1_38' title="bbox 139 3574 1834 3648; baseline 0.002 -19"><span class='ocrx_word' id='word_1_518' title='bbox 139 3576 232 3644; x_wconf 89' lang='lat' dir='ltr'><strong>storia,</strong></span> <span class='ocrx_word' id='word_1_519' title='bbox 251 3576 326 3645; x_wconf 90' lang='lat' dir='ltr'><strong>ipsos</strong></span> <span class='ocrx_word' id='word_1_520' title='bbox 343 3574 482 3645; x_wconf 84' lang='lat' dir='ltr'><strong>apostolos</strong></span> <span class='ocrx_word' id='word_1_521' title='bbox 498 3582 526 3629; x_wconf 89' lang='lat' dir='ltr'><strong>et</strong></span> <span class='ocrx_word' id='word_1_522' title='bbox 543 3576 681 3645; x_wconf 83' lang='lat' dir='ltr'><strong>proximos</strong></span> <span class='ocrx_word' id='word_1_523' title='bbox 696 3590 791 3629; x_wconf 89' lang='lat' dir='ltr'><strong>eorum</strong></span> <span class='ocrx_word' id='word_1_524' title='bbox 803 3591 974 3630; x_wconf 80' lang='lat' dir='ltr'><strong>successores</strong></span> <span class='ocrx_word' id='word_1_525' title='bbox 1001 3577 1179 3647; x_wconf 87' lang='lat' dir='ltr'><strong>temporibus,</strong></span> <span class='ocrx_word' id='word_1_526' title='bbox 1200 3574 1296 3646; x_wconf 87' lang='lat' dir='ltr'><strong>purius</strong></span> <span class='ocrx_word' id='word_1_527' title='bbox 1317 3580 1346 3628; x_wconf 90' lang='lat' dir='ltr'><strong>et</strong></span> <span class='ocrx_word' id='word_1_528' title='bbox 1363 3575 1496 3629; x_wconf 88' lang='lat' dir='ltr'><strong>sincerius</strong></span> <span class='ocrx_word' id='word_1_529' title='bbox 1515 3582 1637 3630; x_wconf 88' lang='lat' dir='ltr'><strong>tractant</strong></span> <span class='ocrx_word' id='word_1_530' title='bbox 1655 3574 1834 3648; x_wconf 72' lang='lat' dir='ltr'><strong>scripturam,</strong></span> 
     </span>
     <span class='ocr_line' id='line_1_39' title="bbox 139 3659 1834 3737; baseline 0.001 -21"><span class='ocrx_word' id='word_1_531' title='bbox 139 3663 214 3716; x_wconf 88' lang='lat' dir='ltr'><strong>hunc</strong></span> <span class='ocrx_word' id='word_1_532' title='bbox 239 3663 322 3715; x_wconf 90' lang='lat' dir='ltr'><strong>ritum</strong></span> <span class='ocrx_word' id='word_1_533' title='bbox 344 3660 517 3724; x_wconf 82' lang='lat' dir='ltr'><strong>observasse,</strong></span> <span class='ocrx_word' id='word_1_534' title='bbox 550 3667 581 3714; x_wconf 94' lang='lat' dir='ltr'><strong>ut</strong></span> <span class='ocrx_word' id='word_1_535' title='bbox 606 3678 678 3715; x_wconf 91' lang='lat' dir='ltr'><strong>uuus</strong></span> <span class='ocrx_word' id='word_1_536' title='bbox 703 3659 841 3732; x_wconf 80' lang='grc' dir='ltr'><strong><em>προεστώς</em></strong></span> <span class='ocrx_word' id='word_1_537' title='bbox 864 3663 974 3717; x_wconf 89' lang='lat' dir='ltr'><strong>nomine</strong></span> <span class='ocrx_word' id='word_1_538' title='bbox 1000 3682 1083 3737; x_wconf 88' lang='lat' dir='ltr'><strong>quam</strong></span> <span class='ocrx_word' id='word_1_539' title='bbox 1104 3663 1152 3734; x_wconf 89' lang='lat' dir='ltr'><strong>qui</strong></span> <span class='ocrx_word' id='word_1_540' title='bbox 1170 3660 1349 3732; x_wconf 86' lang='lat' dir='ltr'><strong>sequentibus</strong></span> <span class='ocrx_word' id='word_1_541' title='bbox 1366 3661 1467 3715; x_wconf 90' lang='lat' dir='ltr'><strong>seculis</strong></span> <span class='ocrx_word' id='word_1_542' title='bbox 1485 3660 1624 3731; x_wconf 78' lang='lat' dir='ltr'><strong>vixerunt,</strong></span> <span class='ocrx_word' id='word_1_543' title='bbox 1643 3677 1677 3716; x_wconf 87' lang='lat' dir='ltr'><strong>ac</strong></span> <span class='ocrx_word' id='word_1_544' title='bbox 1695 3660 1834 3718; x_wconf 87' lang='lat' dir='ltr'><strong>neminem</strong></span> 
     </span>
     <span class='ocr_line' id='line_1_40' title="bbox 139 3746 1834 3819; baseline 0.002 -17"><span class='ocrx_word' id='word_1_545' title='bbox 139 3747 304 3819; x_wconf 80' lang='lat' dir='ltr'><strong>presbyterii</strong></span> <span class='ocrx_word' id='word_1_546' title='bbox 330 3746 468 3801; x_wconf 86' lang='lat' dir='ltr'><strong>ministros</strong></span> <span class='ocrx_word' id='word_1_547' title='bbox 486 3747 611 3817; x_wconf 84' lang='lat' dir='ltr'><strong>legitime</strong></span> <span class='ocrx_word' id='word_1_548' title='bbox 628 3746 665 3801; x_wconf 86' lang='lat' dir='ltr'><strong>ab</strong></span> <span class='ocrx_word' id='word_1_549' title='bbox 684 3748 786 3802; x_wconf 89' lang='lat' dir='ltr'><strong>eclesia</strong></span> <span class='ocrx_word' id='word_1_550' title='bbox 803 3748 905 3802; x_wconf 87' lang='lat' dir='ltr'><strong>electos</strong></span> <span class='ocrx_word' id='word_1_551' title='bbox 924 3765 975 3819; x_wconf 88' lang='lat' dir='ltr'><strong>per</strong></span> <span class='ocrx_word' id='word_1_552' title='bbox 999 3759 1057 3806; x_wconf 88' lang='lat' dir='ltr'><strong>tam</strong></span> <span class='ocrx_word' id='word_1_553' title='bbox 1080 3749 1205 3806; x_wconf 86' lang='lat' dir='ltr'><strong>effrictae</strong></span> <span class='ocrx_word' id='word_1_554' title='bbox 1228 3748 1326 3802; x_wconf 89' lang='lat' dir='ltr'><strong>frontis</strong></span> <span class='ocrx_word' id='word_1_555' title='bbox 1351 3765 1412 3802; x_wconf 90' lang='lat' dir='ltr'><strong>esse</strong></span> <span class='ocrx_word' id='word_1_556' title='bbox 1428 3747 1560 3816; x_wconf 88' lang='lat' dir='ltr'><strong>arbitror,</strong></span> <span class='ocrx_word' id='word_1_557' title='bbox 1585 3748 1633 3818; x_wconf 87' lang='lat' dir='ltr'><strong>qui</strong></span> <span class='ocrx_word' id='word_1_558' title='bbox 1652 3748 1834 3805; x_wconf 80' lang='lat' dir='ltr'><strong>Scholastico·</strong></span> 
     </span>
     <span class='ocr_line' id='line_1_41' title="bbox 139 3833 1835 3906; baseline 0.001 -18"><span class='ocrx_word' id='word_1_559' title='bbox 139 3850 270 3888; x_wconf 89' lang='lat' dir='ltr'><strong>mannum</strong></span> <span class='ocrx_word' id='word_1_560' title='bbox 294 3833 496 3903; x_wconf 90' lang='lat' dir='ltr'><strong>impositionem</strong></span> <span class='ocrx_word' id='word_1_561' title='bbox 515 3850 548 3886; x_wconf 91' lang='lat' dir='ltr'><strong>ac</strong></span> <span class='ocrx_word' id='word_1_562' title='bbox 564 3849 659 3903; x_wconf 89' lang='lat' dir='ltr'><strong>preces</strong></span> <span class='ocrx_word' id='word_1_563' title='bbox 679 3833 807 3904; x_wconf 90' lang='lat' dir='ltr'><strong>publicas</strong></span> <span class='ocrx_word' id='word_1_564' title='bbox 826 3834 974 3891; x_wconf 88' lang='lat' dir='ltr'><strong>ordinaret.</strong></span> <span class='ocrx_word' id='word_1_565' title='bbox 1000 3855 1062 3892; x_wconf 91' lang='lat' dir='ltr'><strong>rum</strong></span> <span class='ocrx_word' id='word_1_566' title='bbox 1092 3835 1292 3906; x_wconf 84' lang='lat' dir='ltr'><strong>disputationes</strong></span> <span class='ocrx_word' id='word_1_567' title='bbox 1319 3840 1429 3905; x_wconf 89' lang='lat' dir='ltr'><strong>patrum</strong></span> <span class='ocrx_word' id='word_1_568' title='bbox 1454 3834 1702 3889; x_wconf 86' lang='lat' dir='ltr'><strong>vetustissimorum</strong></span> <span class='ocrx_word' id='word_1_569' title='bbox 1725 3835 1835 3906; x_wconf 89' lang='lat' dir='ltr'><strong>scriptis</strong></span> 
     </span>
     <span class='ocr_line' id='line_1_42' title="bbox 139 3916 1838 3994; baseline 0.002 -21"><span class='ocrx_word' id='word_1_570' title='bbox 139 3919 230 3974; x_wconf 88' lang='lat' dir='ltr'><strong>blulto</strong></span> <span class='ocrx_word' id='word_1_571' title='bbox 250 3918 341 3973; x_wconf 87' lang='lat' dir='ltr'><strong>miuus</strong></span> <span class='ocrx_word' id='word_1_572' title='bbox 360 3918 487 3973; x_wconf 87' lang='lat' dir='ltr'><strong>absolute</strong></span> <span class='ocrx_word' id='word_1_573' title='bbox 504 3925 533 3973; x_wconf 88' lang='lat' dir='ltr'><strong>et</strong></span> <span class='ocrx_word' id='word_1_574' title='bbox 551 3918 714 3989; x_wconf 86' lang='lat' dir='ltr'><strong>simpliciter</strong></span> <span class='ocrx_word' id='word_1_575' title='bbox 726 3916 975 3988; x_wconf 61' lang='lat' dir='ltr'><strong>necessariumdt&#39;,</strong></span> <span class='ocrx_word' id='word_1_576' title='bbox 1002 3939 1156 3994; x_wconf 83' lang='lat' dir='ltr'><strong>exaequare</strong></span> <span class='ocrx_word' id='word_1_577' title='bbox 1169 3921 1243 3976; x_wconf 85' lang='lat' dir='ltr'><strong>relit.</strong></span> <span class='ocrx_word' id='word_1_578' title='bbox 1269 3920 1401 3985; x_wconf 85' lang='lat' dir='ltr'><strong>Quamvis</strong></span> <span class='ocrx_word' id='word_1_579' title='bbox 1413 3936 1477 3975; x_wconf 87' lang='lat' dir='ltr'><strong>rere</strong></span> <span class='ocrx_word' id='word_1_580' title='bbox 1491 3938 1585 3975; x_wconf 88' lang='lat' dir='ltr'><strong>omnes</strong></span> <span class='ocrx_word' id='word_1_581' title='bbox 1596 3927 1624 3974; x_wconf 90' lang='lat' dir='ltr'><strong>et</strong></span> <span class='ocrx_word' id='word_1_582' title='bbox 1636 3920 1761 3992; x_wconf 90' lang='lat' dir='ltr'><strong>singulos</strong></span> <span class='ocrx_word' id='word_1_583' title='bbox 1771 3920 1838 3977; x_wconf 83' lang='lat' dir='ltr'><strong>fidoi</strong></span> 
     </span>
     <span class='ocr_line' id='line_1_43' title="bbox 138 4005 1836 4074; baseline 0.002 -15"><span class='ocrx_word' id='word_1_584' title='bbox 138 4016 169 4059; x_wconf 83' lang='lat' dir='ltr'><strong>ut</strong></span> <span class='ocrx_word' id='word_1_585' title='bbox 193 4007 223 4059; x_wconf 85' lang='lat' dir='ltr'><strong>in</strong></span> <span class='ocrx_word' id='word_1_586' title='bbox 247 4006 428 4057; x_wconf 83' lang='lat' dir='ltr'><strong>ordinatione</strong></span> <span class='ocrx_word' id='word_1_587' title='bbox 455 4005 553 4058; x_wconf 79' lang='lat' dir='ltr'><strong>adsint</strong></span> <span class='ocrx_word' id='word_1_588' title='bbox 572 4012 629 4058; x_wconf 83' lang='lat' dir='ltr'><strong>tres</strong></span> <span class='ocrx_word' id='word_1_589' title='bbox 647 4006 784 4074; x_wconf 60' lang='lat' dir='ltr'><strong>epimi,</strong></span> <span class='ocrx_word' id='word_1_590' title='bbox 872 4037 885 4062; x_wconf 58' lang='lat' dir='ltr'><strong>a</strong></span> <span class='ocrx_word' id='word_1_591' title='bbox 902 4006 975 4061; x_wconf 90' lang='lat' dir='ltr'><strong>enim</strong></span> <span class='ocrx_word' id='word_1_592' title='bbox 1001 4016 1111 4064; x_wconf 87' lang='lat' dir='ltr'><strong>nostrae</strong></span> <span class='ocrx_word' id='word_1_593' title='bbox 1137 4007 1268 4062; x_wconf 85' lang='lat' dir='ltr'><strong>articulos</strong></span> <span class='ocrx_word' id='word_1_594' title='bbox 1292 4024 1355 4061; x_wconf 90' lang='lat' dir='ltr'><strong>cum</strong></span> <span class='ocrx_word' id='word_1_595' title='bbox 1374 4005 1528 4059; x_wconf 88' lang='lat' dir='ltr'><strong>Pontificiis</strong></span> <span class='ocrx_word' id='word_1_596' title='bbox 1547 4012 1736 4060; x_wconf 87' lang='lat' dir='ltr'><strong>controversos</strong></span> <span class='ocrx_word' id='word_1_597' title='bbox 1753 4006 1836 4062; x_wconf 87' lang='lat' dir='ltr'><strong>claris</strong></span> 
     </span>
     <span class='ocr_line' id='line_1_44' title="bbox 139 4090 1836 4168; baseline 0.001 -20"><span class='ocrx_word' id='word_1_598' title='bbox 139 4092 298 4162; x_wconf 85' lang='lat' dir='ltr'><strong>Scripturae</strong></span> <span class='ocrx_word' id='word_1_599' title='bbox 318 4090 475 4145; x_wconf 90' lang='lat' dir='ltr'><strong>testimonio</strong></span> <span class='ocrx_word' id='word_1_600' title='bbox 493 4090 542 4144; x_wconf 86' lang='lat' dir='ltr'><strong>illa</strong></span> <span class='ocrx_word' id='word_1_601' title='bbox 553 4090 703 4145; x_wconf 88' lang='lat' dir='ltr'><strong>necessitas</strong></span> <span class='ocrx_word' id='word_1_602' title='bbox 719 4091 753 4146; x_wconf 90' lang='lat' dir='ltr'><strong>de</strong></span> <span class='ocrx_word' id='word_1_603' title='bbox 782 4094 899 4147; x_wconf 24' lang='lat' dir='ltr'><strong>lustrari</strong></span> <span class='ocrx_word' id='word_1_604' title='bbox 915 4101 974 4163; x_wconf 91' lang='lat' dir='ltr'><strong>pot·</strong></span> <span class='ocrx_word' id='word_1_605' title='bbox 1002 4103 1030 4153; x_wconf 84' lang='lat' dir='ltr'><strong>et</strong></span> <span class='ocrx_word' id='word_1_606' title='bbox 1047 4095 1199 4168; x_wconf 89' lang='lat' dir='ltr'><strong>perspicuis</strong></span> <span class='ocrx_word' id='word_1_607' title='bbox 1218 4094 1341 4148; x_wconf 86' lang='lat' dir='ltr'><strong>veterum</strong></span> <span class='ocrx_word' id='word_1_608' title='bbox 1353 4097 1463 4162; x_wconf 88' lang='lat' dir='ltr'><strong>patrum</strong></span> <span class='ocrx_word' id='word_1_609' title='bbox 1480 4090 1643 4147; x_wconf 88' lang='lat' dir='ltr'><strong>testimoniis</strong></span> <span class='ocrx_word' id='word_1_610' title='bbox 1655 4092 1836 4162; x_wconf 90' lang='lat' dir='ltr'><strong>comprobare</strong></span> 
     </span>
     <span class='ocr_line' id='line_1_45' title="bbox 139 4175 1835 4254; baseline 0.001 -22"><span class='ocrx_word' id='word_1_611' title='bbox 139 4184 195 4244; x_wconf 89' lang='lat' dir='ltr'><strong>est,</strong></span> <span class='ocrx_word' id='word_1_612' title='bbox 223 4194 279 4247; x_wconf 90' lang='lat' dir='ltr'><strong>qua</strong></span> <span class='ocrx_word' id='word_1_613' title='bbox 307 4176 342 4231; x_wconf 91' lang='lat' dir='ltr'><strong>de</strong></span> <span class='ocrx_word' id='word_1_614' title='bbox 371 4193 400 4231; x_wconf 88' lang='lat' dir='ltr'><strong>rc</strong></span> <span class='ocrx_word' id='word_1_615' title='bbox 418 4176 447 4230; x_wconf 93' lang='lat' dir='ltr'><strong>in</strong></span> <span class='ocrx_word' id='word_1_616' title='bbox 476 4180 596 4230; x_wconf 72' lang='lat' dir='ltr'><strong>mactatu</strong></span> <span class='ocrx_word' id='word_1_617' title='bbox 625 4175 659 4231; x_wconf 92' lang='lat' dir='ltr'><strong>de</strong></span> <span class='ocrx_word' id='word_1_618' title='bbox 687 4176 836 4232; x_wconf 86' lang='lat' dir='ltr'><strong>ministerio</strong></span> <span class='ocrx_word' id='word_1_619' title='bbox 867 4179 975 4248; x_wconf 90' lang='lat' dir='ltr'><strong>plenius</strong></span> <span class='ocrx_word' id='word_1_620' title='bbox 1001 4182 1092 4254; x_wconf 82' lang='lat' dir='ltr'><strong>parati</strong></span> <span class='ocrx_word' id='word_1_621' title='bbox 1107 4181 1208 4247; x_wconf 87' lang='lat' dir='ltr'><strong>simus,</strong></span> <span class='ocrx_word' id='word_1_622' title='bbox 1232 4178 1317 4249; x_wconf 90' lang='lat' dir='ltr'><strong>idque</strong></span> <span class='ocrx_word' id='word_1_623' title='bbox 1337 4194 1353 4231; x_wconf 89' lang='lat' dir='ltr'><strong>a</strong></span> <span class='ocrx_word' id='word_1_624' title='bbox 1371 4176 1470 4231; x_wconf 77' lang='lat' dir='ltr'><strong>nocuis</strong></span> <span class='ocrx_word' id='word_1_625' title='bbox 1487 4175 1645 4231; x_wconf 86' lang='lat' dir='ltr'><strong>factitatum</strong></span> <span class='ocrx_word' id='word_1_626' title='bbox 1662 4177 1700 4230; x_wconf 93' lang='lat' dir='ltr'><strong>sit</strong></span> <span class='ocrx_word' id='word_1_627' title='bbox 1716 4179 1835 4249; x_wconf 90' lang='lat' dir='ltr'><strong>saepius&#39;,</strong></span> 
     </span>
     <span class='ocr_line' id='line_1_46' title="bbox 138 4262 1943 4335; baseline -0.002 -17"><span class='ocrx_word' id='word_1_628' title='bbox 138 4264 254 4319; x_wconf 90' lang='lat' dir='ltr'><strong>dicetur.</strong></span> <span class='ocrx_word' id='word_1_629' title='bbox 1001 4278 1094 4323; x_wconf 87' lang='lat' dir='ltr'><strong>tamen</strong></span> <span class='ocrx_word' id='word_1_630' title='bbox 1115 4282 1170 4320; x_wconf 93' lang='lat' dir='ltr'><strong>nou</strong></span> <span class='ocrx_word' id='word_1_631' title='bbox 1195 4281 1341 4334; x_wconf 88' lang='lat' dir='ltr'><strong>possumus</strong></span> <span class='ocrx_word' id='word_1_632' title='bbox 1364 4279 1417 4317; x_wconf 91' lang='lat' dir='ltr'><strong>nec</strong></span> <span class='ocrx_word' id='word_1_633' title='bbox 1444 4262 1577 4318; x_wconf 89' lang='lat' dir='ltr'><strong>debemus</strong></span> <span class='ocrx_word' id='word_1_634' title='bbox 1601 4263 1707 4334; x_wconf 89' lang='lat' dir='ltr'><strong>scripta</strong></span> <span class='ocrx_word' id='word_1_635' title='bbox 1725 4268 1943 4335; x_wconf 68' lang='lat' dir='ltr'><strong>patruinum.</strong></span> 
     </span>
     <span class='ocr_line' id='line_1_47' title="bbox 244 4336 1837 4426; baseline -0.002 -17"><span class='ocrx_word' id='word_1_636' title='bbox 244 4336 257 4358; x_wconf 76' lang='lat'>&#39;</span> <span class='ocrx_word' id='word_1_637' title='bbox 1001 4371 1051 4426; x_wconf 91' lang='lat' dir='ltr'><strong>pro</strong></span> <span class='ocrx_word' id='word_1_638' title='bbox 1073 4368 1169 4407; x_wconf 91' lang='lat' dir='ltr'><strong>norma</strong></span> <span class='ocrx_word' id='word_1_639' title='bbox 1187 4350 1329 4405; x_wconf 88' lang='lat' dir='ltr'><strong>doctrinae</strong></span> <span class='ocrx_word' id='word_1_640' title='bbox 1346 4349 1375 4403; x_wconf 91' lang='lat' dir='ltr'><strong>iu</strong></span> <span class='ocrx_word' id='word_1_641' title='bbox 1396 4349 1515 4405; x_wconf 86' lang='lat' dir='ltr'><strong>ecclesia</strong></span> <span class='ocrx_word' id='word_1_642' title='bbox 1532 4366 1697 4420; x_wconf 85' lang='lat' dir='ltr'><strong>agnoscere,</strong></span> <span class='ocrx_word' id='word_1_643' title='bbox 1728 4357 1749 4405; x_wconf 82' lang='grc'><strong>1.</strong></span> <span class='ocrx_word' id='word_1_644' title='bbox 1770 4342 1837 4420; x_wconf 82' lang='lat' dir='ltr'><strong>quia</strong></span> 
     </span>
     <span class='ocr_line' id='line_1_48' title="bbox 1001 4435 1875 4509; baseline -0.003 -14"><span class='ocrx_word' id='word_1_645' title='bbox 1001 4441 1071 4495; x_wconf 88' lang='lat' dir='ltr'><strong>haec</strong></span> <span class='ocrx_word' id='word_1_646' title='bbox 1092 4438 1213 4509; x_wconf 87' lang='lat' dir='ltr'><strong>dignitas</strong></span> <span class='ocrx_word' id='word_1_647' title='bbox 1231 4444 1260 4491; x_wconf 90' lang='lat' dir='ltr'><strong>et</strong></span> <span class='ocrx_word' id='word_1_648' title='bbox 1281 4436 1431 4491; x_wconf 88' lang='lat' dir='ltr'><strong>auctoritas</strong></span> <span class='ocrx_word' id='word_1_649' title='bbox 1448 4435 1514 4489; x_wconf 90' lang='lat' dir='ltr'><strong>solis</strong></span> <span class='ocrx_word' id='word_1_650' title='bbox 1533 4435 1672 4489; x_wconf 87' lang='lat' dir='ltr'><strong>canonicis</strong></span> <span class='ocrx_word' id='word_1_651' title='bbox 1688 4437 1835 4507; x_wconf 81' lang='lat' dir='ltr'><strong>propbeta·</strong></span> <span class='ocrx_word' id='word_1_652' title='bbox 1873 4450 1875 4457; x_wconf 79' lang='grc'>’</span> 
     </span>
     <span class='ocr_line' id='line_1_49' title="bbox 394 4521 1836 4681; baseline -0.001 -14"><span class='ocrx_word' id='word_1_653' title='bbox 394 4565 617 4629; x_wconf 64' lang='lat' dir='ltr'><strong>evoe</strong></span> <span class='ocrx_word' id='word_1_654' title='bbox 1001 4544 1061 4667; x_wconf 69' lang='lat' dir='ltr'><strong>{a</strong></span> <span class='ocrx_word' id='word_1_655' title='bbox 1077 4521 1836 4681; x_wconf 61' lang='lat' dir='ltr'><strong>{aurasicaterrueruut:</strong></span> 
     </span>
    </p>
   </div>
   <div class='ocr_carea' id='block_1_3' title="bbox 138 4693 1837 4791">
    <p class='ocr_par' dir='ltr' id='par_1_3' title="bbox 138 4693 1837 4791">
     <span class='ocr_line' id='line_1_50' title="bbox 138 4693 1837 4791; baseline -0.017 0"><span class='ocrx_word' id='word_1_656' title='bbox 138 4727 202 4791; x_wconf 84' lang='lat' dir='ltr'><strong>nn</strong></span> <span class='ocrx_word' id='word_1_657' title='bbox 256 4723 425 4789; x_wconf 75' lang='lat' dir='ltr'><strong>sexus</strong></span> <span class='ocrx_word' id='word_1_658' title='bbox 476 4722 769 4789; x_wconf 76' lang='lat' dir='ltr'><strong>accessise</strong></span> <span class='ocrx_word' id='word_1_659' title='bbox 820 4724 956 4791; x_wconf 81' lang='lat' dir='ltr'><strong>uour</strong></span> <span class='ocrx_word' id='word_1_660' title='bbox 1002 4699 1083 4766; x_wconf 62' lang='lat' dir='ltr'><strong>sens,</strong></span> <span class='ocrx_word' id='word_1_661' title='bbox 1103 4703 1127 4752; x_wconf 85' lang='lat'><strong>³·</strong></span> <span class='ocrx_word' id='word_1_662' title='bbox 1148 4695 1214 4768; x_wconf 70' lang='lat'>‘1⁰³²</span> <span class='ocrx_word' id='word_1_663' title='bbox 1234 4695 1287 4765; x_wconf 70' lang='lat' dir='ltr'><strong>spe</strong></span> <span class='ocrx_word' id='word_1_664' title='bbox 1308 4693 1447 4749; x_wconf 71' lang='lat' dir='ltr'><strong>rouen</strong></span> <span class='ocrx_word' id='word_1_665' title='bbox 1461 4703 1573 4766; x_wconf 64' lang='lat' dir='ltr'><strong>neret</strong></span> <span class='ocrx_word' id='word_1_666' title='bbox 1592 4697 1837 4766; x_wconf 65' lang='lat' dir='ltr'><strong>parmanere:</strong></span> 
     </span>
    </p>
   </div>
   <div class='ocr_carea' id='block_1_4' title="bbox 137 4775 1837 4942">
    <p class='ocr_par' dir='ltr' id='par_1_4' title="bbox 137 4775 1837 4942">
     <span class='ocr_line' id='line_1_51' title="bbox 137 4775 1837 4942; baseline 0.011 -36"><span class='ocrx_word' id='word_1_667' title='bbox 137 4827 280 4906; x_wconf 74' lang='lat' dir='ltr'><strong>oure</strong></span> <span class='ocrx_word' id='word_1_668' title='bbox 304 4824 674 4892; x_wconf 69' lang='lat' dir='ltr'><strong>susurramus</strong></span> <span class='ocrx_word' id='word_1_669' title='bbox 698 4775 974 4912; x_wconf 74' lang='lat' dir='ltr'><strong>rssrcurr}</strong></span> <span class='ocrx_word' id='word_1_670' title='bbox 1001 4789 1188 4942; x_wconf 59' lang='lat' dir='ltr'><strong>iginii,</strong></span> <span class='ocrx_word' id='word_1_671' title='bbox 1208 4781 1837 4940; x_wconf 53' lang='lat' dir='ltr'><strong>:ttstllttttttctttlttt</strong></span> 
     </span>
    </p>
   </div>
   <div class='ocr_carea' id='block_1_5' title="bbox 137 4925 1837 5029">
    <p class='ocr_par' dir='ltr' id='par_1_5' title="bbox 137 4925 1837 5029">
     <span class='ocr_line' id='line_1_52' title="bbox 137 4925 1837 5029; baseline 0.002 -37"><span class='ocrx_word' id='word_1_672' title='bbox 137 4926 426 4994; x_wconf 79' lang='lat' dir='ltr'><strong>VlDELICET</strong></span> <span class='ocrx_word' id='word_1_673' title='bbox 472 4925 743 4993; x_wconf 83' lang='lat' dir='ltr'>CONSENSU</span> <span class='ocrx_word' id='word_1_674' title='bbox 787 4929 841 4993; x_wconf 92' lang='lat' dir='ltr'><strong>IN</strong></span> <span class='ocrx_word' id='word_1_675' title='bbox 883 4928 975 4996; x_wconf 90' lang='lat' dir='ltr'><strong>DO·</strong></span> <span class='ocrx_word' id='word_1_676' title='bbox 1002 4953 1416 5029; x_wconf 67' lang='lat' dir='ltr'><strong>perommsconseutiuuns.</strong></span> <span class='ocrx_word' id='word_1_677' title='bbox 1436 4953 1502 5023; x_wconf 83' lang='lat' dir='ltr'><strong>quia</strong></span> <span class='ocrx_word' id='word_1_678' title='bbox 1521 4954 1608 5007; x_wconf 57' lang='lat' dir='ltr'><strong>mult,</strong></span> <span class='ocrx_word' id='word_1_679' title='bbox 1626 4958 1750 5009; x_wconf 83' lang='lat' dir='ltr'><strong>veterum</strong></span> <span class='ocrx_word' id='word_1_680' title='bbox 1770 4955 1837 5010; x_wconf 64' lang='lat' dir='ltr'><strong>mi.</strong></span> 
     </span>
    </p>
   </div>
   <div class='ocr_carea' id='block_1_6' title="bbox 188 5027 1837 5296">
    <p class='ocr_par' dir='ltr' id='par_1_6' title="bbox 188 5027 1837 5296">
     <span class='ocr_line' id='line_1_53' title="bbox 188 5027 1836 5112; baseline -0.001 -16"><span class='ocrx_word' id='word_1_681' title='bbox 188 5029 346 5096; x_wconf 78' lang='lat' dir='ltr'>CTRIN</span> <span class='ocrx_word' id='word_1_682' title='bbox 355 5031 384 5092; x_wconf 88' lang='lat' dir='ltr'>A</span> <span class='ocrx_word' id='word_1_683' title='bbox 417 5029 521 5094; x_wconf 79' lang='lat' dir='ltr'><strong>CUM</strong></span> <span class='ocrx_word' id='word_1_684' title='bbox 549 5027 808 5094; x_wconf 80' lang='lat' dir='ltr'>ECCLESIA</span> <span class='ocrx_word' id='word_1_685' title='bbox 838 5031 932 5096; x_wconf 88' lang='grc' dir='ltr'><strong>ΑΝ·</strong></span> <span class='ocrx_word' id='word_1_686' title='bbox 1001 5050 1051 5112; x_wconf 90' lang='lat' dir='ltr'><strong>pta</strong></span> <span class='ocrx_word' id='word_1_687' title='bbox 1068 5039 1243 5106; x_wconf 73' lang='lat' dir='ltr'><strong>interierunt,</strong></span> <span class='ocrx_word' id='word_1_688' title='bbox 1264 5043 1286 5092; x_wconf 88' lang='lat'><strong>6.</strong></span> <span class='ocrx_word' id='word_1_689' title='bbox 1308 5053 1453 5109; x_wconf 82' lang='lat' dir='ltr'><strong>quaerero</strong></span> <span class='ocrx_word' id='word_1_690' title='bbox 1466 5039 1558 5092; x_wconf 91' lang='lat' dir='ltr'><strong>adhuc</strong></span> <span class='ocrx_word' id='word_1_691' title='bbox 1572 5043 1690 5102; x_wconf 82' lang='lat' dir='ltr'><strong>exstant,</strong></span> <span class='ocrx_word' id='word_1_692' title='bbox 1708 5039 1836 5110; x_wconf 89' lang='lat' dir='ltr'><strong>pluribus</strong></span> 
     </span>
     <span class='ocr_line' id='line_1_54' title="bbox 468 5093 1836 5223; baseline 0.001 -42"><span class='ocrx_word' id='word_1_693' title='bbox 468 5130 518 5195; x_wconf 76' lang='lat' dir='ltr'><strong>TI</strong></span> <span class='ocrx_word' id='word_1_694' title='bbox 527 5129 593 5209; x_wconf 82' lang='lat' dir='ltr'><strong>QU</strong></span> <span class='ocrx_word' id='word_1_695' title='bbox 601 5132 642 5195; x_wconf 78' lang='lat' dir='ltr'><strong>A¹</strong></span> <span class='ocrx_word' id='word_1_696' title='bbox 985 5093 1030 5223; x_wconf 53' lang='lat' dir='ltr'><strong>iio</strong></span> <span class='ocrx_word' id='word_1_697' title='bbox 1054 5126 1121 5182; x_wconf 89' lang='lat' dir='ltr'><strong>locis</strong></span> <span class='ocrx_word' id='word_1_698' title='bbox 1140 5131 1205 5180; x_wconf 87' lang='lat' dir='ltr'><strong>sunt</strong></span> <span class='ocrx_word' id='word_1_699' title='bbox 1224 5125 1377 5196; x_wconf 86' lang='lat' dir='ltr'><strong>depravata</strong></span> <span class='ocrx_word' id='word_1_700' title='bbox 1397 5132 1425 5179; x_wconf 88' lang='lat' dir='ltr'><strong>et</strong></span> <span class='ocrx_word' id='word_1_701' title='bbox 1445 5130 1589 5195; x_wconf 71' lang='lat' dir='ltr'><strong>corrupta,</strong></span> <span class='ocrx_word' id='word_1_702' title='bbox 1615 5132 1639 5180; x_wconf 83' lang='lat' dir='ltr'><strong>t.</strong></span> <span class='ocrx_word' id='word_1_703' title='bbox 1659 5125 1724 5197; x_wconf 85' lang='lat' dir='ltr'><strong>quia</strong></span> <span class='ocrx_word' id='word_1_704' title='bbox 1742 5126 1770 5181; x_wconf 91' lang='lat' dir='ltr'><strong>iu</strong></span> <span class='ocrx_word' id='word_1_705' title='bbox 1788 5144 1836 5197; x_wconf 89' lang='lat' dir='ltr'><strong>pa·</strong></span> 
     </span>
     <span class='ocr_line' id='line_1_55' title="bbox 985 5210 1837 5296; baseline -0.001 -28"><span class='ocrx_word' id='word_1_706' title='bbox 985 5223 1074 5296; x_wconf 60' lang='lat' dir='ltr'><strong>‘mum</strong></span> <span class='ocrx_word' id='word_1_707' title='bbox 1093 5211 1202 5283; x_wconf 88' lang='lat' dir='ltr'><strong>scriptis</strong></span> <span class='ocrx_word' id='word_1_708' title='bbox 1223 5226 1290 5265; x_wconf 90' lang='lat' dir='ltr'><strong>auro</strong></span> <span class='ocrx_word' id='word_1_709' title='bbox 1308 5210 1423 5278; x_wconf 87' lang='lat' dir='ltr'><strong>scoriae,</strong></span> <span class='ocrx_word' id='word_1_710' title='bbox 1442 5211 1559 5281; x_wconf 86' lang='lat' dir='ltr'><strong>gemmis</strong></span> <span class='ocrx_word' id='word_1_711' title='bbox 1579 5212 1699 5282; x_wconf 87' lang='lat' dir='ltr'><strong>stipulae</strong></span> <span class='ocrx_word' id='word_1_712' title='bbox 1718 5220 1747 5267; x_wconf 89' lang='lat' dir='ltr'><strong>et</strong></span> <span class='ocrx_word' id='word_1_713' title='bbox 1766 5229 1837 5267; x_wconf 64' lang='lat' dir='ltr'><strong>masb</strong></span> 
     </span>
    </p>
   </div>
   <div class='ocr_carea' id='block_1_7' title="bbox 55 5266 1836 5373">
    <p class='ocr_par' dir='ltr' id='par_1_7' title="bbox 55 5266 1836 5373">
     <span class='ocr_line' id='line_1_56' title="bbox 55 5266 1836 5373; baseline -0.001 -19"><span class='ocrx_word' id='word_1_714' title='bbox 55 5266 108 5347; x_wconf 42' lang='lat' dir='ltr'><strong>iii·</strong></span> <span class='ocrx_word' id='word_1_715' title='bbox 172 5305 229 5355; x_wconf 79' lang='lat'>203.</span> <span class='ocrx_word' id='word_1_716' title='bbox 268 5301 423 5354; x_wconf 69' lang='lat' dir='ltr'><strong>,llembram</strong></span> <span class='ocrx_word' id='word_1_717' title='bbox 454 5300 586 5368; x_wconf 85' lang='lat' dir='ltr'><strong>primam.</strong></span> <span class='ocrx_word' id='word_1_718' title='bbox 637 5297 714 5354; x_wconf 87' lang='lat' dir='ltr'><strong>Sitne</strong></span> <span class='ocrx_word' id='word_1_719' title='bbox 752 5300 918 5369; x_wconf 89' lang='lat' dir='ltr'><strong>conspiratio</strong></span> <span class='ocrx_word' id='word_1_720' title='bbox 945 5300 973 5354; x_wconf 95' lang='lat' dir='ltr'><strong>in</strong></span> <span class='ocrx_word' id='word_1_721' title='bbox 986 5301 987 5309; x_wconf 77' lang='grc'>’</span> <span class='ocrx_word' id='word_1_722' title='bbox 1000 5315 1047 5354; x_wconf 89' lang='lat' dir='ltr'><strong>sae</strong></span> <span class='ocrx_word' id='word_1_723' title='bbox 1074 5297 1215 5353; x_wconf 83' lang='lat' dir='ltr'><strong>doctrinae</strong></span> <span class='ocrx_word' id='word_1_724' title='bbox 1239 5295 1367 5351; x_wconf 89' lang='lat' dir='ltr'><strong>coelestis</strong></span> <span class='ocrx_word' id='word_1_725' title='bbox 1391 5296 1555 5351; x_wconf 79' lang='lat' dir='ltr'><strong>termentum</strong></span> <span class='ocrx_word' id='word_1_726' title='bbox 1577 5297 1836 5373; x_wconf 10' lang='lat' dir='ltr'><strong>humanarumlopi·</strong></span> 
     </span>
    </p>
   </div>
   <div class='ocr_carea' id='block_1_8' title="bbox 55 5368 1836 5552">
    <p class='ocr_par' dir='ltr' id='par_1_8' title="bbox 55 5368 1836 5552">
     <span class='ocr_line' id='line_1_57' title="bbox 55 5368 1836 5456; baseline 0.001 -17"><span class='ocrx_word' id='word_1_727' title='bbox 55 5368 112 5450; x_wconf 67' lang='lat'><strong>&#39;12⁴⁰&#39;</strong></span> <span class='ocrx_word' id='word_1_728' title='bbox 138 5386 343 5440; x_wconf 80' lang='lat' dir='ltr'><strong>doctrinarum</strong></span> <span class='ocrx_word' id='word_1_729' title='bbox 364 5385 480 5441; x_wconf 84' lang='lat' dir='ltr'><strong>ecclesia</strong></span> <span class='ocrx_word' id='word_1_730' title='bbox 497 5386 612 5456; x_wconf 89' lang='lat' dir='ltr'><strong>antiqua</strong></span> <span class='ocrx_word' id='word_1_731' title='bbox 630 5401 696 5440; x_wconf 86' lang='lat' dir='ltr'><strong>rera</strong></span> <span class='ocrx_word' id='word_1_732' title='bbox 714 5392 743 5440; x_wconf 89' lang='lat' dir='ltr'><strong>et</strong></span> <span class='ocrx_word' id='word_1_733' title='bbox 760 5386 873 5455; x_wconf 91' lang='lat' dir='ltr'><strong>propria</strong></span> <span class='ocrx_word' id='word_1_734' title='bbox 886 5386 973 5441; x_wconf 88' lang='lat' dir='ltr'><strong>eccle·</strong></span> <span class='ocrx_word' id='word_1_735' title='bbox 1000 5387 1113 5440; x_wconf 89' lang='lat' dir='ltr'><strong>nionum</strong></span> <span class='ocrx_word' id='word_1_736' title='bbox 1131 5383 1309 5439; x_wconf 87' lang='lat' dir='ltr'><strong>inveniuntur</strong></span> <span class='ocrx_word' id='word_1_737' title='bbox 1329 5384 1488 5456; x_wconf 86' lang='lat' dir='ltr'><strong>conjuncta.</strong></span> <span class='ocrx_word' id='word_1_738' title='bbox 1525 5381 1642 5455; x_wconf 85' lang='lat' dir='ltr'><strong>Singula</strong></span> <span class='ocrx_word' id='word_1_739' title='bbox 1656 5383 1738 5455; x_wconf 90' lang='lat' dir='ltr'><strong>hujus</strong></span> <span class='ocrx_word' id='word_1_740' title='bbox 1751 5402 1836 5441; x_wconf 88' lang='lat' dir='ltr'><strong>asser·</strong></span> 
     </span>
     <span class='ocr_line' id='line_1_58' title="bbox 55 5468 1836 5552; baseline -0.001 -25"><span class='ocrx_word' id='word_1_741' title='bbox 55 5471 107 5552; x_wconf 53' lang='lat' dir='ltr'><strong>22ss</strong></span> <span class='ocrx_word' id='word_1_742' title='bbox 137 5473 195 5527; x_wconf 90' lang='lat' dir='ltr'><strong>siae</strong></span> <span class='ocrx_word' id='word_1_743' title='bbox 213 5472 299 5527; x_wconf 81' lang='lat' dir='ltr'><strong>nota?</strong></span> <span class='ocrx_word' id='word_1_744' title='bbox 325 5472 353 5528; x_wconf 88' lang='lat' dir='ltr'><strong>Si</strong></span> <span class='ocrx_word' id='word_1_745' title='bbox 374 5489 424 5543; x_wconf 90' lang='lat' dir='ltr'><strong>per</strong></span> <span class='ocrx_word' id='word_1_746' title='bbox 446 5472 599 5527; x_wconf 87' lang='lat' dir='ltr'><strong>doctrinam</strong></span> <span class='ocrx_word' id='word_1_747' title='bbox 617 5476 646 5524; x_wconf 91' lang='lat' dir='ltr'><strong>ct</strong></span> <span class='ocrx_word' id='word_1_748' title='bbox 664 5470 810 5526; x_wconf 86' lang='lat' dir='ltr'><strong>ecclesiam</strong></span> <span class='ocrx_word' id='word_1_749' title='bbox 829 5472 972 5542; x_wconf 70' lang='lat' dir='ltr'><strong>uunquam</strong></span> <span class='ocrx_word' id='word_1_750' title='bbox 999 5472 1083 5526; x_wconf 90' lang='lat' dir='ltr'><strong>tionis</strong></span> <span class='ocrx_word' id='word_1_751' title='bbox 1101 5478 1212 5525; x_wconf 89' lang='lat' dir='ltr'><strong>nostrae</strong></span> <span class='ocrx_word' id='word_1_752' title='bbox 1230 5469 1354 5524; x_wconf 87' lang='lat' dir='ltr'><strong>membra</strong></span> <span class='ocrx_word' id='word_1_753' title='bbox 1371 5468 1504 5523; x_wconf 88' lang='lat' dir='ltr'><strong>latissime</strong></span> <span class='ocrx_word' id='word_1_754' title='bbox 1516 5468 1699 5525; x_wconf 88' lang='lat' dir='ltr'><strong>demonstrari</strong></span> <span class='ocrx_word' id='word_1_755' title='bbox 1713 5478 1836 5543; x_wconf 86' lang='lat' dir='ltr'><strong>possunt,</strong></span> 
     </span>
    </p>
   </div>
   <div class='ocr_carea' id='block_1_9' title="bbox 58 5555 1837 5629">
    <p class='ocr_par' dir='ltr' id='par_1_9' title="bbox 58 5555 1837 5629">
     <span class='ocr_line' id='line_1_59' title="bbox 58 5555 1837 5629; baseline -0.001 -15"><span class='ocrx_word' id='word_1_756' title='bbox 58 5574 81 5604; x_wconf 72' lang='grc' dir='ltr'><strong>ο-</strong></span> <span class='ocrx_word' id='word_1_757' title='bbox 135 5557 309 5629; x_wconf 82' lang='lat' dir='ltr'><strong>intelligatur</strong></span> <span class='ocrx_word' id='word_1_758' title='bbox 339 5558 465 5614; x_wconf 83' lang='lat' dir='ltr'><strong>doctrins</strong></span> <span class='ocrx_word' id='word_1_759' title='bbox 496 5563 525 5613; x_wconf 87' lang='lat' dir='ltr'><strong>et</strong></span> <span class='ocrx_word' id='word_1_760' title='bbox 553 5557 671 5614; x_wconf 84' lang='lat' dir='ltr'><strong>ecclesia</strong></span> <span class='ocrx_word' id='word_1_761' title='bbox 695 5555 862 5627; x_wconf 84' lang='lat' dir='ltr'><strong>apostolica,</strong></span> <span class='ocrx_word' id='word_1_762' title='bbox 889 5556 974 5613; x_wconf 84' lang='lat' dir='ltr'><strong>facile</strong></span> <span class='ocrx_word' id='word_1_763' title='bbox 999 5565 1032 5612; x_wconf 87' lang='lat' dir='ltr'><strong>ut</strong></span> <span class='ocrx_word' id='word_1_764' title='bbox 1049 5573 1083 5612; x_wconf 82' lang='lat' dir='ltr'><strong>ex</strong></span> <span class='ocrx_word' id='word_1_765' title='bbox 1099 5561 1180 5627; x_wconf 88' lang='lat' dir='ltr'><strong>parte</strong></span> <span class='ocrx_word' id='word_1_766' title='bbox 1196 5561 1336 5613; x_wconf 83' lang='lat' dir='ltr'><strong>ostensum</strong></span> <span class='ocrx_word' id='word_1_767' title='bbox 1353 5555 1409 5611; x_wconf 85' lang='lat' dir='ltr'><strong>tuit</strong></span> <span class='ocrx_word' id='word_1_768' title='bbox 1423 5555 1452 5610; x_wconf 89' lang='lat' dir='ltr'><strong>in</strong></span> <span class='ocrx_word' id='word_1_769' title='bbox 1463 5561 1544 5612; x_wconf 85' lang='lat' dir='ltr'><strong>tract</strong></span> <span class='ocrx_word' id='word_1_770' title='bbox 1559 5556 1594 5611; x_wconf 89' lang='lat' dir='ltr'><strong>de</strong></span> <span class='ocrx_word' id='word_1_771' title='bbox 1606 5556 1720 5629; x_wconf 87' lang='lat' dir='ltr'><strong>interpr.</strong></span> <span class='ocrx_word' id='word_1_772' title='bbox 1736 5557 1837 5627; x_wconf 75' lang='lat' dir='ltr'><strong>scupt.</strong></span> 
     </span>
    </p>
   </div>
   <div class='ocr_carea' id='block_1_10' title="bbox 0 0 2006 6022">
    <p class='ocr_par' dir='ltr' id='par_1_10' title="bbox 0 0 2006 6022">
     <span class='ocr_line' id='line_1_60' title="bbox 0 0 2006 6022; baseline 0 0"><span class='ocrx_word' id='word_1_773' title='bbox 0 0 2006 6022; x_wconf 95' lang='lat' dir='ltr'><strong> </strong></span> 
     </span>
    </p>
   </div>
  </div>
 </body>
</html>
