4004 6022
269 188 330 246 462
839 179 960 236 LOCUS
977 176 1181 236 uouemus
1200 176 1400 237 SECUNDUS

159 351 255 397 nest.
303 341 361 390 2⁰9.
389 333 442 389 111.
468 335 598 404 Origenis
615 335 739 388 haeresis
754 334 825 397 fuit,
838 334 1003 402 perdidisse
1024 330 1186 409 Aria-lDei
1214 349 1298 388 sensu
1322 350 1390 389 sano
1415 341 1444 389 et
1466 334 1620 390 orthodoxo
1646 334 1778 390 amissam
1802 335 1861 390 dici
1887 353 1971 407 pons,

139 421 160 463 b
174 422 235 462 Ην·
268 439 343 474 rnum
363 420 513 487 intapinem
531 422 603 481 Dei,
629 423 772 488 adquam
792 427 902 473 creatm
921 423 1017 480 fenerat
1037 429 1104 473 teste
1117 416 1119 451 ¹
1132 416 1252 472 liberant
1275 436 1342 490 ergo
1364 437 1414 474 uos
1438 437 1455 474 a
1475 420 1601 475 mendaci
1619 420 1767 476 haereseos
1786 423 1968 478 accusemne

140 471 254 574 &dionis
269 507 434 575 Epiphanio
466 507 573 559 baares.
598 510 638 559 tr.
660 507 734 560 idem
756 509 835 560 docet
860 507 994 560 t'atvinus
1012 507 1060 562 lib.
1078 454 1262 572 2.iFatemur
1278 512 1380 568 autem,
1400 506 1569 562 haereticum
1586 523 1654 570 esse,
1676 508 1698 562 si
1719 508 1784 579 quis
1801 509 1968 573 statuatvel

268 593 385 649 institut.
403 610 425 646 c.
447 597 468 643 l.
489 588 515 664 ξ.
535 596 561 644 ό.
593 593 665 645 Item
683 593 814 659 Oriqenss
832 609 914 645 error
930 593 997 659 fnit,
1016 591 1104 656 infer·
1117 589 1217 658 ÷ipsam
1236 592 1346 659 animae
1364 593 1526 660 essentiam,
1555 594 1729 649 intellectum
1749 593 1862 650 scilicet
1880 595 1968 650 volun

267 697 332 731 num
350 678 422 730 nib-il
439 693 497 730 esse
513 678 571 729 nisi
589 677 774 730 conamentiae
791 679 936 731 torrorem
954 686 1022 731 teste
1038 679 1103 731 Hie·
1116 666 1119 749 f
1130 680 1216 731 mmm
1235 684 1264 732 et
1281 678 1402 749 reliquas
1420 679 1493 733 rues
1511 696 1572 734 esse
1591 680 1721 747 amissas,
1739 680 1786 734 vel
1807 681 1901 735 nullas
1918 698 1968 736 oni·

267 780 382 832 ronpmo
406 764 436 815 in
462 764 541 830 epist.
563 765 603 815 nd
621 764 749 831 Auitum;
777 761 1197 816 idem1100et0nt22tnrninino
1227 762 1337 818 divinae
1362 764 1492 836 imaginis
1514 781 1659 835 superesse
1677 766 1829 835 reliquias,
1857 767 1968 822 maxime

267 851 332 904 libr.
352 854 379 904 3.
398 849 484 903 instit.
505 866 567 917 cup.
585 850 634 902 ult.
656 846 683 920 ξ.
705 849 756 905 ult.
787 848 1013 918 Respondemus:
1035 856 1056 903 1.
1070 826 1195 903 delvero
1221 848 1244 900 si
1265 848 1393 920 Origenis
1417 867 1536 905 errorem
1556 851 1592 905 de
1609 852 1702 906 anima
1720 852 1928 921 praeexistente
1944 862 1968 906 ct

267 933 413 1004 emissione
432 934 543 989 divinae
562 934 692 1005 imaginis
711 934 818 1005 egimus
835 934 864 988 in
884 939 964 991 tract.
985 935 1020 989 de
1038 920 1158 989 ima-'in
1182 941 1298 1002 peccato
1325 937 1476 990 constituta
1502 943 1567 991 ante
1593 953 1673 991 suam
1697 938 1726 991 in
1751 954 1856 1007 corpus
1882 938 1967 993 detrn·

267 1022 332 1091 gine
361 1019 416 1074 Dei
449 1019 478 1072 in
507 1018 596 1090 primo
620 1019 731 1073 bomine
756 1016 784 1092 ξ.
812 1025 850 1075 16.
876 1026 904 1074 et
927 1038 1002 1090 seqq.
1039 1020 1104 1074 item
1131 1019 1235 1074 sionem
1268 1023 1453 1091 amplectatur
1484 1029 1512 1078 et
1541 1021 1593 1077 hoc
1627 1040 1710 1078 sensu
1739 1023 1896 1094 imaginem
1920 1025 1967 1078 Dei

266 1102 293 1180 §-
321 1111 376 1162 ltt.
401 1113 428 1160 et
454 1121 531 1175 seqq.
570 1105 599 1159 Si
614 1107 696 1175 juxta
714 1107 874 1177 Scripturas
893 1105 1104 1176 explicationem
1131 1104 1304 1174 deperditam
1334 1124 1395 1163 esse
1418 1110 1522 1164 statuit.
1572 1116 1595 1165 2.
1626 1109 1771 1164 Internum
1800 1108 1873 1162 nihil
1899 1109 1967 1163 aliud

266 1193 358 1262 imago
382 1190 437 1245 Dei
463 1192 600 1261 accipitur
627 1208 677 1261 pro
699 1192 811 1261 justitia
834 1200 862 1245 et
885 1191 1034 1247 sanctitate
1056 1189 1105 1245 illa
1130 1208 1189 1246 esse
1213 1208 1296 1262 qnam
1322 1195 1506 1250 conscientiae
1527 1195 1668 1250 horrorem
1686 1211 1768 1250 nemo
1788 1201 1916 1250 noenum
1932 1195 1966 1249 di·

266 1294 339 1344 vere,
357 1276 393 1330 ed
412 1292 495 1347 quam
512 1276 594 1331 homo
611 1276 753 1345 conditus,
771 1294 804 1331 ac
824 1293 874 1347 pro
892 1282 1040 1331 concreata
1057 1275 1105 1330 illa
1131 1277 1176 1332 cit.
1210 1277 1321 1332 Partem
1342 1296 1448 1349 poenae
1466 1280 1616 1348 infernalis,
1633 1298 1667 1337 ac
1685 1299 1747 1336 eam
1759 1282 1879 1353 quidem
1890 1282 1967 1352 longe

266 1363 389 1417 omnium
411 1362 511 1416 virium
532 1362 691 1433 integritate
708 1370 736 1418 et
753 1363 934 1432 rectitudine,
962 1380 1034 1435 quee
1051 1362 1105 1417 tuit
1130 1363 1320 1433 gravissimam
1339 1366 1518 1421 constitutam
1535 1366 1595 1422 fore
1614 1367 1732 1422 dicimus
1752 1368 1784 1422 in
1804 1367 1965 1422 alienatione

265 1451 294 1503 in
319 1449 429 1504 bomine
455 1453 520 1503 ante
542 1448 665 1518 lapsum,
690 1467 745 1503 non
765 1448 898 1519 Origenes
922 1448 1025 1511 solum,
1054 1449 1103 1504 sed
1130 1464 1148 1501 a
1164 1449 1222 1503 vita
1241 1449 1308 1517 Dei,
1333 1451 1465 1507 insensu
1482 1452 1540 1507 uae
1560 1454 1670 1509 divinae
1687 1461 1840 1524 perpetuo,
1867 1455 1896 1508 iu
1912 1454 1966 1508 bor·

266 1537 349 1590 etiam
372 1534 420 1588 nlii
438 1541 531 1605 patres
551 1542 626 1589 recte
644 1541 786 1599 asserunt,
813 1534 962 1605 imaginem
980 1535 1103 1589 divinam
1130 1534 1239 1588 roribus
1260 1537 1445 1592 conscientiae
1463 1539 1592 1606 aeternis,
1610 1539 1638 1592 in
1657 1539 1757 1594 militia
1776 1539 1903 1593 omnium
1916 1556 1966 1594 cre·

266 1639 325 1678 esse
343 1638 393 1691 per
410 1621 519 1692 lapsum
536 1621 675 1688 emissam,
698 1637 814 1690 quorum
834 1621 992 1674 testimonia
1009 1637 1102 1676 recen·
1130 1626 1271 1674 aturarum
1290 1622 1423 1677 adverm
1442 1624 1601 1690 damnatum
1619 1624 1730 1679 interim
1751 1641 1811 1679 uon
1828 1641 1965 1696 negamus

266 1709 370 1762 suimus
394 1707 455 1761 loco
481 1707 606 1776 proxime
623 1706 716 1762 citato.
754 1706 826 1769 tinia
842 1722 906 1761 vero
925 1707 1050 1777 plerique
1070 1724 1103 1762 ex
1130 1704 1213 1759 etiam
1237 1709 1376 1777 corporeis
1401 1710 1497 1778 poenis
1521 1710 1549 1764 in
1567 1717 1642 1765 certe
1659 1710 1785 1781 quodam
1804 1715 1863 1764 ποῦ
1881 1711 1965 1781 subje

268 1792 407 1849 veteribus
426 1792 575 1864 imaginem
594 1799 622 1848 et
639 1792 848 1847 similitudinem
864 1792 905 1846 sic
919 1792 1103 1863 distinguunt,
1129 1798 1188 1847 ctos
1213 1791 1271 1847 fore
1296 1794 1443 1864 reprobos,
1471 1795 1537 1866 quia
1553 1813 1609 1850 non
1628 1797 1717 1850 solum
1738 1797 1769 1850 in
1786 1797 1898 1867 anima,
1923 1797 1965 1852 sed

269 1887 299 1934 ut
321 1879 472 1947 imaqinem
496 1878 619 1933 referant
642 1878 678 1931 ad
702 1876 863 1932 essentiales
881 1877 989 1932 animae
1007 1883 1103 1948 poten·
1129 1878 1214 1932 etiam
1226 1879 1255 1932 in
1268 1896 1384 1951 corpore
1396 1890 1556 1951 peccarunt.
1588 1882 1777 1952 Hieronymus
1788 1882 1868 1952 dicit,
1881 1885 1966 1950 massi

267 1967 336 2036 tias,
360 1970 494 2032 mentem,
521 1965 704 2032 voluntatem,
725 1964 883 2018 memoriam
903 1971 955 2020 etc.
973 1965 1103 2017 similitu·
1130 1964 1379 2034 ineastinquibilem
1391 1969 1493 2021 munitos
1505 1965 1771 2038 interpretatorem
1780 1970 1966 2022 detor-mentri

268 2055 361 2107 clinem
391 2052 427 2106 cd
451 2050 598 2121 qualitates
622 2050 744 2116 animae,
775 2049 913 2119 justitiam
939 2049 1045 2105 scilicet
1070 2066 1104 2104 ec
1130 2052 1315 2106 cunctamine
1328 2054 1459 2116 aeternis,
1472 2053 1809 2124 quosnonreprehendir,
1823 2056 1907 2111 moda
1916 2062 1965 2110 ns·

267 2139 462 2205 sanctitatem
492 2137 555 2191 ideo
580 2135 632 2190 hoc
660 2153 742 2190 sensu
767 2142 796 2190 et
819 2143 946 2206 respectu
971 2152 1004 2189 ec
1023 2137 1104 2204 juxta
1129 2141 1219 2205 mant,
1233 2142 1346 2191 aeterna
1357 2138 1416 2192 sore
1426 2138 1618 2193 damnatorum
1627 2139 1776 2209 supplicia,
1788 2140 1991 2214 qnodOrigs

269 2226 339 2279 banc
365 2222 532 2294 hypothesin
556 2229 630 2276 recte
652 2221 797 2290 asseritur,
825 2221 976 2291 imaginem
998 2220 1053 2276 Dei
1074 2222 1104 2275 iu
1130 2237 1179 2274 nes
1191 2221 1328 2276 haeretice
1339 2222 1469 2293 negabat.
1488 2223 1673 2296 Augustinus,
1684 2224 1750 2279 licet
1761 2232 1878 2294 statum,
1892 2229 1964 2281 daei·

269 2309 379 2364 bomine
397 2308 488 2363 adhuc
506 2324 567 2362 esse
585 2307 728 2378 reliquam,
746 2323 779 2360 ac
796 2313 871 2362 recte
885 2307 1029 2362 haereseos
1041 2307 1104 2362 dica
1129 2315 1211 2358 natos
1226 2307 1289 2374 iqne
1303 2309 1449 2376 corporali
1461 2309 1669 2378 comburendos,
1685 2325 1783 2365 comm
1798 2317 1896 2366 tamen
1909 2329 1964 2367 sen·

269 2396 400 2452 scribitur
417 2395 481 2464 illis,
500 2395 548 2465 qui
567 2394 619 2449 hoc
635 2411 718 2450 sensu
736 2401 871 2461 asserum,
889 2393 1038 2464 imaginem
1050 2393 1104 2449 Dei
1129 2391 1244 2446 tentiam
1262 2400 1294 2447 nt
1310 2393 1475 2449 haereticam
1496 2411 1551 2448 non
1569 2395 1691 2459 damnat,
1709 2395 1758 2466 qui
1773 2396 1871 2468 ignem
1883 2400 1964 2454 incon

267 2500 318 2553 per
344 2482 454 2552 lapsum
479 2497 539 2535 esse
562 2479 700 2536 amissam.
744 2480 799 2533 Sed
818 2479 895 2533 novit
912 2479 1103 2546 Bellarminus‚
1129 2478 1252 2547 poralem
1271 2478 1330 2534 fore
1347 2478 1514 2548 intelligunt.

267 2575 369 2623 norunt
395 2568 443 2621 alii
474 2566 627 2635 Pontificii,
657 2582 709 2619 nos
736 2566 770 2620 de
800 2565 921 2635 imagine
947 2565 999 2621 Dei
1027 2564 1104 2636 loqui
1165 2570 1222 2619 210.
1250 2564 1299 2620 IV.
1321 2567 1477 2634 Peputiani
1494 2568 1630 2621 leneretici
1646 2570 1790 2632 referente
1808 2571 1987 2640 depertinet

263 2656 346 2725 juxta
369 2654 455 2723 ipsius
475 2652 635 2723 Scripturas
652 2651 877 2722 explicationem,
904 2651 980 2722 quod
999 2651 1104 2706 scilicet
1130 2651 1164 2702 cie
1176 2650 1283 2706 banse.
1297 2670 1319 2706 e.
1333 2654 1377 2708 27.
1390 2660 1497 2705 tantum
1510 2656 1579 2706 dant
1590 2654 1754 2708 mulieribus
1763 2658 1964 2726 principatum,

267 2740 350 2794 fuerit
364 2739 476 2810 Justitie
492 2746 520 2793 et
537 2738 670 2793 sanctitas
688 2743 843 2804 concreata,
865 2737 985 2791 omnium
1004 2737 1104 2791 virium
1129 2745 1160 2788 ut
1176 2738 1334 2790 recedetis
1346 2754 1454 2805 quoque
1467 2741 1548 2808 apud
1564 2756 1610 2793 eos
1622 2740 1811 2810 ieameamer,-
1830 2745 1964 2799 latim

266 2824 413 2895 integritas
440 2831 469 2878 et
485 2823 623 2878 rectitudo
642 2822 790 2877 conformis
807 2822 863 2893 legi
882 2822 1006 2890 divinae,
1032 2839 1103 2894 qnae
1129 2823 1210 2877 artic.
1231 2827 1274 2876 13.
1295 2839 1327 2876 ea
1346 2825 1396 2889 iis,
1424 2842 1493 2893 quos
1509 2827 1568 2879 Leo
1585 2825 1621 2879 X.
1639 2828 1799 2894 damnauit,
1827 2830 1914 2898 dieu,
1939 2830 1964 2883 is

267 2928 332 2966 cum
357 2911 394 2966 sit
415 2910 529 2974 amisse,
556 2926 611 2963 non
630 2915 723 2980 potest
738 2908 818 2962 nobis
837 2908 981 2963 haereseos
999 2910 1103 2964 crimen
1129 2917 1304 2962 samamsnto
1324 2911 1515 2977 poenitentiae
1539 2929 1627 2980 aeque
1644 2912 1791 2968 meamne
1803 2932 1896 2982 posse
1913 2935 1964 2969 sss·

268 2997 392 3068 impingi,
412 2997 436 3050 si
453 2996 506 3050 hoc
522 3012 605 3051 sensu
626 3000 654 3050 et
671 2999 799 3064 respectu
817 2994 966 3065 imaginem
982 2994 1037 3050 Dei
1054 3012 1104 3066 per
1130 2994 1228 3046 lierem
1252 2995 1297 3048 uel
1311 3013 1432 3064 puerum
1452 3004 1536 3065 atque
1555 2999 1716 3067 episcopans
1733 3001 1779 3053 uel
1793 3019 1922 3070 papam,
1943 3010 1964 3057 st

268 3084 376 3153 lapsum
399 3082 528 3136 amasam
546 3097 607 3136 esse
629 3081 755 3135 dicimus.
791 3081 957 3151 Agnoscunt
971 3081 1024 3135 boc
1044 3082 1102 3151 qui·
1123 3081 1189 3149 jem
1215 3096 1247 3133 re
1268 3081 1333 3149 ipsa
1351 3080 1516 3136 Caluinistis
1533 3084 1563 3135 in
1580 3084 1687 3151 Anplia
1704 3086 1810 3139 mulier
1828 3091 1963 3156 quasdam

267 3171 332 3224 dam
350 3187 382 3224 ex
401 3169 468 3239 ipsis
486 3167 650 3223 adversariis
669 3167 828 3238 Alphonsus
847 3167 881 3222 de
893 3167 991 3222 Castro
1006 3166 1067 3221 libr.
1080 3174 1103 3223 2.
1130 3175 1170 3219 est
1190 3185 1313 3220 summas
1328 3169 1469 3235 pontisas.
1508 3168 1735 3239 Respondemus:
1751 3177 1782 3227 ,1.
1802 3173 1963 3228 ordinariam

266 3256 329 3311 adv.
359 3255 463 3311 haeres.
492 3254 535 3310 tit.
562 3254 668 3309 Adam:
709 3255 843 3323 Oriqenes
870 3270 924 3323 per
953 3255 1103 3321 imapinem
1130 3252 1273 3307 ministerii
1297 3253 1564 3309 administrationem
1587 3272 1642 3310 nou
1667 3256 1870 3312 committimus
1895 3259 1962 3314 temi-

267 3342 440 3411 intelligebat
458 3341 503 3393 uel
515 3347 653 3408 natarum,
670 3341 715 3394 uel
728 3341 912 3393 substantiam
925 3340 1103 3406 rationalem,
1129 3338 1179 3406 nis,
1198 3338 1273 3407 quod
1293 3336 1434 3393 faciebant
1451 3339 1516 3392 olim
1530 3340 1684 3410 Peputiani.
1709 3341 1793 3406 Quod
1805 3343 1837 3397 in
1849 3353 1962 3401 exnunc

267 3428 311 3480 uel
330 3428 507 3496 siqnificabat
526 3424 737 3479 nmilitrubnem
757 3441 806 3478 seu
824 3425 914 3478 animi
931 3426 1102 3494 qualitatem.
1130 3423 1303 3479 necessitatis
1336 3440 1403 3479 casu
1432 3424 1564 3496 baptismi
1590 3425 1860 3484 administrationem
1892 3430 1961 3486 laicis

270 3515 377 3577 Quodsi
394 3495 529 3583 Oriqenis
547 3512 906 3564 seeundumbuncrnodum
917 3514 1103 3581 usurpaverit,
1129 3510 1318 3574 concedimus,
1348 3512 1377 3563 in
1401 3526 1434 3564 eo
1456 3510 1596 3564 Pontificii
1617 3511 1762 3567 nobiscum
1781 3517 1960 3571 comentinnt

267 3601 330 3668 quis
349 3617 404 3653 non
423 3600 511 3666 uidet,
535 3597 576 3650 ibi
598 3598 706 3650 millam
725 3612 785 3651 esse
804 3597 950 3653 haereseos
967 3600 1102 3667 suspicio-
1114 3590 1117 3690 l
1130 3601 1154 3651 2.
1172 3595 1312 3651 Lutberus
1337 3596 1460 3668 loquitur
1484 3596 1520 3651 de
1538 3613 1605 3652 casu
1623 3598 1797 3653 necessitatis
1816 3600 1959 3656 exnsordi·

266 3688 349 3739 nem!
386 3683 563 3738 Maldouatus
588 3684 617 3737 in
637 3688 781 3738 comment
800 3683 868 3737 Luc.
887 3702 911 3739 c.
933 3691 979 3740 15:
1007 3685 1103 3739 Solent
1129 3682 1214 3749 nario,
1234 3682 1283 3737 ubi
1299 3698 1355 3736 non
1369 3689 1460 3752 potest
1477 3682 1575 3738 haberi
1597 3684 1735 3752 sacerdos,
1754 3684 1796 3740 ibi
1810 3686 1891 3752 dicit,
1907 3694 1958 3743 un·

264 3772 395 3841 plerique
419 3787 472 3842 per
495 3771 693 3839 substantiam,
726 3788 809 3839 mam
830 3771 973 3840 prodique
997 3773 1103 3826 dicmur
1128 3776 1187 3823 tum
1218 3768 1310 3823 velem
1339 3769 1460 3823 mulieris
1491 3768 1666 3825 Christianae
1695 3770 1741 3824 vel
1772 3771 1860 3827 etism
1889 3772 1959 3843 pessi

265 3858 443 3928 perdidisse,
465 3857 584 3911 libamem
607 3856 756 3910 arbitrium
778 3865 937 3926 ceterasque
956 3859 1102 3913 naturales
1127 3854 1344 3921 absolutionem,
1374 3860 1508 3925 qnantum
1534 3855 1693 3910 sacerdotis.
1737 3856 1776 3909 In
1801 3860 1959 3916 remssdcat

266 3945 419 4008 facultates
437 3945 633 4012 interpretari,
659 3943 700 3997 sic
723 3944 911 4012 Aupustinus,
927 3944 1025 4012 Beda,
1043 3947 1101 3998 Eu·
1128 3941 1228 4008 culpus
1257 3940 1367 4010 (inquit)
1390 3959 1447 3993 non
1467 3941 1535 4009 plus
1551 3941 1632 4006 facit
1647 3957 1739 4009 papa,
1770 3959 1858 4010 marn
1876 3945 1959 4014 quitis

266 4033 393 4100 thymius,
410 4031 608 4097 Bernberdns‚
626 4047 697 4098 quae
714 4037 807 4082 tamen
827 4046 896 4082 sano
916 4031 953 4082 ab
971 4031 1007 4082 iis
1020 4048 1102 4084 sensu
1128 4028 1277 4096 sacerdos,
1305 4027 1361 4081 imo
1385 4044 1448 4079 cum
1471 4027 1607 4080 tuendos
1630 4027 1720 4092 abest,
1745 4046 1832 4097 quam
1851 4032 1960 4099 quilibet

266 4121 343 4172 dieta
374 4125 444 4173 sunt.
496 4118 556 4171 Alii
578 4135 632 4185 per
658 4134 720 4169 sam
748 4117 931 4170 mittentium
957 4118 1106 4185 perditam
1128 4112 1314 4170 Christianus.
1360 4112 1456 4167 Monet
1484 4112 1582 4180 etiam,
1610 4115 1665 4166 uim
1693 4114 1836 4168 delendae
1865 4117 1959 4186 culpas

265 4205 415 4272 imapinem
440 4212 468 4257 et
486 4203 700 4257 similitudinem
717 4201 876 4269 significari
887 4210 999 4270 putant.
1032 4201 1100 4258 Vas-
1126 4217 1183 4254 non
1203 4201 1233 4252 in
1246 4200 1382 4268 qssalitate
1401 4201 1537 4267 ministri,
1558 4200 1657 4252 sedin
1668 4200 1729 4268 fide
1746 4203 1891 4257 medenas
1908 4218 1960 4257 esse

266 4291 384 4361 quezin
404 4289 605 4345 l.2.'l'homa.
630 4292 738 4342 tom-l.
763 4286 866 4357 disput.
888 4292 944 4341 131.
966 4304 1040 4341 num.
1061 4294 1100 4346 tt.
1127 4287 1225 4354 sium,
1251 4304 1301 4340 nee
1324 4286 1380 4340 tali
1402 4285 1515 4338 midam
1534 4287 1669 4355 potestati
1684 4286 1825 4357 mmmni,
1856 4291 1959 4360 mdes·

266 4375 428 4446 respondet,
466 4374 616 4441 irrupissent
648 4373 708 4426 Dei
734 4372 822 4425 aliam
848 4389 906 4425 esse
932 4374 1274 4442 naturalitcmPontificii
1290 4379 1437 4438 statuunt,
1465 4373 1517 4425 sed
1529 4374 1614 4440 fidei,
1642 4389 1697 4440 qua
1714 4375 1830 4427 uerbum
1845 4378 1961 4444 prom

266 4462 432 4530 impressam
455 4462 485 4514 in
509 4459 653 4513 intellectu
669 4475 766 4527 nempe
785 4458 946 4512 memoriam
965 4466 991 4512 et
1006 4459 1100 4513 volun·
1112 4443 1115 4477 ¹
1127 4460 1215 4513 nonis
1233 4458 1409 4526 eucnqelieae
1427 4458 1628 4526 amplectimur,
1649 4458 1825 4513 remr’ssionir
1842 4464 1962 4532 effectas

267 4556 364 4611 mem,
389 4556 416 4601 et
436 4547 521 4615 bujus
539 4546 611 4599 nibil
630 4545 720 4598 minui
736 4545 900 4613 intrinsece,
924 4547 976 4598 seri
994 4553 1102 4599 tantam
1113 4587 1115 4603 .
1127 4547 1302 4600 tribuendum
1329 4561 1396 4598 esse.
1433 4544 1614 4615 Nequaquam
1632 4560 1697 4598 vero
1716 4544 1865 4602 minsterii
1880 4548 1962 4604 eccle

267 4636 426 4703 extrinsece,
446 4641 472 4685 et
490 4634 555 4686 ideo
574 4647 716 4698 nunquam
736 4631 840 4700 deleri,
865 4633 1040 4700 prantensis
1057 4649 1101 4685 en-
1128 4631 1231 4686 siestici
1252 4648 1333 4684 usum
1352 4647 1386 4685 ac
1405 4629 1572 4701 dignitatem
1585 4630 1706 4698 sustulit,
1724 4629 1765 4684 sic
1779 4632 1855 4689 enim
1870 4633 1962 4690 scribi

265 4722 384 4773 trinseee
407 4720 565 4786 minuatur,·
593 4716 682 4770 aliam
704 4733 770 4770 vero
799 4733 858 4770 esee
875 4716 1024 4786 imapinem
1043 4718 1156 4779 Deitin
1186 4721 1256 4786 post.
1292 4716 1389 4772 eccles.
1419 4716 1522 4770 domin.
1548 4716 1642 4787 pesclu
1671 4731 1763 4786 pron:
1810 4720 1962 4790 Aposth

264 4806 372 4861 bomini
394 4822 450 4875 per
473 4805 597 4873 qratiam
623 4811 650 4854 et
675 4803 822 4857 caritatem
848 4804 1031 4872 impressam,
1057 4798 1115 4858 bis!
1128 4807 1153 4860 1.
1181 4803 1243 4857 Gor.
1271 4806 1310 4854 lt.
1336 4801 1470 4871 requirit,
1499 4810 1528 4854 ut
1551 4803 1643 4856 omnia
1662 4803 1763 4856 maine
1772 4805 1865 4874 fiant,
1892 4807 1962 4862 atsi

264 4894 336 4946 enim
368 4891 551 4960 qualitatibus
581 4892 645 4944 Deo
675 4891 782 4943 similes
812 4891 952 4953 efficimur
978 4899 1003 4944 et
1032 4874 1219 4945 basefomnes
1242 4896 1422 4942 sacramenta
1446 4889 1593 4956 porricere
1613 4889 1742 4955 uelimus,
1768 4891 1833 4956 qais
1849 4893 1962 4956 sensns

265 4979 377 5032 omnine
401 4977 540 5031 amittitur
560 4993 614 5045 per
634 4984 794 5046 peccatum,
823 4977 974 5033 erasnm
996 4964 1196 5035 intelli-{esset
1217 4977 1310 5029 ordo!
1336 4976 1364 5027 si
1382 4992 1475 5029 omnes
1492 4975 1576 5027 simul
1595 4975 1767 5040 concionari,
1784 4977 1884 5044 qualis
1902 4994 1962 5031 cos·

264 5066 351 5132 pendi
367 5071 431 5117 sunt
452 5063 586 5130 Oripenes
604 5070 630 5116 et
642 5063 824 5131 Aesqustinus.
858 5040 1224 5118 pensauriensium!
1255 5062 1356 5114 Omnes
1372 5069 1549 5114 sacramenta
1564 5060 1788 5114 administrandi
1794 5069 1962 5128 potestaten

264 5152 293 5204 in
322 5149 393 5204 Gen.
418 5167 445 5219 p.
474 5154 532 5204 trs.
566 5147 662 5201 itidem
689 5147 829 5218 improbat
854 5148 1002 5202 discrimen
1029 5147 1269 5209 illudibubemum
1296 5149 1348 5199 ssd
1370 5164 1449 5200 nemo
1476 5146 1533 5199 sibi
1556 5147 1607 5200 boe
1630 5153 1746 5210 umere,
1777 5156 1809 5201 ut
1830 5157 1961 5216 cunctat,

264 5236 336 5290 inter
352 5236 501 5302 imaginem
519 5240 548 5288 et
565 5230 805 5296 similitaslinem,'
818 5233 893 5303 quod
913 5213 1268 5288 Benarminuslasmmere
1291 5234 1402 5298 debeat,
1428 5234 1486 5285 nisi
1513 5233 1551 5301 is,
1571 5233 1622 5300 qui
1645 5234 1681 5286 ab
1706 5233 1828 5287 ecelesia
1852 5237 1894 5289 cd
1914 5237 1961 5290 boe

264 5319 447 5389 amplectitur.
485 5318 524 5374 Hi
546 5336 613 5390 ergo
630 5335 738 5386 omum,
762 5316 921 5387 Alpbonsus
939 5318 975 5371 de
992 5317 1098 5388 Ounno,
1126 5322 1283 5372 destinatus
1313 5320 1409 5381 fuerit.
1445 5316 1521 5371 ldem
1552 5317 1728 5373 sentiendum
1758 5317 1793 5372 de
1825 5327 1962 5391 potesate

265 5404 450 5474 Maldcnatns,
470 5404 607 5476 Vasques,
621 5404 757 5468 Peresius,
770 5412 933 5474 agnoscunt,
948 5405 1096 5474 imaginem
1110 5394 1113 5446 ἶ
1126 5406 1252 5461 solvendi
1276 5414 1304 5460 et
1328 5404 1444 5476 ligandi.
1487 5410 1508 5460 ³.
1527 5403 1717 5459 Elisabetham
1744 5405 1869 5476 Angliae
1893 5408 1960 5480 regi
