4004 6022
751 286 803 343 nn
821 286 944 347 saona
964 283 1097 346 conns
1139 272 1146 284 '
1702 300 1762 358 eos

76 464 207 521 expresse
228 445 335 519 legerat
351 444 420 500 haee
440 443 537 499 rerba:
565 444 688 511 Constat,
715 442 910 497 adorationem
936 446 1048 497 externa
1073 448 1230 499 reverenter
1247 448 1279 498 ut
1297 460 1402 516 organa
1417 460 1508 499 rerum
1525 444 1684 500 coelestium
1702 451 1767 501 sunt

81 555 132 590 nan
153 551 211 587 ense
229 533 379 599 alliqntnm
395 531 440 585 ael
457 531 519 583 loco
538 531 582 583 uei
593 531 721 601 tempori,
738 548 846 600 semper
858 530 909 597 ipi·
933 529 1086 583 tractanda
1122 535 1145 584 6.
1169 530 1236 598 Quis
1258 547 1323 585 vero
1346 547 1379 585 ex
1403 529 1535 601 imperitis
1560 530 1589 585 in
1607 531 1766 587 adoratione

80 631 122 675 tur
152 630 179 675 ει
206 621 307 690 ntique
337 619 505 671 adorandas
533 625 573 670 εει
602 618 736 675 Christus.
785 617 819 671 Si
843 634 909 685 erpo
934 616 1014 687 panis
1036 618 1188 673 eonsecrati
1204 617 1434 672 has-subtilitates
1448 621 1630 686 consectatur,
1649 624 1765 689 utsym-

79 709 232 773 credimns,
262 705 400 760 Εἰεἰειεεεε
429 705 509 758 deum
537 712 562 757 ει
588 703 724 757 loniinenr
751 704 779 756 in
800 696 1029 779 actiancffbolum
1056 708 1197 758 externum
1213 720 1263 774 per
1280 720 1309 758 se
1327 709 1355 758 et
1373 704 1483 775 proprie
1501 720 1557 758 non
1575 704 1670 759 adoret
1689 705 1766 760 uultu

79 812 178 849 coenae
203 810 272 847 suae
291 790 438 863 peculiari
458 792 541 843 mado
559 789 737 861 praesentiae
757 798 782 843 ct
799 784 1045 860 pratiae'latriae,
1064 789 1114 842 sod
1133 789 1221 843 solum
1238 795 1384 845 veneretur
1401 791 1478 845 enltn
1497 791 1617 863 quodam
1639 789 1767 847 inferiore

78 885 182 948 αᾱεεεε,
201 898 236 935 ae
255 896 317 933 ecre
329 887 355 933 ει
367 878 588 932 ετιιειαειίαιιιεε
606 877 731 931 exhibere
743 878 910 931 noscentibus
936 893 968 930 ao
985 876 1095 941 minore,
1108 875 1155 947 qui
1167 874 1293 930 omnibus
1306 876 1483 932 sacramentis
1498 877 1632 943 convenit,
1644 876 1764 932 vicissim

78 987 177 1038 corpas
198 976 224 1022 ει
242 968 406 1037 sanquinem
424 984 516 1032 nerem,
534 966 604 1035 fieri
619 966 727 1037 nequit,
752 965 820 1033 qrn'n
832 966 910 1032 fides
934 968 1027 1015 tamen
1047 960 1151 1016 enltum
1169 961 1280 1026 latriae,
1307 979 1363 1034 qua
1381 960 1521 1018 Christum
1547 962 1656 1027 adorat,
1683 962 1766 1018 etiam

80 1056 218 1111 meissen
254 1056 285 1107 in
310 1055 363 1106 illa
387 1054 494 1106 actione
515 1060 689 1121 praesentem
715 1059 861 1104 cerametnr
885 1048 972 1107 etfad
991 1054 1103 1103 externa
1121 1048 1249 1119 symbola
1267 1050 1376 1119 referat,
1394 1055 1529 1122 quatenns
1541 1067 1574 1105 ea
1586 1048 1768 1121 apprehendit
1806 1104 1810 1112 ,

79 1143 185 1195 adoret.
215 1139 306 1203 Haeo,
331 1138 457 1210 inquam,
481 1137 665 1191 Bellarminus
691 1136 767 1208 apud
784 1126 967 1193 Chemni·'ut
987 1136 1054 1209 quid
1074 1154 1159 1191 unum
1178 1154 1240 1191 enm
1252 1136 1370 1202 Christo,
1390 1156 1471 1211 quem
1484 1137 1647 1193 continent?
1664 1137 1767 1210 Ecquis

79 1227 148 1282 oium
169 1227 284 1299 legerat,
303 1243 352 1279 cur
370 1225 455 1297 igitur
467 1228 568 1278 statum
582 1223 750 1295 quaestionis
762 1223 836 1277 huno
849 1239 909 1277 esse
936 1223 976 1276 ita
994 1223 1155 1295 distinguit,
1175 1230 1207 1279 ut
1225 1231 1440 1293 sacramentum,
1458 1225 1487 1279 id
1506 1230 1548 1279 est
1564 1223 1670 1296 speeies
1687 1222 1767 1294 panis

10 1313 186 1381 S-seribit,
216 1328 251 1366 an
277 1310 402 1365 Christus
428 1311 456 1363 in
488 1308 655 1364 eucharistia
688 1309 724 1364 sit
751 1310 909 1365 adorandae
936 1315 963 1363 et
987 1308 1043 1363 vini
1064 1315 1095 1363 ut
1114 1309 1252 1365 Christum
1274 1311 1430 1379 continent,
1454 1311 1633 1366 materialiter
1651 1316 1768 1379 tantum,

80 1401 152 1453 cultu
176 1397 298 1452 latriae?
330 1402 353 1451 ι.
372 1396 417 1452 Ad
441 1395 629 1466 depulsionem
654 1392 847 1467 ‹iprotnrqetnr
867 1396 908 1449 in·
936 1413 991 1450 non
1007 1396 1089 1451 etiam
1107 1395 1260 1453 formaliter
1276 1396 1392 1451 adoret?
1420 1396 1553 1467 Disputat
1571 1397 1764 1465 Bellarminus,

80 1486 199 1541 validum
219 1489 261 1538 est
278 1491 393 1545 scutum,
415 1483 488 1554 qnod
502 1481 686 1537 Bellarminus
696 1482 820 1554 opponit,
833 1482 908 1537 vide·
935 1481 997 1536 ideo
1026 1483 1200 1537 statuendam
1232 1500 1292 1538 esse
1323 1482 1674 1553 transsubstantiationem,
1702 1483 1768 1556 quia

80 1571 138 1627 lieet
169 1572 272 1642 aspari
300 1589 319 1623 a
344 1570 517 1637 Pontificius,
542 1587 647 1639 panem
677 1571 706 1622 in
734 1577 908 1623 sumomonte
935 1554 1044 1638 (adeptae¹
1065 1586 1098 1622 cn
1121 1571 1277 1640 pericnlum
1303 1571 1352 1642 sit,
1380 1590 1414 1625 ne
1439 1572 1624 1643 simpliciores
1648 1574 1767 1626 adorent

80 1675 229 1712 remanere.
280 1656 368 1728 Atqui
402 1655 555 1710 affirmatur
593 1655 662 1710 illud
692 1674 708 1710 a
738 1655 847 1710 Christo
881 1663 909 1710 et
931 1672 1049 1725 panem,
1075 1655 1123 1710 lib.
1150 1663 1173 1711 3.
1195 1657 1230 1712 de
1248 1656 1416 1713 eucharistia
1435 1676 1458 1714 o.
1480 1664 1522 1714 22.
1541 1663 1571 1712 at
1589 1658 1661 1712 bone
1681 1657 1768 1728 Deus,

79 1742 178 1813 Paulo,
215 1750 248 1800 nt
272 1742 390 1796 vidimus
417 1759 467 1796 suo
494 1742 569 1809 loeo,
593 1742 666 1796 unde
695 1742 849 1813 complures
875 1759 907 1797 ex
935 1760 970 1796 an
997 1759 1052 1796 non
1080 1742 1163 1796 etiam
1186 1743 1339 1813 periculum
1366 1749 1420 1808 est,
1449 1761 1484 1799 ne
1509 1743 1662 1799 accidentia
1687 1742 1767 1814 panis

80 1830 143 1902 ipsis
162 1829 318 1885 Pontifieiis
339 1828 501 1887 concedunt,
521 1826 856 1883 transsubstantiationem
874 1844 908 1884 ex
935 1828 1069 1884 adorent?
1094 1828 1122 1884 Si
1141 1846 1240 1901 panem
1260 1829 1375 1885 adorare
1387 1830 1473 1903 ipsius
1488 1830 1646 1886 Bellarmini
1658 1830 1766 1901 judicio

77 1916 221 1988 Scriptura
244 1933 323 1970 sacra
346 1914 457 1986 probari
481 1913 592 1968 minime
608 1930 697 1985 posse.
735 1914 826 1978 Quare
845 1931 908 1968 eum
934 1921 976 1970 est
1000 1915 1169 1985 idololatria,
1198 1934 1247 1971 cur
1267 1917 1319 1973 hoo
1339 1918 1400 1973 loeo
1418 1918 1556 1989 disputat,
1580 1917 1767 1973 adorationem

76 2004 244 2060 eucharistia
264 2008 369 2057 constet
387 2000 495 2056 duabus
515 2000 606 2067 rebus,
625 2005 733 2056 terrena
745 2008 773 2054 et
787 1999 907 2066 coelesti,
936 2002 971 2056 ad
989 2003 1115 2074 symbola
1135 2003 1217 2058 etiarn
1235 2004 1315 2075 panis
1336 2004 1438 2059 etvini
1456 2005 1607 2075 pertinere,
1633 2011 1768 2076 quatenus

72 2092 202 2166 quisquis
219 2094 421 2145 sacramentum
440 2088 579 2158 integrum
592 2086 669 2142 eultn
686 2087 784 2141 latriae
793 2088 906 2143 adoran·
935 2088 1180 2160 apprehenduntur
1196 2095 1228 2143 ut
1247 2090 1313 2162 quid
1333 2109 1418 2145 unum
1432 2108 1494 2146 cnm
1507 2090 1633 2147 Christo?
1653 2089 1768 2147 t.1dem

71 2180 141 2237 dum
170 2177 253 2245 dicit,
284 2194 341 2230 rem
374 2184 509 2230 terrenam
541 2176 638 2229 adorat
662 2182 689 2229 et
716 2171 910 2247 eiprnlnrp‘tne
936 2176 1120 2231 Bellarminus
1139 2174 1187 2230 lib.
1209 2182 1231 2229 2.
1253 2176 1286 2230 de
1305 2176 1417 2249 imagin.
1436 2183 1553 2233 sanctor.
1574 2195 1597 2231 o.
1618 2182 1659 2233 24.
1676 2176 1768 2247 dispu-

67 2269 181 2322 erimen
205 2264 329 2318 incurrit.
367 2269 391 2319 3.
411 2260 480 2316 Cum
503 2262 686 2317 Bellarminus
711 2261 777 2315 alibi
796 2278 910 2331 operose
935 2268 984 2330 tat,
1002 2280 1060 2315 εεεε
1081 2263 1117 2314 eie
1135 2263 1256 2316 essentia
1276 2263 1379 2317 latriae
1391 2263 1515 2316 exhiberi
1523 2271 1638 2333 proptor
1650 2280 1687 2326 εε,
1707 2281 1769 2316 cam

66 2355 211 2424 disputet,
230 2350 412 2403 assistentiam
429 2350 514 2418 partis
533 2357 557 2401 et
575 2349 634 2401 cini
651 2338 771 2400 intere-'re'
782 2364 835 2416 per
848 2366 910 2401 eon·
937 2350 1025 2402 latria
1045 2349 1158 2402 dicatur
1176 2367 1298 2401 stammas
1315 2348 1413 2416 ceritas,
1431 2349 1481 2421 qni
1498 2350 1612 2402 dedetrn·
1630 2350 1769 2403 oeroDeo

64 2440 270 2501 sacrationem,
289 2454 338 2491 eur
358 2435 409 2490 hoo
426 2434 488 2489 loeo
509 2453 565 2490 rem
585 2442 720 2489 terrenam
739 2442 820 2489 vocat
839 2452 909 2505 sym·
936 2443 966 2487 nt
977 2436 1072 2504 primo
1086 2435 1231 2505 principio
1249 2435 1370 2488 omnia-m
1388 2452 1488 2492 rernm,
1524 2434 1661 2503 Implicat
1680 2442 1770 2489 autem

64 2528 142 2583 bola
162 2523 297 2581 externa?
324 2522 405 2579 Certe
423 2522 498 2576 nuda
516 2520 670 2575 accidentia
688 2537 720 2574 ac
741 2520 832 2575 nudae
851 2536 910 2592 spe·
937 2522 1183 2575 contradictionem
1208 2520 1334 2593 (inquit),
1363 2520 1485 2575 celtiberi
1507 2540 1642 2575 mmmum
1667 2520 1769 2575 cultam

65 2615 133 2668 eles
153 2630 211 2664 non
230 2617 294 2664 sunt
312 2608 439 2680 symbola
450 2607 533 2679 hujus
546 2606 709 2662 sacramenti
722 2613 845 2675 externa,
863 2607 910 2661 sed
936 2608 1028 2674 primo
1052 2608 1198 2679 principio
1228 2616 1253 2661 ει
1277 2616 1395 2678 propter
1420 2607 1517 2678 aliteri,
1546 2626 1610 2661 nam
1635 2608 1662 2661 si
1673 2609 1770 2678 primo

69 2702 140 2772 ipsa
166 2697 245 2769 panis
263 2702 291 2750 et
308 2695 364 2749 vini
387 2695 554 2756 substantia,
577 2708 659 2765 quam
677 2692 705 2747 in
724 2710 774 2747 sua
792 2693 911 2764 proprie·
935 2694 1086 2764 principio,
1104 2713 1159 2747 non
1181 2711 1248 2762 erqo
1260 2702 1380 2764 propter
1401 2694 1493 2764 aliud,
1511 2694 1538 2747 si
1547 2694 1770 2764 propteralind,

69 2792 137 2839 tate
157 2788 273 2837 naturae
290 2797 451 2853 permanere
471 2778 598 2835 Gelasius
616 2779 721 2834 asserit.
757 2787 780 2834 t.
799 2779 912 2835 Contra·
938 2800 992 2835 non
1012 2781 1106 2851 primo
1127 2781 1278 2851 principio.
1323 2780 1402 2848 Erpa
1425 2780 1469 2834 vel
1493 2780 1614 2850 imaqini
1630 2770 1771 2834 exhibetur

73 2870 199 2926 dicteria
211 2873 281 2936 sunt,
301 2870 376 2936 qnod
386 2867 511 2935 synrbola
524 2876 635 2921 esterna
648 2867 737 2920 soleam
751 2867 912 2920 veneranda
937 2867 1028 2920 caitus
1046 2867 1151 2920 latriae
1170 2875 1353 2937 propterea,
1375 2875 1401 2920 ει
1419 2866 1487 2921 baec
1505 2875 1545 2920 εει
1562 2883 1629 2920 vera
1647 2866 1769 2920 idolola-

74 2956 136 3008 eint
153 2955 230 3007 calta
247 2954 352 3007 minore
371 2956 505 3022 qaedam,
528 2953 594 3022 qnia
614 2953 739 3007 omnihus
757 2970 913 3006 sacramen·
937 2955 1012 3022 tria;
1037 2954 1081 3006 vel
1097 2972 1153 3008 non
1170 2954 1310 3007 maiestas·
1324 2961 1442 3025 propter
1458 2972 1500 3022 εε,
1527 2962 1553 3008 ει
1572 2962 1630 3008 tum
1647 2954 1697 3007 ille
1714 2973 1770 3008 non

77 3043 118 3096 tis
136 3041 268 3099 conuenit,
289 3047 313 3093 ει
333 3041 410 3107 qnod
428 3041 470 3092 od
483 3040 768 3108 symbolaillaetiom
779 3040 912 3095 adoratio
939 3051 977 3095 cst
995 3042 1086 3095 melina
1103 3057 1185 3094 uerae
1212 3040 1326 3095 latriae.
1362 3042 1518 3094 Praeterea
1536 3042 1580 3094 ael
1596 3041 1653 3094 εἐια
1668 3042 1768 3113 ¹latria,

79 3129 188 3184 latriae
201 3129 357 3197 pertineat,
377 3134 512 3195 quatenns
532 3127 779 3195 apprehenduntur
797 3135 827 3181 nt
845 3129 914 3195 qnid
939 3146 1008 3198 qnae
1028 3128 1168 3180 exhibetur
1182 3126 1302 3196 imapini
1310 3133 1427 3195 propter
1439 3127 1528 3195 aliud,
1541 3134 1581 3180 cst
1593 3127 1667 3180 ι’ἀετη
1680 3127 1770 3180 calmes

79 3233 167 3269 renum
192 3231 252 3266 enm
273 3213 397 3279 Christo,
422 3228 500 3281 quem
524 3215 670 3266 continent.
706 3212 814 3277 Quaero
831 3214 911 3281 enim,
938 3233 999 3269 cam
1014 3232 1053 3278 eo,
1071 3213 1121 3283 qai
1138 3212 1277 3266 exhibetur
1290 3213 1353 3265 Deo
1370 3213 1502 3266 aetaliae
1513 3214 1611 3265 minor.
1639 3212 1674 3267 Si
1687 3213 1770 3280 taen,

81 3320 137 3373 qno
156 3300 232 3355 cultu
251 3298 378 3370 symbola
396 3307 508 3353 externa
526 3299 609 3369 hujus
628 3299 799 3367 sacramenti,
819 3307 912 3370 quate·
938 3298 1770 3371 erpoaeqrsecoliturcreatnraatqaeipeeDens,quaeserte
1782 3307 1808 3351 1.
1820 3305 1866 3350 w.

81 3406 133 3443 nus
151 3387 233 3452 talia,
251 3386 303 3440 hoo
324 3394 365 3440 est
386 3391 522 3456 quatenus
540 3392 605 3439 sunt
622 3403 727 3458 organa
745 3386 867 3456 corporis
885 3392 913 3440 et
940 3397 979 3441 εει
996 3387 1174 3453 idololatria,
1192 3404 1257 3439 nam
1272 3386 1440 3440 idololatria
1459 3403 1514 3438 non
1532 3386 1623 3438 solam
1642 3393 1689 3455 εει,
1708 3403 1770 3439 cam

82 3472 224 3545 sanguinis
242 3472 343 3528 Christi
367 3471 446 3526 nobis
471 3470 631 3540 exhibendi,
661 3472 716 3525 sint
733 3471 912 3526 honoranda?
940 3474 1195 3529 adoratrsrielolnm
1210 3474 1307 3528 relicto
1319 3476 1391 3540 Deo,
1405 3474 1770 3527 secietiamcumaelaratar

84 3563 111 3617 Si
135 3559 213 3615 cultu
238 3559 357 3631 quodam
384 3559 487 3613 minore
504 3576 587 3632 quam
605 3559 716 3627 latriae,
743 3561 838 3631 utique
858 3575 912 3613 non
941 3563 1045 3616 idolam
1053 3560 1140 3635 ‘simul
1152 3578 1212 3613 cnm
1228 3561 1299 3613 Deo.
1326 3558 1361 3614 Si
1372 3567 1411 3612 εει
1425 3560 1514 3613 cultas
1526 3559 1624 3627 minor,
1638 3577 1770 3629 nonmqo

83 3648 143 3719 ipso
170 3646 313 3718 religiosae
332 3650 456 3713 λατρείας
475 3647 559 3700 cultu.
596 3646 624 3702 Si
642 3646 825 3700 Bellarminus
847 3647 914 3700 velit
940 3657 979 3701 cst
991 3648 1088 3715 latria,
1101 3665 1166 3700 nam
1178 3648 1265 3701 latria
1278 3655 1317 3700 εει
1329 3664 1450 3700 summas
1463 3646 1560 3702 mettere.
1591 3645 1668 3701 Haeo
1679 3645 1771 3701 omnia

85 3735 235 3791 obvertere.
255 3735 332 3802 qnod
350 3733 379 3784 in
394 3750 422 3783 se
435 3750 469 3784 nc
477 3750 532 3802 pes
544 3750 572 3785 ee
585 3733 689 3785 minare
703 3735 823 3801 proclam
838 3733 914 3787 orella
941 3734 1131 3799 Bellarminus,
1140 3739 1236 3788 contra
1245 3750 1326 3807 quem
1336 3733 1433 3787 eodem
1442 3732 1523 3788 modo
1531 3738 1770 3804 argumentamur:

85 3823 246 3874 veneranda
264 3822 328 3889 sint,
348 3821 410 3888 r'psc
430 3830 521 3873 aretem
542 3821 647 3872 latriae
667 3819 742 3871 crelin
754 3822 914 3885 adoranda,
942 3821 991 3873 Est
1011 3821 1044 3874 de
1066 3821 1184 3875 essentie
1203 3820 1300 3875 latriae
1312 3819 1436 3875 exhiberi
1447 3825 1560 3891 propter
1572 3835 1608 3874 se.
1637 3818 1712 3891 Ergo
1726 3819 1771 3875 rel

85 3917 221 3977 qnatenus
238 3907 485 3977 apprehendantur
503 3915 532 3958 nt
544 3906 614 3976 qaid
624 3924 708 3958 unnim
721 3924 781 3958 erem
797 3906 914 3973 Christo,
941 3905 1073 3977 symbolis
1086 3906 1165 3977 panis
1180 3911 1208 3961 et
1220 3906 1277 3962 vini
1289 3905 1433 3961 exhibetur
1449 3906 1538 3961 cultus
1551 3906 1647 3961 latriae
1659 3911 1772 3977 propter

85 3998 246 4066 respondeo,
264 3994 316 4047 boe
336 3994 395 4048 loco
413 4012 467 4047 non
487 3993 580 4064 quaeri
599 3993 633 4046 do
652 3991 784 4063 symbolis
797 3993 915 4047 externis
941 4011 986 4055 se,
1012 4000 1039 4048 et
1061 3992 1131 4048 haee
1154 3998 1196 4047 est
1213 4010 1278 4047 vera
1297 3990 1466 4057 idololatria,
1492 3994 1536 4048 vel
1555 4010 1609 4047 non
1629 3991 1772 4048 exhibetur

85 4080 112 4135 in
132 4099 163 4136 sc
178 4097 210 4132 ae
222 4096 273 4149 per
286 4096 322 4141 se,
339 4078 367 4131 id
386 4086 427 4133 est
445 4086 579 4150 quatenus
597 4084 662 4132 sunt
673 4077 851 4143 substantiae,
866 4080 914 4134 sed
942 4088 1053 4150 propter
1072 4096 1114 4141 se,
1136 4082 1164 4133 et
1183 4085 1240 4132 tum
1260 4077 1307 4132 ille
1326 4096 1380 4132 non
1399 4084 1441 4131 est
1460 4084 1549 4133 cultus
1566 4096 1647 4135 verae
1665 4079 1770 4134 latriae.

87 4173 220 4239 qnatenus
236 4169 300 4219 srrnt
317 4164 442 4234 symbola
462 4165 680 4225 sacramentalia,
699 4164 756 4217 sire
770 4170 801 4217 ut
813 4164 915 4218 Bellar·
943 4166 1089 4221 Praeterea
1106 4165 1160 4219 ista
1178 4165 1274 4227 latria,
1293 4181 1364 4235 quae
1381 4163 1525 4220 exhibetur
1541 4164 1674 4236 symbolis
1693 4165 1773 4236 panis

71 4230 175 4306 hninus
199 4250 335 4321 loquitur.
366 4259 502 4319 qeaatenns
528 4249 666 4303 carratam
689 4253 841 4313 continent,
866 4250 914 4303 ubi
942 4257 969 4305 et
995 4250 1065 4319 vini,
1091 4258 1204 4323 propter
1232 4250 1306 4304 aliud
1334 4254 1481 4322 (quatenus
1510 4256 1574 4305 sunt
1598 4248 1692 4307 unnm'
1710 4269 1773 4308 eum

85 4337 270 4393 Bellarminus
294 4336 404 4407 quidem
431 4335 510 4399 dicit,
536 4337 610 4409 quod
633 4336 685 4391 hoe
710 4345 837 4407 respectu
861 4335 915 4401 sint
944 4335 1063 4405 Christo,
1090 4354 1171 4408 quem
1195 4336 1346 4391 eontinentl
1371 4344 1413 4391 est
1439 4336 1512 4392 idem
1539 4338 1630 4393 cultus
1651 4356 1714 4395 eum
1732 4356 1773 4404 oo,

87 4426 163 4478 cultu
181 4423 279 4476 latriae
299 4422 452 4479 adoranda.
471 4440 526 4494 qua
542 4424 649 4478 ratione
665 4422 732 4478 velit
748 4422 818 4478 nolit
833 4420 914 4491 ‹inro-
943 4424 989 4495 qui
1015 4423 1158 4478 exhibetur
1184 4422 1307 4491 Christo,
1333 4421 1377 4478 sel
1401 4422 1471 4479 alins
1497 4424 1591 4479 minor.
1637 4423 1666 4480 si
1692 4424 1772 4492 idem,

87 4514 215 4581 turpiter
233 4507 338 4562 stabilit
357 4514 384 4563 et
402 4509 504 4564 cultum
523 4509 606 4564 latria
624 4510 763 4575 minorem,
782 4510 829 4581 qni
843 4527 914 4580 sym·
943 4526 1008 4581 crgo
1026 4526 1115 4581 aeque
1133 4508 1231 4564 oolitur
1249 4515 1383 4574 creatura,
1402 4508 1425 4562 si
1443 4514 1486 4563 est
1499 4510 1590 4565 cultus
1603 4509 1699 4580 minor,
1718 4526 1774 4566 non

85 4596 155 4651 bolis
168 4596 222 4650 illis
235 4596 263 4648 in
278 4613 306 4649 se
319 4600 347 4649 et
358 4612 407 4667 per
420 4613 449 4650 se
461 4596 604 4660 debeatur,
622 4596 728 4652 evertit.
756 4596 913 4652 Nosautem
943 4613 1008 4667 ergo
1028 4602 1070 4649 est
1087 4595 1174 4649 latria.
1211 4599 1233 4649 8,
1254 4594 1387 4667 Symbola
1405 4593 1485 4665 panis
1504 4595 1601 4650 etvini
1615 4612 1773 4651 esseunum

86 4692 196 4739 strenue
215 4698 356 4752 negamus,
375 4680 500 4753 symbola
518 4682 566 4735 illa
584 4683 641 4738 sive
655 4701 705 4755 per·
719 4700 757 4751 se,
776 4682 833 4737 sive
847 4698 913 4754 qua·
943 4701 1005 4737 cum
1018 4682 1125 4737 Christo
1134 4682 1263 4754 ambigue
1273 4683 1382 4738 dieitur.
1407 4680 1592 4737 Bellarminus
1605 4701 1628 4739 e.
1641 4688 1773 4754 sequente

86 4776 166 4824 tenus
191 4774 257 4822 sunt
280 4786 370 4822 rerum
390 4767 549 4822 coelestium
567 4783 683 4839 organa,
709 4787 768 4823 esse
788 4769 914 4840 religiose
943 4786 1063 4840 respons.
1090 4769 1125 4822 ad
1151 4774 1292 4840 quartam,
1322 4770 1452 4825 unionem
1478 4768 1553 4824 illam
1577 4769 1616 4823 sio
1640 4769 1772 4841 explicat:

85 4855 233 4909 adoranda.
271 4863 294 4909 5.
314 4856 422 4910 Etenim
441 4872 503 4909 cum
522 4853 551 4907 in
570 4854 631 4925 ipso
651 4875 703 4911 usu
723 4858 913 4912 sacramentali
943 4858 1035 4919 Lenem
1060 4855 1171 4927 (inquit)
1195 4857 1279 4910 aliter
1303 4864 1343 4909 εει
1362 4852 1489 4909 Christus
1512 4856 1541 4910 in
1560 4855 1730 4909 eucharistia
1749 4863 1774 4909 et

85 4941 211 5014 symbola
234 4946 347 4994 externa
369 4959 386 4994 a
410 4956 523 5012 corporo
543 4948 570 4994 et
588 4941 722 5013 sangnine
741 4941 840 4998 Christi
861 4944 915 4997 sint
943 4943 1009 4996 aliis
1034 4942 1115 4994 rebels
1137 4944 1223 4996 Deae.
1261 4944 1336 4997 Nam
1363 4945 1392 4996 in
1416 4941 1584 4997 merlaristia
1607 4961 1690 4996 ansam
1713 4948 1773 4995 tan-

84 5037 112 5083 et
137 5031 267 5081 maneant
291 5026 436 5093 distinete,
459 5043 510 5080 nee
526 5024 576 5078 fiat
595 5027 744 5097 personalis
762 5028 827 5083 unio
844 5030 916 5085 inter
942 5038 998 5082 tum
1016 5028 1189 5098 appositam
1207 5029 1349 5098 calicique
1368 5029 1502 5093 diuinam,
1519 5037 1610 5083 cetera
1629 5029 1776 5083 omniaad
1881 5098 1883 5103 ¹

84 5129 184 5182 panem
204 5120 233 5165 et
250 5130 357 5182 eorpus,
378 5114 470 5166 vinum
492 5118 519 5166 et
539 5112 700 5182 sanguinem
720 5111 833 5177 Christi,
851 5116 914 5170 ideo
927 5114 929 5131 '
942 5115 1017 5168 illuri
1033 5117 1173 5183 pertinent
1192 5123 1217 5168 et
1236 5132 1297 5167 cum
1317 5114 1368 5168 iilo
1386 5133 1469 5168 tenum
1488 5116 1558 5185 quaid
1570 5114 1690 5185 faciunt,
1710 5115 1775 5170 lieet
1842 5146 1845 5151 ·

84 5217 119 5253 ne
136 5201 164 5252 in
183 5199 243 5269 ipso
262 5200 373 5269 quidem
392 5215 444 5252 usu
463 5195 669 5261 sacramentali,
688 5196 789 5249 nedum
806 5201 835 5252 in
854 5219 916 5271 pro·
943 5220 996 5256 non
1018 5202 1111 5254 eodem
1130 5202 1221 5268 morio,
1240 5200 1304 5254 ideo
1323 5209 1397 5255 reete
1417 5208 1503 5253 totum
1522 5200 1693 5256 illeselsimul
1704 5204 1773 5257 ario-

84 5284 255 5339 cessionihns
276 5283 418 5340 theatricis
444 5291 521 5340 extra
547 5299 626 5336 usum
644 5298 661 5336 a
680 5280 789 5337 Christo
806 5285 914 5341 institu·
941 5296 1037 5354 ratur,
1061 5294 1090 5339 ut
1112 5295 1177 5339 ante
1200 5286 1321 5340 elr'aimns
1345 5289 1380 5342 ale
1408 5286 1517 5341 Christo
1540 5289 1646 5343 vestito.
1682 5290 1721 5343 As
1743 5291 1773 5347 in

83 5379 141 5425 tum
165 5370 300 5440 symbolis
327 5369 445 5425 externis
471 5371 560 5424 cultus
584 5367 679 5422 latrias
705 5365 789 5422 debet
807 5356 1010 5442 desentiatis
1030 5373 1112 5426 redas
1129 5374 1211 5427 Deus
1227 5375 1339 5443 quidem
1359 5382 1405 5443 est,
1422 5374 1473 5426 seri
1489 5392 1544 5429 non
1563 5382 1773 5449 estunumsnp-

85 5459 133 5511 sed
153 5456 282 5510 Christus·
302 5475 351 5510 sno
376 5473 488 5527 corpore
513 5464 541 5508 et
564 5454 699 5525 sanguine
724 5470 787 5510 vare
806 5461 833 5511 et
851 5428 1059 5530 sub-'positam
1083 5478 1144 5512 cnm
1169 5460 1243 5530 illis,
1267 5476 1353 5529 neque
1378 5458 1438 5512 elici
1456 5470 1573 5528 possunt
1596 5481 1678 5515 renum
1704 5465 1775 5533 qnid

84 5542 250 5599 stantialiter
262 5560 311 5598 nos
324 5558 440 5613 pascens
452 5538 610 5597 adorandus
623 5547 672 5606 est,
685 5539 811 5612 symbola
822 5547 914 5599 autem
925 5528 929 5569 ¹
940 5546 1022 5601 Deus
1047 5555 1073 5601 et
1091 5553 1236 5612 mentera,
1261 5547 1291 5601 in
1309 5562 1365 5616 qna
1385 5553 1425 5600 εει
1444 5548 1532 5604 Deus.
1568 5547 1671 5606 Statuit
1687 5548 1774 5622 igitur
