4004 6022
257 342 318 401 its
823 331 944 389 Locus
961 331 1164 390 messurus
1182 332 1380 392 SECUNDUS

257 488 421 558 aliquando,
438 486 466 542 si
482 485 510 538 ei
525 484 567 541 ita
585 486 795 557 cicumsepsit
815 488 875 540 suis
890 489 1018 556 privare.
1056 488 1090 542 ld
1118 489 1177 560 (qui
1200 505 1229 544 se
1249 495 1331 544 vocat
1350 488 1524 544 catholicum
1542 496 1570 544 et
1588 504 1756 545 assemorsm
1774 487 1946 560 pulensus]

256 575 318 646 ipso
334 573 408 628 facto
429 571 539 642 saepius
558 572 787 629 demonstrarunt.
819 572 970 645 Gregorius
982 574 1046 630 Vll.
1067 590 1091 627 c.
1117 591 1180 643 pag.
1205 580 1252 630 ³1:
1289 575 1323 630 st
1340 593 1423 647 papa
1439 583 1532 646 potest
1551 592 1629 644 repes
1647 575 1947 639 recommunicare,st

257 659 316 717 Nos
337 664 503 715 sanctorum.
524 665 563 715 15.
582 664 688 730 quaest
702 664 733 714 6:
750 660 812 714 Nos
830 668 992 713 sanctorum
1005 676 1091 730 prae·
1104 720 1107 729 ¹
1119 662 1218 715 bonum
1244 670 1284 716 est
1302 666 1415 729 sactum
1436 679 1470 716 ac
1488 661 1676 728 meritorium,
1704 661 1733 715 si
1752 661 1820 731 quis
1834 668 1901 731 post
1913 661 1947 713 oi

160 755 166 761 ‘
260 749 436 802 decessorum
454 752 614 799 nostrorum
632 751 740 800 statuta
757 752 878 800 tenentes
897 762 955 816 eos,
983 748 1032 815 qui
1049 734 1227 818 eu·‡bratum
1251 749 1363 815 fulmen
1384 749 1492 818 papale
1517 766 1563 802 eos
1586 748 1734 814 occiderit,
1761 748 1896 803 continuo
1912 764 1947 801 ss·

259 831 469 888 communicatis
499 831 636 896 fidelitate
660 839 718 904 ‚aut
747 839 922 887 samamento
950 832 1227 904 constricti5quitur,
1246 836 1413 902 martyrium
1429 836 1506 900 ferri
1520 836 1616 905 potius
1635 843 1800 890 constanter
1817 843 1949 906 oportere,

259 928 331 983 sunt,
350 917 508 988 apostolica
525 918 693 972 auctoritate
712 919 902 987 ajuramento
917 906 1202 988 absolvimus,iquam
1228 921 1258 974 in
1281 939 1368 975 causa
1389 938 1462 987 esse,
1491 939 1542 975 cur
1567 922 1592 975 ii
1608 924 1760 976 tradantur
1778 923 1879 991 morti,
1906 922 1949 992 qut

260 1014 286 1061 et
315 1022 349 1058 ne
378 1003 435 1057 sibi
459 1003 629 1074 fidelitatem
660 1005 818 1073 observent,
849 1005 974 1059 omnibus
1003 1005 1094 1058 raedis
1121 1007 1173 1060 iter
1192 1010 1233 1059 ad
1249 1008 1336 1060 uitam
1355 1016 1498 1061 aeternam
1516 1009 1694 1071 ostenderint,
1715 1009 1771 1062 liae
1784 1009 1948 1079 propositio

258 1091 446 1163 probibemus.
476 1088 545 1144 Pius
563 1089 599 1147 V.
617 1090 647 1145 in
666 1091 743 1146 bulla
761 1091 892 1147 adversus
904 1089 1093 1146 Elisabetham
1120 1111 1169 1146 nes
1192 1101 1291 1148 catena
1314 1096 1437 1164 quadam
1462 1096 1534 1148 inter
1559 1111 1588 1148 se
1612 1111 1752 1149 conanae
1771 1103 1848 1150 sunt.
1886 1094 1949 1151 con·

180 1221 183 1227 .
260 1177 380 1251 Angliae
397 1177 536 1248 reginam:
559 1177 692 1232 Volumus
711 1187 738 1231 et
757 1180 932 1242 mandamus,
950 1186 979 1231 ut
996 1179 1095 1231 aduer-
1118 1180 1253 1250 jungatur
1276 1197 1341 1236 vero
1367 1180 1450 1234 etiam
1468 1179 1559 1250 praxis
1577 1179 1720 1249 Jesuiticn
1763 1178 1866 1235 Sicarii
1883 1181 1950 1235 euim

260 1284 307 1322 sus
327 1264 455 1333 rapinam
472 1264 642 1318 haereticam
662 1271 688 1317 et
709 1265 972 1318 eucommunicatam
990 1263 1097 1316 subditi
1121 1265 1175 1333 illi,
1194 1265 1242 1336 qui
1261 1265 1374 1335 regibus
1392 1265 1545 1320 Gabbaram
1563 1271 1592 1320 et
1608 1265 1729 1336 Angliae
1747 1266 1869 1321 insidias
1888 1274 1949 1320 stru

262 1370 344 1407 arma
368 1358 527 1420 capessant.
563 1349 632 1405 lude
653 1349 806 1404 communis
832 1349 929 1404 schola
947 1349 1096 1415 concludit,
1122 1358 1233 1418 xerunt,
1263 1351 1380 1406 confessi
1407 1358 1484 1419 sunt,
1515 1369 1532 1405 a
1561 1351 1676 1407 Jcsuitis
1701 1368 1731 1406 se
1755 1352 1909 1407 instructos
1927 1360 1952 1408 et

257 1437 438 1508 principibus
464 1454 483 1490 c
502 1453 584 1505 papa
610 1436 852 1489 ercommunicutis
869 1436 978 1490 nudam
997 1454 1015 1487 a
1034 1434 1096 1487 sub·
1122 1436 1248 1506 edoctos,
1279 1438 1353 1507 quod
1379 1438 1478 1494 caedes
1504 1455 1601 1509 regum
1623 1437 1827 1493 haereticorum
1850 1454 1870 1493 a
1886 1455 1953 1510 papa

262 1524 331 1579 ditis
364 1522 461 1575 deberi
490 1520 684 1576 obedientiam.
732 1520 894 1576 Dominicus
928 1521 1039 1576 Bannes
1068 1519 1097 1574 in
1123 1523 1420 1578 excommunicatorum
1444 1524 1482 1577 sit
1504 1524 1649 1579 meritoris.
1684 1524 1759 1579 Vide
1787 1526 1895 1581 catech
1911 1525 1952 1582 le·

263 1608 467 1665 commentariis
492 1623 575 1679 super
599 1605 735 1662 Thomam
757 1613 780 1663 2.
801 1613 824 1663 2.
845 1613 951 1679 quaest.
973 1613 1012 1664 12.
1032 1606 1096 1662 arti·
1123 1609 1251 1664 suiticum
1268 1615 1297 1665 et
1315 1609 1417 1664 librum
1435 1608 1585 1667 Marianae.
1614 1609 1780 1666 Witakems
1792 1612 1822 1666 in
1835 1629 1953 1683 respons.

263 1698 316 1754 cul.
349 1701 377 1751 2:
407 1696 478 1749 Post
511 1695 601 1749 latam
633 1695 798 1748 sententiam
828 1695 1033 1750 declarativam
1061 1696 1097 1747 de
1123 1695 1159 1750 ad
1184 1694 1262 1764 epist.
1286 1692 1429 1765 Campiani
1448 1695 1477 1749 in
1494 1696 1581 1766 princ.
1601 1696 1690 1752 simile
1708 1697 1870 1767 exemplum
1889 1715 1953 1753 com·

265 1783 382 1838 crimine
400 1782 525 1836 haeresis
550 1782 654 1849 injuste
677 1782 813 1852 princeps
834 1781 963 1851 possidet
980 1798 1097 1851 repnum
1124 1785 1268 1836 memorat:
1293 1782 1451 1851 Suspensus
1470 1791 1510 1836 est
1528 1782 1849 1854 (inquit)superioribus
1863 1785 1954 1838 diebus

265 1878 314 1925 aut
339 1868 532 1940 principatum
555 1875 581 1920 el
604 1876 712 1920 ecercet
730 1868 961 1937 jurisdictionem
983 1867 1014 1920 in
1036 1868 1096 1920 sub-
1123 1868 1267 1933 sacrificus
1290 1869 1406 1936 quidam
1428 1869 1594 1923 Everardus
1618 1887 1632 1923 e
1655 1872 1812 1925 seminario
1830 1872 1956 1926 Remensi

266 1957 350 2024 ditos,
366 1962 544 2024 tenemurque
563 1953 669 2007 subditi
686 1955 804 2008 emmere
823 1971 852 2007 se
872 1955 907 2008 ab
925 1955 987 2022 ejus
1005 1953 1097 2006 obedi·
1123 1953 1154 2006 in
1179 1953 1316 2020 Ampliam
1341 1954 1471 2021 emismss,
1500 1955 1549 2024 qui
1575 1955 1605 2009 in
1629 1973 1742 2010 carcere
1771 1958 1852 2012 clare
1878 1966 1955 2027 atoue

266 2043 342 2098 entia
362 2043 448 2111 (nota)
467 2049 493 2094 st
511 2041 613 2095 bellum
632 2056 730 2108 perere
749 2048 848 2094 contra
864 2041 959 2104 illum,
982 2041 1009 2093 si
1026 2039 1098 2092 uires
1125 2040 1269 2109 affirmate
1295 2043 1464 2096 asseuerauit
1486 2044 1661 2097 adstantibus
1677 2052 1762 2113 marre
1781 2046 1955 2099 audientibus

265 2136 419 2201 suppetant.
469 2128 515 2180 Ec
544 2128 597 2181 bac
625 2128 802 2182 conclusione
837 2114 963 2196 sequitur
997 2126 1100 2197 (pergit
1125 2128 1244 2180 sedecim
1265 2129 1465 2182 honestissimis
1486 2129 1568 2197 uiris,
1590 2130 1784 2198 proditionem
1808 2132 1839 2184 in
1854 2132 1955 2200 princi·

266 2217 402 2285 Bannes),
422 2214 519 2284 primo
539 2215 712 2268 excusandos
731 2230 789 2268 esse
806 2214 981 2282 Anplicanos
1001 2222 1026 2266 et
1047 2212 1099 2268 Sa·
1122 2230 1188 2281 pem
1223 2212 1411 2278 (haereticum)
1443 2232 1499 2268 non
1530 2231 1588 2268 esse
1617 2224 1765 2284 peccatum
1797 2217 1830 2270 in
1861 2219 1955 2270 Deum

267 2303 381 2357 noricos
409 2300 524 2370 fideles,
558 2300 609 2368 qui
633 2316 662 2353 se
689 2318 745 2354 non
772 2301 894 2353 eximunt
919 2318 938 2352 a
963 2308 1101 2369 potestate
1126 2300 1203 2354 Idem
1230 2299 1297 2355 iicet
1321 2299 1433 2371 oblique
1456 2307 1484 2354 et
1501 2300 1634 2357 indirecte
1651 2310 1813 2374 propugnat
1832 2304 1955 2359 &mnus

268 2388 454 2460 superiorum,
470 2403 520 2440 nec
539 2386 641 2440 bellum
656 2393 755 2441 contra
766 2385 834 2440 illos
845 2395 952 2453 perum,
970 2387 1101 2455 quoniam
1126 2387 1155 2439 in
1173 2385 1251 2440 libris
1268 2389 1399 2440 aduersus
1418 2404 1512 2458 regem
1531 2387 1651 2457 Angliae
1670 2388 1767 2458 editis,
1788 2391 1837 2460 qui
1854 2398 1957 2462 propte

269 2476 446 2532 communiter
465 2492 521 2528 non
543 2473 644 2527 italam
668 2473 836 2538 sancitatem
863 2476 904 2527 ad
929 2473 997 2526 baec
1028 2472 1101 2526 bella
1127 2489 1174 2526 rea
1192 2473 1302 2527 decreto
1319 2472 1460 2528 Sorhonae
1477 2473 1639 2529 Parisieusis
1658 2483 1723 2529 sunt
1740 2476 1890 2546 prohibiti.
1925 2477 1957 2532 Et

268 2563 395 2632 peranda
420 2567 517 2614 contra
537 2559 682 2628 principes
706 2567 731 2613 et
757 2560 899 2613 imminent
922 2559 982 2612 illis
1000 2558 1102 2626 procia
1128 2559 1194 2629 quid
1219 2558 1330 2613 multis?
1365 2558 1465 2613 Petrus
1488 2558 1645 2614 Matthaeus
1667 2561 1891 2631 jurisconsultus
1908 2563 1956 2617 sin·

265 2649 414 2719 perierda,
453 2644 501 2700 nbi
536 2644 713 2716 singulariter
746 2645 862 2699 observa
893 2662 926 2700 ex
957 2644 1102 2716 hypothesi
1128 2644 1232 2716 gularis
1256 2645 1374 2700 encomii
1398 2646 1459 2700 loco
1476 2645 1546 2699 illud
1564 2646 1599 2701 de
1616 2645 1731 2700 Jesuitis
1752 2656 1956 2713 commemorat,

273 2735 413 2789 doctrinae
433 2730 604 2798 Pontificius,
624 2730 742 2785 subditis
761 2748 817 2785 non
833 2731 921 2785 solum
940 2732 1033 2799 licere,
1053 2731 1102 2785 sed
1128 2731 1203 2803 quod
1229 2748 1307 2800 repes
1335 2750 1369 2785 ac
1392 2732 1538 2802 principes
1562 2733 1717 2786 haereticos
1740 2751 1756 2786 e
1780 2736 1878 2789 raedis
1901 2736 1959 2791 tottt

272 2820 346 2891 ipsos
374 2818 457 2873 etiam
480 2816 614 2885 oblipari,
641 2823 673 2871 ut
699 2816 884 2872 obedientiam
908 2817 1032 2889 legitimo
1053 2833 1103 2871 suo
1127 2834 1209 2889 posse
1226 2824 1363 2886 statuant,
1384 2817 1425 2872 sic
1441 2817 1514 2872 enim
1532 2817 1629 2872 scribit
1644 2818 1674 2871 in
1693 2818 1781 2887 libro,
1808 2824 1859 2892 qui
1878 2821 1957 2876 confi·

272 2903 445 2978 magistratui
464 2902 627 2969 detrectent,
644 2901 668 2956 si
685 2901 709 2957 is
727 2918 832 2974 apspa
846 2903 1102 2959 excommunicetur.
1128 2909 1177 2959 net
1198 2904 1348 2960 decretales
1366 2903 1525 2958 Pontificius
1551 2920 1568 2958 a
1589 2903 1725 2975 Gregorio
1745 2906 1801 2961 IX.
1819 2907 1958 2979 usquead

272 2991 438 3048 Wilhelmus
461 2989 600 3044 Romaene
623 2988 658 3044 de
675 2988 803 3046 vindiciis
820 2988 987 3059 reipublicae
1005 2988 1103 3044 Christ
1128 2991 1235 3046 Sixtum
1254 2991 1289 3047 V.
1308 2989 1360 3044 sub
1378 2991 1562 3047 decretalibus
1581 2991 1661 3060 Pauli
1681 3008 1755 3047 anno
1776 3000 1860 3057 itas:
1889 2997 1959 3049 Duri

271 3081 403 3135 adversus
422 3093 501 3148 reges
521 3075 619 3147 impios
639 3082 666 3132 et
684 3074 836 3131 haereticos
853 3094 878 3146 p.
901 3082 956 3132 156.
973 3076 1103 3146 disputat,
1129 3077 1330 3146 mperseminat
1355 3077 1483 3132 inimicus
1501 3078 1581 3131 bomo
1595 3079 1716 3148 sicania,
1740 3082 1850 3134 adsunt
1870 3083 1958 3135 divino

168 3171 213 3216 ¹11-
228 3173 261 3214 15·
272 3167 397 3222 subditos
408 3165 477 3234 jure
491 3180 578 3233 posse
596 3163 724 3216 resistere
743 3170 878 3231 tyranno,
899 3167 927 3219 et
945 3162 1031 3230 addit,
1049 3181 1104 3215 om·
1129 3165 1282 3218 Pneumate
1307 3165 1392 3217 acciti
1409 3172 1508 3233 patres
1531 3164 1679 3218 Societatis
1698 3165 1787 3233 Jesri,
1814 3169 1869 3237 qui
1887 3169 1960 3222 Petri

272 3272 334 3308 nem
359 3268 451 3319 sepem
470 3249 639 3304 haereticum
659 3247 719 3320 (qui
736 3247 877 3303 Romanae
896 3249 1026 3304 ecclesiae
1045 3248 1103 3320 pla-
1129 3252 1222 3304 sedem
1237 3250 1397 3315 illustrant,
1426 3251 1457 3304 in
1475 3252 1626 3305 Lutberum
1645 3269 1727 3304 arma
1748 3254 1845 3307 divim
1864 3253 1959 3325 elapsi

271 3339 327 3396 cita
344 3356 400 3394 non
419 3334 546 3408 agnoscit
562 3335 593 3388 in
610 3333 747 3400 omnibus)
767 3351 823 3387 esse
843 3335 926 3388 simul
947 3343 1103 3403 tyrannum.
1125 3345 1240 3405 parant,
1258 3344 1391 3404 tprannos
1410 3337 1621 3404 apprediuntur,
1639 3337 1738 3391 lolium
1757 3340 1794 3392 ab
1813 3359 1889 3410 apro
1904 3340 1995 3396 Dent

271 3426 397 3483 lesuitas
415 3421 585 3477 Parisienses
603 3419 860 3476 contraHenricum
872 3420 925 3477 111.
961 3420 1103 3478 Valesium
1129 3423 1231 3476 mistico
1258 3423 1377 3478 evellunt
1399 3430 1453 3478 etc.
1489 3421 1573 3477 Mero.
1593 3421 1835 3496 Gallo-Belgicus
1856 3432 1920 3484 tom.
1937 3433 1957 3483 2.

272 3510 494 3584 pronuntiarunt,
512 3508 597 3562 licere
611 3507 991 3577 populosclvaconscientia
1005 3517 1103 3563 contra
1129 3509 1176 3564 lib.
1204 3514 1249 3565 20:
1280 3510 1428 3563 Amoldus
1453 3509 1488 3562 ab
1509 3509 1656 3562 academia
1674 3511 1842 3566 Parssiensi
1859 3520 1899 3568 ad
1915 3515 1957 3570 lor

274 3599 467 3666 mnpistratum
484 3594 661 3661 dormissem,
683 3594 730 3647 cui
745 3594 879 3663 relipioni
895 3596 1044 3649 obstrictus
1059 3596 1105 3664 sit,
1130 3614 1228 3649 munus
1239 3596 1400 3663 desipnatus
1408 3595 1485 3648 litem
1494 3595 1614 3648 Jesuitis
1626 3597 1756 3666 intendit,
1771 3600 1957 3656 accusationis

272 3702 302 3739 se
321 3698 447 3750 armare,
466 3681 547 3733 unire
566 3697 601 3732 ac
620 3696 681 3733 eum
701 3698 761 3733 cum
779 3681 994 3736 adhaerentibus
1009 3699 1104 3751 perse·
1131 3682 1268 3736 articulus
1280 3685 1417 3737 secundus
1427 3683 1493 3748 fuit,
1506 3699 1552 3735 eos
1563 3689 1655 3736 cotum
1664 3686 1810 3753 suscipere
1820 3686 1959 3742 obediendi

273 3770 322 3840 qui
342 3769 424 3839 justa
451 3766 672 3820 constitutionem
698 3768 857 3823 Innocentis'
880 3769 900 3820 Ι
904 3767 932 3821 V.
955 3769 985 3821 in
1006 3768 1104 3822 concil.
1130 3787 1180 3822 suo
1193 3769 1326 3836 penerali,
1347 3769 1432 3836 quisi
1445 3769 1556 3833 timorit,
1571 3769 1800 3840 interficcrcpem
1814 3774 1957 3839 mannas,

274 3857 450 3926 Lupdunens.
480 3870 503 3906 c.
535 3858 556 3908 1.
584 3853 620 3906 de
645 3851 773 3909 homicid.
800 3854 829 3908 in
853 3860 876 3910 6.
902 3861 930 3910 et
955 3871 978 3912 c.
1003 3856 1052 3912 ult
1070 3855 1105 3910 de
1132 3858 1251 3909 auridum
1269 3864 1317 3909 est.
1353 3854 1387 3908 ln
1410 3855 1530 3925 publicis
1552 3855 1733 3911 concionibus
1752 3858 1906 3915 laudarunt
1922 3859 1957 3914 u·

273 3960 353 4015 poen.
391 3940 493 3996 Notum
514 3945 569 4007 est,
588 3937 637 4010 qui
653 3937 758 3994 Rcmm
775 3940 889 4010 plausus
908 3940 1032 4009 excitati,
1057 3941 1105 4012 qui
1130 3947 1205 3995 ctum
1231 3940 1331 3995 Jacobi
1356 3940 1505 3998 Clementis
1531 3941 1606 4012 regis
1629 3941 1745 3997 Hemici
1770 3944 1825 4002 Ill.
1856 3946 1956 4002 interis

273 4043 394 4101 paeones
422 4026 561 4080 decantati
588 4024 704 4092 fuerint,
740 4043 803 4080 cum
834 4027 869 4082 de
894 4029 968 4100 regis
996 4027 1104 4084 Galliae
1130 4026 1220 4082 ctoris.
1265 4032 1286 4081 i.
1315 4027 1425 4096 Officii,
1451 4045 1505 4096 qim
1527 4037 1663 4096 parentes
1681 4046 1715 4081 ac
1736 4030 1838 4096 liberi,
1859 4032 1957 4088 donau

273 4112 448 4171 Dominicani
485 4111 598 4178 (rectius
632 4112 734 4166 dixeris
767 4112 949 4178 daemoniaci)
979 4115 1104 4169 monachi
1131 4131 1164 4167 ac
1193 4114 1279 4177 serui,
1316 4113 1435 4167 maritus
1468 4122 1494 4166 et
1520 4131 1591 4167 uror
1618 4115 1673 4168 sibi
1696 4117 1817 4171 invicem
1839 4128 1958 4175 tenentur

274 4205 410 4258 venenata
437 4198 494 4254 sica
519 4214 552 4252 er
571 4197 679 4252 insidiis
698 4198 854 4254 obtruncati
872 4200 958 4256 caede
977 4200 1104 4255 aunuum
1131 4200 1263 4267 obstricti,
1284 4200 1413 4255 turbatio.
1447 4199 1562 4270 Papalis
1582 4200 1654 4256 enim
1674 4202 1793 4258 ecclesia
1805 4222 1864 4260 non
1876 4208 1957 4262 solun

273 4294 346 4346 esset
373 4287 502 4354 allatum,
531 4286 687 4358 cujusmodi
706 4287 829 4341 cratone
846 4288 1034 4358 parentaverit
1052 4288 1104 4358 ipsi
1131 4285 1272 4357 permittit,
1288 4284 1337 4339 scd
1355 4285 1439 4340 etiam
1456 4284 1560 4352 laudat,
1579 4286 1602 4340 si
1622 4303 1698 4355 uror,
1717 4288 1809 4360 liberi,
1828 4293 1902 4348 servi
1919 4309 1958 4346 ro

274 4374 368 4431 Sixtus
398 4373 434 4430 V.
463 4373 493 4427 in
519 4379 734 4443 purpuratorum
763 4381 860 4428 senatu
899 4379 923 4429 2.
951 4373 1104 4445 Septembr.
1131 4371 1266 4427 cauonem
1292 4388 1370 4425 suam
1392 4371 1520 4426 deserant
1542 4379 1569 4425 et
1592 4372 1832 4443 peregrinationes
1852 4378 1888 4433 ad
1905 4378 1959 4434 locs

275 4462 358 4516 Anno
379 4464 452 4515 1589.
469 4458 498 4511 in
517 4474 574 4529 qua
590 4457 757 4512 horrendum
774 4459 843 4513 illud
856 4459 964 4514 facinus
976 4460 1104 4514 laudibus
1131 4465 1288 4514 sanctorum
1306 4456 1467 4528 suscipiant.
1502 4457 1634 4511 &armus
1651 4458 1680 4512 in
1696 4465 1717 4514 1.
1729 4459 1803 4517 Tim.
1818 4469 1845 4518 5.
1862 4481 1889 4535 p.
1902 4469 1959 4520 tib:

275 4549 303 4603 in
322 4546 444 4614 coelum,
469 4544 619 4600 autetiam
638 4560 723 4614 supra
742 4545 849 4600 coelum
867 4547 960 4615 effert,
978 4547 1105 4602 omnibns
1134 4547 1239 4601 Paulus
1257 4547 1335 4610 dicit,
1354 4547 1381 4597 si
1398 4546 1460 4613 prsis
1478 4563 1590 4598 morum
1609 4564 1706 4599 curam
1725 4550 1887 4620 nonhabet,
1904 4553 1959 4613 ini·

274 4635 388 4690 heroum
408 4633 444 4687 ab
462 4631 535 4687 omni
553 4648 621 4686 aevo
638 4631 721 4685 rebus
734 4632 875 4701 praeclare
888 4633 972 4704 gestis
985 4635 1107 4703 praefert
1132 4633 1191 4688 dcli
1214 4640 1254 4685 est
1280 4633 1415 4698 deterior,
1435 4631 1542 4685 scilicet
1559 4633 1609 4701 qui
1626 4634 1678 4687 boc
1696 4635 1791 4699 officii
1810 4655 1868 4691 non
1882 4654 1960 4708 prae

275 4720 441 4791 tandemque
480 4735 542 4772 cum
576 4717 718 4772 adorando
749 4718 946 4773 incarnationis
974 4721 1104 4791 mysterio
1131 4726 1186 4773 stat
1205 4719 1272 4784 suis,
1290 4719 1387 4786 quibus
1404 4725 1523 4771 naturae
1540 4717 1650 4772 uinculo
1660 4719 1805 4791 jungitur,
1823 4724 1960 4792 quodeti-

275 4806 388 4863 coniert
431 4804 469 4859 Et
486 4803 603 4875 quidni?
626 4820 689 4858 cum
705 4806 787 4874 juxta
804 4804 1001 4861 immanuelem
1018 4824 1036 4861 a
1051 4808 1106 4863 Sea
1131 4806 1189 4859 uici
1213 4822 1319 4873 quoque
1341 4805 1473 4857 instinctu
1498 4812 1620 4857 naturae
1631 4814 1788 4872 praestant.
1826 4811 1867 4864 At
1884 4811 1962 4866 boda

276 4894 304 4949 iu
329 4890 493 4963 aphorismis
513 4889 700 4945 confessorum
717 4890 747 4943 in
766 4907 833 4946 voce
850 4891 986 4958 Clericus,
1010 4894 1107 4948 clerici
1131 4911 1239 4947 sumnia
1262 4892 1378 4944 babetur
1394 4891 1503 4959 pietas,
1526 4892 1553 4944 si
1571 4892 1633 4959 quis
1650 4892 1727 4946 domi
1743 4894 1855 4950 relictis
1872 4897 1962 4952 liberis

275 4978 390 5034 rebellio
412 4979 441 5032 in
461 4992 554 5046 repom
577 4993 633 5029 non
650 4977 688 5028 sit
705 4977 808 5030 crimen
827 4977 921 5031 lacsuc
941 4981 1106 5049 nscjestatis,
1132 4988 1157 5033 et
1174 4996 1270 5038 uxore,
1288 4986 1337 5031 aut
1356 4979 1440 5031 etiam
1452 4978 1624 5046 prandaeuis
1631 4981 1800 5046 parentibus
1811 4985 1858 5037 nel
1867 4985 1962 5038 Hiero

276 5065 343 5135 quia
361 5064 471 5118 nonsit
490 5061 616 5115 subditus
632 5063 721 5130 rapui.
744 5062 822 5117 ldcm
840 5062 868 5116 in
881 5080 948 5118 voce
960 5064 1105 5135 Princeps:
1132 5068 1254 5134 solymae
1279 5067 1359 5138 abeat
1376 5067 1420 5119 uel
1439 5067 1469 5119 in
1487 5066 1686 5119 monasterium
1703 5067 1792 5120 abdat
1810 5087 1842 5124 se
1858 5072 1915 5125 sibi
1928 5071 1962 5125 si·

278 5153 336 5205 Res
354 5157 448 5221 potest
465 5166 521 5218 per
540 5148 741 5218 rempublicam
762 5150 877 5218 privari
898 5168 984 5219 repro
1007 5152 1041 5204 ob
1066 5161 1105 5219 ty·
1133 5160 1242 5220 clarus,
1266 5159 1314 5204 aut
1331 5152 1465 5214 fortassis
1480 5153 1564 5204 etiam
1582 5153 1680 5205 uentri.
1716 5151 1826 5209 Contra
1845 5159 1963 5226 quinem

276 5237 425 5290 raunidcm
449 5243 474 5289 et
496 5235 524 5288 si
545 5253 601 5288 non
626 5235 717 5297 faciat
736 5235 862 5302 officium
880 5254 974 5305 suum,
1001 5246 1106 5291 etcum
1130 5247 1311 5308 praeceptum
1334 5238 1520 5294 defenduntur
1544 5238 1572 5293 in
1595 5246 1715 5310 papatu:
1751 5245 1775 5295 1.
1806 5245 1964 5300 insidiosos

278 5329 317 5375 est
348 5323 448 5390 aliqua
479 5339 566 5377 causa
589 5323 686 5390 justa,
715 5328 742 5374 et
770 5321 841 5389 elipi
865 5322 940 5375 alius
963 5341 982 5375 a
999 5325 1108 5394 majore
1133 5345 1229 5394 rapum
1240 5335 1267 5378 et
1274 5326 1435 5394 principum
1448 5327 1656 5388 interneciones,
1670 5325 1781 5381 illorum
1794 5330 1913 5399 scilicet,
1922 5329 1964 5403 qui

273 5414 359 5477 parte
372 5406 489 5476 popuii,·
508 5408 625 5477 quidam
643 5416 735 5461 tamen
753 5408 843 5462 solum
855 5411 1032 5476 tyrannidem
1043 5429 1107 5464 cau·
1133 5413 1170 5466 ad
1193 5410 1332 5482 pontificis
1356 5418 1454 5466 nutum
1476 5430 1537 5467 sese
1561 5413 1770 5469 accommodare
1792 5418 1911 5484 nolunt,
1938 5424 1965 5473 ut

277 5511 338 5548 sam
351 5501 462 5563 putant.
490 5493 533 5548 Ex
551 5493 651 5565 quibus
667 5493 869 5565 hypothesibus
885 5494 1026 5551 Jesuiticis
1044 5514 1107 5553 con·
1133 5497 1227 5568 praxis
1246 5497 1395 5568 superioris
1413 5498 1500 5553 seculi
1519 5498 1612 5552 multis
1626 5499 1760 5570 exemplis
1771 5503 1964 5575 comprobarit

278 5577 368 5637 cludit
387 5584 487 5648 ‚auctu
510 5578 641 5635 sucosa
667 5579 704 5635 ad
727 5597 821 5652 regem
844 5579 1106 5643 Christianissimum
1135 5586 1161 5640 2.
1187 5584 1295 5639 Caedes
1322 5585 1452 5651 illrum
1472 5583 1522 5656 qui
1539 5601 1558 5643 a
1573 5600 1722 5657 synagoga
1736 5584 1869 5648 Romana
1885 5606 1965 5649 sm
