4004 6022
102 144 105 153 ¹
180 150 241 213 tte
770 144 893 205 nocue
912 143 1115 204 VIOESIHUS
1133 143 1276 204 mistus

178 298 1009 375 mortisadccmmunionemadmissosesseeos,quinon·
1035 299 1117 356 unice
1139 300 1270 374 respiciat
1289 272 1442 367 Christum
1464 299 1868 374 mansuetem

180 385 248 443 dum
275 386 454 459 expleverant
484 388 634 445 constituta
663 389 847 460 pomitentim
875 394 1008 461 tempora
1035 391 1079 443 est
1097 387 1218 445 sdrstor
1234 393 1336 459 noster,
1353 387 1491 461 siquidem
1506 405 1562 445 non
1576 388 1665 445 solum
1675 389 1768 446 inus
1778 389 1867 446 mnus

182 470 350 545 Spectacula
373 490 440 547 ergo
464 474 514 529 illa
535 474 664 545 publicae
688 474 876 545 poenitentiae
897 474 1011 530 fuerunt
1035 490 1137 545 corpus
1156 491 1237 530 suum
1255 491 1306 547 pro
1322 475 1402 532 nobis
1419 475 1448 529 in
1459 482 1576 531 mortem
1588 476 1704 532 tradidit
1716 477 1868 550 strangni·

181 558 312 617 meroitle
339 559 503 631 disciplinae
535 559 754 630 eceloeiasticae,
788 565 903 631 propter
938 577 1010 632 quae
1035 577 1098 617 nem
1128 578 1209 617 suum
1235 561 1265 617 in
1289 561 1477 618 remissionem
1504 568 1680 634 peccatorum
1711 569 1869 619 aestuum

181 644 341 719 neutiquam
367 645 483 702 salutari
500 645 583 717 bujus
601 647 766 703 anonmenti
782 647 931 719 pharmaco
946 665 1011 704 vere
1036 647 1149 715 effudit,
1167 647 1216 703 sed
1235 649 1318 704 etiem
1335 648 1406 703 illud
1423 647 1515 719 ipsum
1531 648 1709 705 redemtoris
1727 655 1757 706 et
1774 649 1869 706 renn-

179 731 470 803 poenitentesiuerunt
475 731 586 802 privati,
595 732 645 788 sed
654 733 863 804 adsignaverae
868 732 1010 804 poeniten·
1036 733 1259 804 sionispretium,
1276 734 1306 788 id
1325 740 1368 791 est
1384 751 1486 806 corpus
1505 740 1534 790 et
1550 735 1715 807 sanguinem
1731 752 1823 806 mum,
1840 736 1870 792 in

179 819 235 875 tiae
259 817 366 873 edenda
382 824 411 873 et
427 819 465 873 ad
481 819 679 889 praestandam
698 819 831 877 melesius
848 819 1011 876 mtisiaotio·
1038 836 1117 875 saera
1139 836 1225 876 coena
1245 820 1325 875 nobis
1353 819 1467 877 exbibet
1489 827 1518 877 et
1534 821 1760 878 manducandum
1778 838 1812 877 ac
1828 820 1870 876 bi-

180 921 243 960 nem
258 903 336 975 prius
353 903 496 976 compulsi.
532 911 556 960 1.
576 906 676 960 Omnes
697 907 858 961 αάοοηονὲι·
876 909 1012 977 fatertur,
1038 905 1160 962 bendum
1185 905 1315 977 praebet,
1337 912 1370 961 ut
1399 906 1453 962 hae
1476 907 1600 979 corporis
1621 914 1649 964 et
1665 908 1812 980 sanguinis
1827 908 1871 964 sui

180 998 246 1045 oste
265 991 480 1047 somnumiosem
505 991 615 1061 requisi
637 994 738 1059 fidem,
762 1001 789 1048 et
807 994 901 1065 utique·
918 1011 1012 1049 eorum
1038 991 1206 1049 exhibitione
1236 1009 1286 1048 nos
1313 991 1458 1048 oontirmet
1482 999 1512 1050 et
1540 1000 1631 1050 certos
1655 995 1770 1065 reddat,
1796 996 1871 1068 quod

179 1077 325 1146 requiescet
342 1079 426 1133 etrum
441 1080 641 1149 postetam
660 1088 688 1134 et
704 1081 913 1136 abromum.
949 1081 1013 1136 lum
1038 1078 1131 1134 omnia
1154 1078 1290 1136 beneficia
1314 1097 1365 1135 sua
1383 1080 1532 1136 traditione
1549 1081 1672 1152 eorporis
1689 1088 1718 1138 et
1735 1080 1871 1140 effudme

178 1180 245 1218 sero
266 1165 335 1231 fidet
356 1165 442 1220 etium
463 1165 527 1220 solu
538 1167 679 1238 justificat
697 1169 777 1242 opud
793 1169 968 1223 Daimonos
988 1177 1014 1222 et
1038 1165 1180 1237 sauguinis
1199 1171 1288 1237 parte,
1307 1166 1379 1223 inter
1398 1183 1471 1238 quae
1487 1169 1589 1225 eminet
1607 1168 1733 1224 remissio
1744 1176 1871 1240 peecato-

95 1292 97 1296 r
178 1250 266 1306 mulso
284 1251 375 1319 mosis
387 1253 565 1321 postulantia
581 1255 879 1324 oumfideetmueime
891 1256 1013 1309 omnium
1038 1268 1112 1316 rum,
1142 1251 1222 1308 nobis
1254 1253 1370 1321 donare,
1403 1253 1533 1310 exhiwe
1568 1260 1597 1309 et
1627 1255 1770 1326 applieare
1797 1255 1871 1314 velit

180 1337 317 1393 οὸοοῐαοίο
336 1355 398 1393 essm
414 1339 472 1404 fide
488 1347 514 1394 et
529 1340 719 1411 poeniteatis,
742 1341 810 1410 qaia
829 1349 895 1396 teme
906 1360 1012 1397 mnest-
1038 1345 1063 1394 t.
1084 1336 1164 1402 Quod
1181 1337 1250 1394 fides
1267 1340 1376 1410 piorum
1391 1339 1421 1395 in
1439 1340 1492 1396 bno
1513 1342 1571 1396 vita
1582 1347 1719 1412 perpetuo
1731 1341 1872 1398 condietu-

178 1424 268 1480 tt‘otssr
284 1424 413 1480 tarutio
427 1433 607 1495 peceatontm
626 1443 659 1480 ee
674 1427 757 1482 mbo
771 1429 831 1482 Dei
848 1437 874 1482 et
890 1430 947 1492 tide
961 1445 1012 1497 op·
1037 1429 1083 1480 tur
1100 1441 1164 1480 cum
1180 1423 1339 1481 infirmitate
1355 1432 1384 1482 et
1398 1427 1482 1482 variis
1500 1427 1709 1484 tentationibus.
1737 1429 1872 1495 Quamvis

174 1512 370 1582 prehenditur.
413 1511 490 1575 Quid
512 1513 598 1581 ipitor
619 1514 692 1574 fucit
710 1514 903 1570 attioristiut
932 1517 1013 1570 Ost-te
1037 1509 1123 1582 igitur
1140 1511 1256 1567 verbum
1275 1513 1413 1585 evangelii
1431 1514 1460 1568 in
1475 1513 1650 1570 absolutione
1660 1520 1787 1580 testetur,
1808 1532 1873 1572 vere

174 1606 297 1668 peccota
318 1598 424 1653 inuenit
447 1598 561 1654 tertiato
578 1607 603 1654 et
617 1608 751 1670 purgato.
784 1601 1011 1672 Respondemus:
1038 1596 1118 1653 nobis
1136 1603 1250 1669 propter
1266 1599 1407 1655 Christum
1423 1601 1537 1656 remissa
1557 1618 1617 1656 esse
1633 1606 1760 1672 peccata,
1778 1608 1873 1658 nmen

178 1683 248 1740 haec
265 1682 358 1740 omnis
373 1683 456 1740 facile
473 1685 662 1756 explicantur,
680 1687 763 1743 modo
777 1705 858 1745 verus
876 1688 1012 1759 quaestio
1037 1681 1107 1738 fides
1134 1690 1216 1755 grata
1240 1691 1332 1741 mente
1350 1686 1436 1741 etiam
1452 1685 1481 1740 in
1499 1692 1671 1742 sacramemo
1688 1687 1874 1745 eucharistia

180 1770 222 1826 nis
247 1775 336 1826 status
357 1770 549 1827 constituatur.
585 1771 769 1844 Nequaquam
786 1773 869 1830 finem
888 1775 1012 1830 euchari·
1037 1768 1536 1844 confirmationemetobsignationem
1544 1773 1614 1829 tanti
1621 1773 1871 1847 benefieiiqnserit,

110 1910 114 1923 ,
180 1857 250 1913 stiae
264 1856 458 1913 constituimus
470 1864 647 1930 pennatorum
658 1860 843 1916 remissionem
857 1861 912 1917 hoe
921 1879 1012 1930 sensu,
1039 1856 1139 1912 etenim
1164 1872 1228 1912 cum
1255 1857 1284 1913 in
1309 1859 1362 1914 boe
1387 1864 1559 1915 sacramento
1586 1877 1619 1916 ex
1644 1860 1820 1918 institutione
1843 1867 1872 1918 et

182 1943 295 2017 1.qnaei
311 1961 452 2017 negemus,
468 1945 553 2001 finem
570 1948 754 2005 eucharistiae
771 1965 832 2004 esse
842 1949 1013 2020 spiritualem
1039 1943 1211 2000 ordinatione
1234 1945 1337 2000 Christi
1359 1962 1459 2016 eorpus
1482 1946 1570 2017 ipsius
1586 1964 1637 2017 pro
1655 1946 1736 2003 nobis
1753 1948 1784 2002 in
1800 1965 1873 2004 mor-

179 2032 376 2101 nutritionem,
411 2032 480 2089 baec
507 2033 581 2088 enim
606 2041 672 2091 sunt
696 2034 890 2100 subordinata;
926 2041 949 2091 2.
968 2035 1013 2092 rel
1038 2036 1095 2085 tem
1119 2031 1253 2086 traditum
1270 2032 1468 2088 manducemus
1485 2040 1514 2088 et
1533 2033 1697 2105 anguinum
1715 2034 1804 2106 ipsius
1820 2051 1873 2107 pre

181 2117 262 2190 quasi
278 2122 442 2188 mamus,
460 2119 544 2175 etiam
561 2119 805 2192 impoenitentibus
823 2127 852 2176 et
870 2122 900 2176 in
916 2138 1013 2194 pecus·
1038 2117 1161 2188 peccatis
1187 2118 1288 2183 normis
1312 2117 1432 2174 effusum
1460 2119 1602 2185 bibemus,
1626 2120 1689 2176 ideo
1716 2121 1746 2175 in
1774 2139 1807 2178 eo
1836 2121 1873 2180 ds

181 2204 218 2260 tis
248 2210 345 2261 cenna
373 2204 569 2261 eomeientiam
597 2206 776 2264 humentibus
801 2208 929 2279 adeoque
954 2209 1014 2264 sine
1039 2203 1198 2260 remissione
1214 2205 1391 2276 peccatorum
1407 2204 1515 2261 firmam
1531 2205 1734 2277 consolationis,
1750 2207 1872 2266 fiduciae

181 2290 237 2348 lide
265 2290 464 2347 accedentibus
487 2308 538 2363 pes
556 2309 637 2348 usum
656 2293 838 2351 eucharistiae
856 2296 1015 2368 confingere
1040 2296 1069 2346 et
1085 2290 1259 2346 certitudinis
1276 2308 1419 2357 mmmm,
1444 2293 1570 2366 adeoque
1595 2292 1694 2349 efficax
1716 2295 1873 2352 antidotum

180 2376 368 2435 remissionem
380 2383 572 2450 peccatorum
585 2385 609 2435 ³.
623 2380 759 2452 velqussi
771 2399 1014 2454 negemus,veram
1040 2378 1077 2432 ad
1099 2378 1260 2450 erigendm
1280 2385 1309 2435 et
1332 2381 1540 2436 sustentandam
1558 2381 1719 2454 languidam
1738 2381 1824 2438 fidem
1843 2382 1874 2439 in

181 2470 211 2522 et
227 2464 327 2521 seriam
343 2464 536 2536 probationem
554 2466 598 2521 sui
615 2472 681 2523 ante
699 2485 780 2523 mum
797 2485 894 2526 merse
912 2486 1014 2526 eoenee
1040 2464 1118 2520 luctu
1136 2471 1165 2520 et
1181 2465 1380 2523 tentationibus
1397 2466 1538 2522 babemus.
1576 2474 1600 2523 5.
1618 2467 1699 2532 Quod
1717 2468 1807 2524 Filius
1817 2469 1873 2526 Dei

181 2552 428 2626 praemittendam
444 2553 494 2609 sed
512 2553 567 2609 hnc
584 2554 760 2626 respicimus:
780 2561 803 2612 1.
822 2556 898 2628 quod
915 2558 1015 2614 eucha-
1040 2550 1070 2606 in
1085 2567 1151 2607 vero
1168 2558 1197 2608 et
1213 2552 1328 2608 suumn
1344 2553 1527 2610 eucharistiae
1543 2571 1597 2609 utu
1615 2559 1748 2624 testetur,
1765 2571 1798 2611 ae
1815 2572 1874 2612 cre-

181 2640 275 2696 n'stiae
298 2655 367 2694 usus
384 2639 610 2696 incredentibus
630 2648 808 2712 peccatorum
827 2644 1014 2701 remissionem
1042 2637 1138 2693 11111111
1156 2637 1257 2694 11111111
1273 2638 1398 2696 1111111111
1416 2639 1551 2706 inserere,
1575 2640 1762 2711 11111111111111
1781 2643 1875 2698 1111111

182 2725 327 2782 confirmet
350 2731 380 2781 et
405 2725 542 2799 obsignat.
587 2726 642 2792 Qui
667 2727 740 2783 enim
763 2746 927 2802 praegressa
943 2731 1015 2787 serie
1040 2723 1204 2795 moesticia
1221 2742 1272 2781 suo
1289 2741 1403 2797 corpore
1421 2731 1449 2781 et
1467 2725 1603 2798 sanguine
1622 2725 1700 2782 relut
1710 2727 1874 2786 umbraculo

181 2812 347 2868 contritione
363 2810 448 2867 iidem
466 2812 553 2868 babet
568 2813 598 2867 in
614 2812 684 2870 bees
702 2814 796 2885 verbs,
814 2816 889 2887 quod
906 2832 1014 2888 corpus,
1040 2826 1134 2867 eoram
1148 2808 1203 2866 Dei
1216 2810 1324 2882 judicio
1341 2817 1436 2884 tegere
1454 2828 1556 2884 eosque
1576 2819 1694 2886 gestam
1713 2819 1873 2872 smtentare

132 2937 148 2974 ,
181 2900 262 2970 cuins
277 2899 308 2953 in
325 2913 406 2954 sacra
422 2913 510 2954 coena
524 2897 558 2954 tt
568 2898 718 2971 particeps,
736 2901 819 2957 sitin
835 2907 950 2960 mortem
963 2920 1014 2975 pro
1041 2903 1070 2953 et
1093 2895 1245 2968 vivificare,
1269 2904 1302 2954 ut
1319 2898 1408 2970 magis
1428 2898 1575 2970 magisque
1592 2898 1646 2970 ipsi
1666 2900 1875 2970 conjungantur

85 2983 263 3043 amachis
288 2984 422 3041 traditum
452 2990 482 3040 et
509 2985 585 3056 quod
611 2986 740 3057 saum,
768 3004 850 3059 quem
878 2989 907 3043 in
935 3006 1016 3048 suere
1040 2987 1069 3040 et
1084 2982 1220 3040 beneficia
1236 2983 1292 3040 lide
1310 2991 1424 3056 accepta
1440 2983 1546 3040 firmius
1564 2985 1711 3044 retineant
1746 2986 1795 3043 Sic
1806 3004 1874 3060 ergo

181 3088 269 3129 mena
294 3071 381 3138 bibit,
406 3072 601 3143 propeccatis
624 3072 725 3129 nostris
748 3073 777 3129 in
800 3091 849 3130 ara
872 3077 962 3132 crucis
978 3078 1015 3132 sit
1040 3070 1199 3141 1011111110
1222 3077 1317 3127 1101111
1339 3087 1403 3127 111111
1419 3071 1543 3138 chilim,
1568 3087 1640 3143 (111111
1662 3070 1764 3144 1111181
1782 3091 1874 3131 111111·

182 3157 295 3227 muana,
317 3157 358 3213 illi
381 3164 456 3214 certe
480 3159 626 3231 promissio
643 3160 679 3216 de
697 3160 820 3232 gratuita
838 3168 1014 3232 peccatorum
1040 3162 1163 3212 1111111111
1190 3158 1384 3227 eucharim,
1415 3174 1591 3230 nequequam
1608 3159 1759 3230 opponitur*
1774 3177 1872 3232 pects·

181 3244 342 3302 remissione
368 3244 532 3317 obsignatur
555 3250 584 3302 et
605 3246 791 3303 confirmatur.
831 3248 1014 3323 Nequaquam
1040 3249 1130 3300 torum
1147 3246 1310 3316 remissioni,
1330 3247 1379 3303 sed
1398 3263 1460 3302 esm
1477 3246 1570 3318 potius
1588 3246 1714 3304 includit

182 3331 314 3401 dicimus,
340 3331 502 3389 bibitionem
520 3333 663 3406 sanguinis
682 3333 828 3389 christiin
848 3337 1016 3396 eucharistia
1076 3337 1134 3388 2111.
1153 3331 1232 3388 Haec
1249 3333 1342 3388 omnia
1358 3334 1382 3389 si
1398 3350 1485 3405 prope
1501 3333 1705 3404 expendantur,
1722 3333 1807 3390 facile
1823 3351 1872 3407 ap-
1884 3343 1919 3383 ¹¹

182 3436 243 3476 esse
259 3435 372 3475 mnsam
389 3417 557 3475 meritoriam
575 3419 742 3475 renusionis
759 3428 944 3494 pensaurum,
961 3426 1015 3480 boe
1040 3424 1133 3488 paret,
1155 3418 1223 3490 qnid
1246 3420 1351 3475 roboris
1377 3419 1443 3475 insit
1459 3418 1621 3476 Bellarmini
1637 3405 1920 3491 responsionemffi

183 3506 256 3563 enim
273 3505 393 3576 pertinet
409 3506 446 3561 ad
464 3505 625 3562 effusionem
642 3507 786 3580 sanguinis
804 3509 833 3564 in
852 3526 947 3578 crnce;
964 3511 1014 3566 sed
1041 3520 1110 3576 quas
1121 3504 1158 3560 D.
1169 3504 1329 3562 Chemnicio
1348 3522 1486 3578 opponere
1501 3505 1598 3562 voluit
1628 3504 1671 3559 Ex
1682 3505 1749 3576 ipsis
1762 3498 1920 3601 insutu-:2¹¹

182 3592 236 3647 hoe
258 3592 401 3661 volumus,
425 3592 500 3664 quod
521 3592 637 3664 sanguis
655 3593 759 3650 Christi
779 3587 812 3650 'in
832 3613 912 3652 saera
928 3613 1016 3653 nome
1041 3590 1123 3645 tionis
1151 3592 1243 3647 verbis
1264 3591 1317 3647 hoc
1339 3591 1421 3648 modo
1447 3596 1658 3663 argumentatur
1678 3590 1873 3649 Obemnieiust
1886 3612 1920 3644 ne

182 3684 289 3734 sumtus
301 3679 338 3732 sit
348 3677 471 3733 medium
482 3679 669 3736 remissionem
678 3687 854 3750 peccatorum
864 3683 1015 3755 obsignans
1041 3678 1106 3748 Ipse
1132 3679 1220 3735 lilius
1240 3679 1294 3735 Dei
1314 3679 1507 3737 eucharistiam
1527 3679 1653 3734 nominat
1668 3689 1772 3735 nerum
1788 3686 1874 3737 testa·

182 3771 211 3820 et
229 3768 295 3820 actu
312 3763 462 3820 exhibitam
480 3780 540 3820 esse
556 3763 721 3820 confirmans
740 3767 868 3823 omuibus
886 3785 949 3824 cum
959 3769 1016 3826 fide
1042 3772 1164 3821 mentum
1190 3771 1219 3822 et
1243 3766 1378 3823 ieremias
1402 3765 1533 3835 affirmat,
1560 3765 1590 3821 in
1613 3781 1685 3820 novo
1706 3772 1875 3824 testamento

183 3849 390 3906 accedentibus.
444 3849 683 3915 Quemadmodum
714 3851 801 3924 igitur
831 3853 1016 3912 Bellarminns
1043 3851 1235 3923 comprehendi
1256 3852 1310 3909 boo
1332 3859 1459 3925 paetum:
1484 3852 1633 3921 Propitius
1656 3869 1705 3907 ere
1728 3853 1877 3923 isigotffl

183 3936 308 4008 disputat
327 3935 375 3992 lib.
402 3941 425 3992 1.
448 3935 484 3992 de
503 3936 588 3992 missa
611 3953 636 3992 c.
655 3941 697 3993 25.
720 3941 890 4009 sacnfioirun
914 3943 1016 3997 musae
1043 3956 1136 3994 eonem
1161 3948 1187 3993 et
1207 3941 1318 4010 peccati
1341 3955 1435 3994 eorum
1458 3956 1516 3993 eost
1540 3939 1712 3993 recordatos
1738 3941 1871 4009 osnplius.

181 4023 248 4078 ideo
263 4024 404 4078 remittere
419 4030 555 4093 peceato,
580 4024 648 4092 quta
666 4024 794 4094 applicet
809 4028 934 4096 pretim
951 4032 1016 4084 red-
1041 4026 1078 4081 Et
1104 4026 1216 4098 quidem
1244 4025 1274 4083 in
1301 4026 1363 4098 ipsa
1386 4025 1559 4081 institutione
1586 4024 1712 4082 Christus
1736 4027 1874 4098 expressis

182 4110 308 4166 essionis
330 4118 357 4166 et
381 4111 554 4166 ramberte
579 4118 775 4182 peecatorem
799 4112 840 4169 ita
865 4132 976 4189 qnoque
999 4134 1017 4174 e
1041 4112 1133 4168 verbis
1150 4112 1275 4168 nominat
1292 4111 1479 4168 remissionem
1491 4117 1670 4181 peccatorum
1683 4112 1791 4168 dicens:
1812 4115 1874 4169 Hos

182 4198 243 4270 pari
258 4198 447 4270 argumentari
463 4215 618 4270 possumus,
636 4216 718 4254 usum
734 4216 838 4257 menae
853 4201 1016 4262 Dominieae
1042 4207 1082 4253 111
1103 4199 1222 4269 metit
1239 4216 1328 4264 1111111,
1354 4198 1405 4268 11111
1418 4215 1475 4267 1110
1493 4199 1589 4253 meli&
1608 4200 1764 4268 tfftfldt'iw
1783 4201 1874 4256 11116·

182 4285 321 4342 remittere
339 4290 463 4355 peccata,
483 4284 550 4357 quia
569 4285 696 4357 applicat
715 4293 744 4342 et
761 4287 891 4361 obsignat
903 4291 1015 4346 creden.
1042 4285 1200 4341 mentam
1223 4294 1409 4355 peecatorum.
1453 4284 1639 4341 Bellarminus
1664 4286 1744 4341 raris
1768 4287 1876 4359 quaem

182 4373 256 4428 tibus
274 4371 462 4428 remissiomm
478 4378 655 4443 peccatorum
672 4373 832 4430 obedientia
848 4382 877 4431 et
886 4377 1015 4447 passione
1041 4370 1159 4444 effugim
1191 4377 1213 4428 l.
1229 4371 1312 4442 dicit,
1337 4379 1529 4426 tenementum
1552 4389 1652 4427 novem
1676 4372 1766 4426 seriis
1782 4375 1876 4428 modis

182 4457 286 4525 Christi
314 4457 486 4530 acquisitam.
534 4463 558 4515 1.
589 4458 671 4524 Quod
700 4477 766 4516 usus
794 4477 890 4517 merae
914 4479 1016 4520 coense
1042 4459 1141 4530 actui
1177 4460 1277 4513 Primo
1294 4477 1351 4529 pso
1374 4459 1516 4514 solemnis
1538 4459 1692 4528 morte,
1717 4476 1771 4528 quo
1791 4463 1875 4515 morio

181 4546 265 4602 fidem
292 4550 415 4600 nostram
438 4544 598 4615 confirmet,
622 4547 779 4618 generalem
797 4548 934 4620 evangelii
953 4566 1016 4621 pro·
1043 4546 1214 4601 eueborbtiu
1229 4562 1286 4600 nos
1302 4545 1341 4599 sit
1356 4552 1557 4602 testamentum.
1594 4544 1723 4601 &essedo
1736 4562 1793 4615 pso
1810 4547 1875 4603 loe·

182 4632 339 4688 missionem
363 4631 398 4687 de
421 4631 579 4688 remissione
598 4638 774 4704 peccatorum
799 4634 882 4690 etam
907 4635 945 4691 ad
966 4653 1017 4691 nos
1041 4632 1161 4687 restitute
1184 4647 1235 4685 ssu
1261 4632 1341 4686 besse
1371 4649 1391 4686 o
1415 4639 1546 4688 uectore
1573 4632 1686 4702 tepuit,
1714 4649 1769 4702 quo
1792 4637 1875 4690 modo

182 4718 213 4775 in
229 4719 322 4790 specie
338 4717 478 4789 pertinere
495 4725 580 4791 atque
598 4719 636 4775 ad
651 4718 751 4775 foedus
764 4719 835 4775 illud
848 4722 913 4776 nori
933 4727 1017 4778 teste-
1043 4717 1214 4772 esssbosisfio
1230 4717 1327 4773 itt'dem
1343 4736 1399 4775 roe
1416 4719 1455 4773 sit
1472 4727 1672 4777 testamentum.
1706 4718 1802 4775 Tertio
1815 4737 1874 4790 pre

182 4806 283 4876 menti,
307 4805 382 4877 quod
402 4805 596 4877 complectitur
617 4804 806 4862 remissionem
830 4813 1018 4879 peccatorum,
1042 4805 1224 4860 iestumeeto
1246 4806 1376 4877 puteo,
1401 4808 1479 4878 prod
1496 4807 1581 4862 simul
1601 4806 1639 4862 est
1658 4813 1684 4859 et
1700 4805 1812 4874 speum
1829 4825 1875 4862 eo·

181 4911 232 4965 per
248 4909 343 4949 veram
357 4891 557 4964 poeniteutiam
575 4897 603 4947 et
622 4892 704 4947 fldem
715 4891 815 4947 iterum
828 4892 909 4948 nobis
920 4901 1017 4966 patere
1042 4890 1159 4947 metue
1173 4893 1322 4958 nemore,
1341 4901 1367 4946 et
1384 4912 1473 4948 eausa
1488 4893 1710 4949 instrumentalis
1725 4894 1875 4964 applicast-
1887 4902 1912 4946 1,

124 5006 126 5010 ·
184 4979 291 5035 aditum
307 4994 413 5051 nosque
430 4978 460 5033 in
476 4976 546 5032 illud
564 4976 641 5035 fideli
659 4979 803 5053 sanguinis
822 4980 925 5036 Christi
946 4980 1017 5037 bibi·
1027 4950 1031 5055 l,
1042 4980 1099 5033 due
1122 4976 1318 5048 haereditetis,
1344 4996 1398 5049 qsso
1419 4982 1502 5035 modo
1521 4979 1694 5034 mbas-istiu
1711 4980 1772 5033 dici
1784 4982 1876 5050 possit

183 5066 258 5122 tione
277 5066 373 5137 recipi,
386 5065 523 5138 siquidem
541 5063 670 5121 bibamus
682 5066 761 5122 illum
772 5067 942 5139 sanguinem,
960 5083 1017 5139 quo
1041 5070 1234 5119 testamentum
1245 5081 1352 5120 noster.
1376 5063 1599 5139 Respondemus:
1610 5082 1665 5136 quo
1679 5083 1761 5123 sensu
1774 5067 1874 5124 eucha-
1895 5072 1898 5078 '

184 5168 285 5207 norum
309 5158 504 5209 testamentum
531 5152 666 5208 sancitum
693 5159 736 5209 est
764 5160 792 5210 et
815 5152 1017 5211 confirmatum.
1041 5148 1119 5205 ristia
1136 5149 1173 5204 sit
1191 5156 1219 5205 et
1237 5151 1346 5208 dicetur
1361 5168 1463 5209 notum
1472 5154 1677 5221 testamentum,
1694 5154 1873 5224 exposuimus

185 5242 211 5294 3.
223 5236 303 5302 Quod
321 5237 392 5295 fides
403 5237 611 5310 promissionem
624 5238 660 5294 de
670 5240 830 5296 remissione
840 5246 1016 5312 peecatorum
1042 5235 1167 5308 superius
1186 5233 1214 5313 ᾗ.
1233 5244 1257 5294 t.
1283 5237 1400 5304 Quando
1417 5240 1611 5294 mentum
1631 5238 1732 5294 dieitur
1743 5241 1874 5296 coluntur

184 5322 354 5394 empleetens
372 5341 429 5380 non
445 5325 551 5381 nitatur
568 5324 739 5396 perfectione
756 5324 1017 5382 nostraecontritio·
1042 5325 1261 5394 ecclesiasten
1281 5323 1445 5397 intelligitur
1462 5318 1576 5375 interim
1589 5323 1649 5393 ejus
1660 5324 1801 5396 cogitatio,
1823 5326 1874 5382 sed

183 5408 227 5465 nis
257 5415 306 5465 sut
335 5408 464 5481 opinione
492 5411 666 5484 propriarum
697 5410 933 5478 utisiacfionnm,
964 5410 1014 5469 sed
1045 5410 1184 5482 expressio
1201 5410 1353 5466 voluntatis
1369 5405 1488 5466 exterior
1503 5404 1596 5462 verbis
1613 5411 1772 5467 testamenti
1790 5411 1873 5482 faeta,
