4004 6022
774 238 828 295 Dn
847 238 971 297 SACBA
989 239 1127 301 COENA.
1742 262 1800 333 μγ

105 391 211 460 pseu
227 406 316 460 assu
333 397 387 450 etc.
407 397 518 463 oportet
536 392 619 448 etiam
637 393 721 464 paulo
739 393 812 448 inire
827 393 939 465 proprie
965 392 1068 451 tionem
1098 396 1180 453 etiam
1207 404 1273 469 post
1296 400 1529 459 consecrationem
1552 419 1613 459 esse
1629 406 1740 475 proprie
1756 424 1802 467 sc·

106 477 239 549 55515555,
258 477 371 548 quando
388 478 463 533 idern
481 478 532 533 ait:
554 480 772 551 Quotiescunque
786 482 937 535 manduca·
963 480 1129 551 cipiendam.
1165 483 1236 540 Cum
1253 485 1327 541 enim
1346 486 1460 543 dixisset
1476 505 1502 544 v.
1522 494 1564 545 25.
1595 489 1736 546 &rutum
1755 512 1801 548 ne·

103 563 287 635 15555555
302 564 385 620 bunc.
419 563 602 621 Bellsrminus
619 566 731 637 regerit,
751 585 807 621 nen
826 568 938 622 esseita
963 568 1070 637 cepisse
1091 587 1196 640 panem
1220 580 1246 626 et
1268 573 1380 639 gratiae
1403 574 1491 642 spisse
1513 580 1564 632 etc.
1593 593 1620 634 v.
1642 578 1801 637 etinfert:

99 650 254 705 mmm
277 650 309 703 irs
332 651 428 705 eaden
452 652 545 721 capite
561 652 640 706 narie
659 654 788 721 eccum
810 652 937 722 elicitam
963 652 1064 725 Itaque
1082 657 1208 726 55155515
1229 659 1320 712 ederit
1331 675 1439 730 panem
1457 661 1574 729 indigne
1595 669 1647 719 etc
1663 664 1802 736 particula

98 752 204 804 meus,
234 738 349 808 mando
370 736 506 805 analogia
529 737 627 807 aliqua
647 746 673 792 st
691 738 848 793 similitudo
865 739 937 793 inter
964 739 1032 794 durs
1064 739 1171 797 indicet
1200 743 1405 802 connexionem.
1452 746 1512 801 Aut
1542 764 1608 820 ergo
1633 749 1800 811 vocabulum

66 827 74 837 '
96 839 143 879 sas
160 839 210 877 rss
227 823 380 890 inanitur,
402 838 468 876 nans
487 823 581 880 Eroti.
602 826 625 879 7.
647 824 731 894 sirpe
748 824 874 878 Ausonis
892 842 936 878 oo·
961 825 1043 896 panis
1064 825 1212 899 utrobique
1229 828 1366 898 accipitur
1384 831 1572 904 propriauut
1589 834 1668 891 nulla
1680 837 1801 895 eritser·

95 917 177 965 mar
203 909 302 977 51555,
330 916 479 978 mquam
501 917 655 964 amersten
678 910 882 979 incoluissent,
910 917 937 963 st
963 912 1050 966 monis
1068 913 1213 982 apostolici
1232 914 1373 971 connexio.

95 1013 211 1051 nesam
231 995 264 1050 in
279 996 377 1049 eodem
394 995 519 1065 capituto
537 1005 653 1050 uocatur
668 997 764 1066 cispa,
784 1012 846 1049 cuns
863 1003 935 1049 esse
999 1002 1056 1053 tet.
1092 996 1174 1064 Quod
1193 1000 1293 1057 attinet
1310 1000 1800 1079 rationesaBeilarminoadductas,

94 1082 219 1139 umor.
254 1079 479 1152 Respondemus:
506 1082 651 1152 probanda
673 1083 750 1151 prius
770 1089 830 1138 erat
847 1087 935 1135 trans
961 1089 1076 1152 propter
1093 1101 1162 1154 quas
1181 1085 1262 1156 panis
1282 1091 1348 1157 port
1365 1088 1538 1144 essentialem
1556 1091 1600 1145 sui
1618 1093 1799 1153 mutationem

93 1166 294 1225 substantiatio
305 1167 442 1238 expressis
453 1167 613 1239 Scripturas
625 1169 713 1234 dictis,
725 1168 797 1224 sicut
808 1167 896 1223 Exod.
911 1173 934 1222 1.
960 1168 1106 1239 pristinam
1126 1170 1342 1242 appellationem
1363 1173 1494 1243 retineat,
1518 1176 1554 1232 de
1573 1176 1629 1231 illis
1648 1176 1677 1233 in
1695 1196 1799 1252 genme

92 1270 226 1327 expresse
243 1253 346 1310 dicitnr
369 1255 450 1325 virga
474 1254 502 1308 in
527 1254 672 1310 colubrum
690 1272 783 1318 versa,
807 1260 851 1309 est
868 1270 934 1325 ergo
961 1253 1092 1324 dicimus,
1121 1261 1143 1310 1.
1163 1257 1237 1329 quod
1266 1265 1345 1313 extra
1367 1266 1395 1313 et
1412 1266 1523 1330 praeter
1541 1260 1712 1333 Scripturam
1729 1265 1798 1323 5115-

93 1357 200 1414 mgns
216 1340 412 1397 dissimilitudo
429 1341 458 1396 in
476 1340 618 1412 exemplis.
658 1341 775 1413 Regerit
792 1339 933 1397 Bellnrmi·
960 1348 1069 1406 rantur,
1093 1341 1213 1415 ideoque
1237 1344 1408 1401 conscientia
1436 1343 1585 1402 Christiani
1612 1349 1642 1403 in
1670 1349 1724 1405 illis
1752 1369 1797 1409 ac·

93 1445 164 1492 nus,
201 1428 361 1497 apostolum
400 1429 473 1483 satis
512 1429 673 1483 (1551555555
710 1428 821 1481 aarum
846 1425 935 1497 panis
961 1426 1104 1497 quiescere
1129 1443 1185 1482 non
1205 1430 1298 1498 possit
1334 1430 1372 1484 Et
1390 1447 1473 1503 quam
1492 1431 1624 1489 titubanti
1641 1435 1715 1505 pede
1730 1435 1795 1507 ipsi-

92 1514 327 1584 signtfientionsm
350 1529 384 1568 ea
406 1515 559 1569 5551515555
576 1516 666 1582 facto
692 1515 722 1568 in
738 1529 822 1583 pane.
857 1513 934 1567 Nam
960 1516 1017 1567 met
1041 1512 1180 1569 Pontificii
1207 1514 1254 1571 hic
1281 1516 1426 1586 incedant,
1453 1524 1531 1588 patet
1554 1535 1587 1574 ex
1611 1519 1671 1590 ipso
1690 1520 1796 1578 Beller-

93 1609 160 1657 5515
184 1601 420 1656 emerentianam
438 1601 565 1655 absolate
583 1601 737 1655 nominauit
750 1617 870 1671 panem.
889 1599 932 1651 di·
960 1596 1048 1666 mino,
1073 1599 1120 1670 qni
1143 1598 1192 1658 lib.
1219 1606 1241 1656 1.
1265 1601 1301 1657 (15
1326 1600 1405 1659 euch.
1428 1618 1451 1658 c
1471 1603 1520 1661 ult
1542 1603 1582 1660 sic
1599 1605 1709 1662 scribit:
1738 1608 1795 1665 lie-

93 1704 175 1743 essss:
202 1687 312 1756 accepit
335 1703 457 1756 panem
481 1695 548 1756 pest
577 1686 811 1742 commationem
840 1693 932 1739 autem
959 1684 1097 1752 spondent
1116 1686 1259 1756 nonnulli,
1289 1687 1487 1742 nmbmistiam
1507 1691 1605 1744 oceani
1621 1709 1724 1762 panem
1741 1710 1796 1763 per

93 1789 205 1844 uesper
220 1772 339 1827 addidit
353 1789 522 1842 monumen,
548 1789 602 1842 quo
616 1773 813 1842 judicaretur,
831 1787 931 1825 sermo·
959 1775 1078 1838 tropum,
1097 1769 1164 1839 quia
1183 1771 1217 1834 nt
1236 1788 1270 1825 en
1287 1790 1370 1843 pane,
1387 1773 1444 1828 siue
1464 1775 1533 1844 quia
1551 1784 1615 1830 aute
1632 1777 1693 1843 fuit
1710 1778 1795 1847 panis
1864 1762 1867 1769 ⁸

94 1877 159 1917 sess
181 1876 243 1915 esse
266 1861 303 1913 ds
319 1875 393 1929 pane
411 1867 571 1914 comecrato
592 1866 618 1912 et
635 1866 757 1927 numam,
784 1857 825 1911 ait
843 1856 931 1910 enim:
960 1863 985 1908 et
1015 1856 1137 1926 afferunt
1166 1858 1256 1911 mauu
1285 1859 1412 1929 eesmpia
1444 1858 1624 1931 Scripturas,
1660 1872 1692 1917 at
1720 1867 1798 1935 praed

94 1947 313 2017 quotiescunque
332 1945 538 2000 manducabitis
551 1960 657 2016 panem
675 1943 755 2012 inne,
772 1943 805 1996 id
824 1950 864 1997 eet
878 1958 931 2011 pa·
963 1939 1063 1998 Genea.
1081 1945 1108 1995 3.
1146 1944 1210 1997 Eua
1229 1944 1342 1999 dicatus
1361 1963 1392 2000 os
1404 1946 1520 2011 Adurni,
1540 1949 1634 2003 Eroti.
1655 1950 1678 2002 7.
1696 1950 1796 2019 sirpus

93 2048 159 2087 sess
182 2033 224 2087 sie
245 2033 418 2088 humectum
434 2038 462 2085 et
480 2039 668 2084 consumatum
688 2037 715 2084 et
729 2028 855 2098 proinde
874 2047 932 2081 niu
958 2044 1107 2082 consutae
1124 2027 1154 2080 in
1175 2030 1313 2085 dracones
1332 2032 1427 2085 adisses
1444 2041 1577 2088 nocemus·
1594 2034 1700 2103 eirpce,
1718 2037 1797 2106 grsod

94 2127 185 2175 ntum
206 2119 239 2172 is
258 2118 349 2173 aliam
370 2116 564 2173 mittentium.
599 2116 693 2182 Adde,
712 2116 790 2184 qaod
806 2115 841 2168 tie
854 2130 932 2184 pane
959 2113 1063 2169 Mettis.
1082 2117 1123 2170 11.
1145 2114 1279 2169 (11555155
1297 2118 1373 2170 coeci
1390 2118 1498 2182 uides,
1523 2118 1623 2174 claudi
1640 2120 1795 2193 ambulare,
1807 2129 1833 2172 Χ.
1846 2128 1892 2174 m.

92 2223 152 2261 aas
172 2212 281 2260 nuato
303 2204 412 2270 falsam
435 2210 519 2271 esset,
543 2204 621 2272 quod
638 2201 748 2256 Paulus
767 2201 848 2254 dicit:
879 2200 934 2264 Qut
958 2201 1036 2268 pirou
1065 2201 1169 2255 Manu.
1197 2203 1242 2257 21.
1268 2202 1400 2257 dicentur
1414 2204 1565 2272 publicani
1580 2212 1606 2258 st
1624 2214 1796 2262 scortatores

94 2294 249 2349 mndueat
270 2290 400 2358 indigne,
422 2289 564 2358 judiciem
580 2289 637 2342 sibi
652 2289 804 2343 manumet
823 2294 850 2342 et
867 2304 932 2340 reus
954 2288 1126 2355 pramedere
1153 2286 1326 2341 Pharisaeos
1354 2289 1384 2341 in
1410 2306 1527 2359 regnum
1551 2291 1700 2348 cesimum.
1736 2293 1796 2349 ssd

93 2380 150 2434 erit
178 2377 307 2447 corporet
338 2383 364 2429 et
390 2392 448 2428 non
474 2374 641 2443 dijudicans
673 2390 776 2444 corpas
804 2374 932 2429 Domini.
957 2370 1026 2425 iaec
1058 2371 1161 2427 solutio
1197 2390 1252 2426 nen
1288 2373 1401 2428 oidetm
1438 2375 1623 2434 solidissima.
1675 2376 1796 2432 Possunt

92 2462 322 2535 Respondemus:
352 2460 389 2516 de
416 2476 490 2532 pauc
521 2466 682 2516 consecrato
705 2458 824 2513 Paulum
855 2457 932 2531 loqui
957 2457 1030 2510 enim
1048 2458 1210 2513 5555555511
1227 2459 1337 2524 deus,
1363 2478 1418 2515 nou
1436 2460 1517 2528 ideo,
1535 2462 1603 2531 puin
1624 2461 1734 2517 alicubi
1748 2479 1795 2519 res

93 2550 288 2614 mandimus,
313 2547 349 2603 de
365 2562 439 2619 pene
456 2546 640 2603 essentialiter
660 2545 688 2600 in
707 2562 809 2617 corpus
828 2543 931 2599 Christi
958 2543 1155 2597 denominatus
1172 2545 1207 2599 ab
1224 2562 1269 2614 eo,
1296 2547 1371 2600 unde
1388 2547 1472 2611 faeta
1490 2553 1544 2615 est,
1569 2546 1670 2616 ubique
1689 2548 1730 2602 ita
1748 2567 1795 2604 ac·

93 2645 203 2695 mutato
234 2635 325 2706 ipsum
354 2632 431 2705 loqui
460 2650 515 2688 non
539 2631 730 2701 concedimus3
760 2629 931 2692 ἀπαιδεύτως
957 2629 1090 2699 cupienda
1112 2646 1171 2685 esse
1194 2630 1349 2701 uocabula,·
1376 2632 1499 2687 secundo
1517 2632 1606 2702 ipr'tur
1621 2633 1681 2687 dici
1691 2640 1795 2705 potest,

93 2722 165 2780 baec
189 2722 245 2777 duo
270 2720 417 2777 confundit
439 2718 639 2784 Bellarrninus,
664 2734 737 2789 quae
754 2725 848 2773 nmen
866 2723 931 2773 sunt
959 2715 1135 2786 Scrspturens
1154 2733 1255 2771 uocare
1275 2717 1422 2773 ordinarie
1438 2734 1498 2785 res,
1517 2726 1548 2773 ut
1565 2727 1706 2790 apparent
1723 2729 1795 2775 sats·

93 2809 235 2867 distincta
281 2805 441 2862 Particulae
465 2804 530 2860 illae
553 2805 686 2859 decurrant
709 2804 861 2874 respiciunt
886 2821 929 2858 su·
955 2802 1031 2866 rius,
1057 2802 1098 2857 sic
1125 2803 1198 2856 enim
1224 2813 1377 2875 serpentem
1399 2822 1514 2859 aeneum
1532 2813 1613 2859 cocat
1631 2815 1794 2878 repentens.

92 2896 204 2970 periers
221 2899 250 2949 et
268 2891 418 2947 ostendunt
434 2889 561 2962 apostolo
576 2907 729 2947 sermonem
747 2907 809 2946 esse
828 2891 863 2946 de
881 2890 930 2946 illo
959 2888 1054 2943 Tertio
1072 2888 1133 2943 dici
1141 2895 1245 2960 potest,
1262 2897 1289 2944 et
1307 2907 1366 2945 meo
1379 2891 1495 2961 judicic
1508 2890 1618 2961 optime,
1632 2893 1794 2965 occaripa·

91 2998 175 3056 pane,
192 2980 229 3036 da
247 2995 302 3050 quo
322 2978 437 3042 dixerut,
456 2978 530 3050 quod
549 2978 586 3033 sit
606 2977 817 3035 communicatio
835 2994 929 3048 corpo·
955 2992 1017 3029 nem
1037 2975 1143 3044 pinosi
1159 2976 1317 3045 Hebraico,
1340 2978 1409 3047 quic
1427 2978 1538 3032 nomine
1552 2979 1643 3049 panae
1659 2979 1794 3050 intelligi-

92 3068 130 3125 ris
148 3065 260 3128 Christi,
280 3082 335 3120 non
352 3071 454 3129 antem,
472 3063 548 3135 quod
564 3063 602 3119 sit
620 3070 743 3118 mutatus
760 3062 789 3118 in
803 3063 930 3119 substan·
956 3069 1001 3117 tur
1024 3063 1177 3131 penmatim
1201 3064 1291 3118 omnis
1317 3065 1411 3134 cibun
1434 3072 1461 3118 st
1485 3065 1606 3136 denique
1626 3074 1793 3137 95551555·

91 3155 160 3211 tiam
179 3151 303 3224 eorporis
321 3149 433 3207 Christi.
463 3149 564 3206 Omnia
581 3149 637 3212 illa,
657 3166 729 3221 quae
746 3149 929 3206 Bellarminus
956 3149 1019 3202 cari
1028 3165 1142 3220 panem,
1162 3149 1228 3217 quin
1246 3167 1303 3203 non
1320 3151 1410 3205 solum
1430 3158 1471 3206 est
1488 3152 1574 3218 cibus,
1591 3153 1645 3206 ssd
1662 3161 1703 3207 est
1715 3153 1792 3208 siun

92 3239 219 3307 adducit,
235 3237 357 3310 probant
375 3243 472 3293 contra
490 3235 682 3304 calvinianos,
700 3253 756 3291 non
773 3235 862 3290 solum
880 3251 930 3308 pa·
955 3234 1080 3302 solidas,
1095 3235 1283 3304 praecipuus,
1300 3236 1510 3303 subnantiulis,
1535 3237 1630 3306 malis
1651 3245 1691 3291 est
1703 3239 1792 3308 panis

92 3343 156 3383 netu
174 3324 205 3380 in
223 3340 311 3380 coena
329 3320 505 3385 manducari,
524 3337 700 3394 nequaquam
717 3338 782 3377 vero
799 3322 928 3392 probant,
955 3318 1080 3372 triticeus
1108 3320 1180 3373 inter
1205 3319 1281 3373 cibos
1308 3321 1480 3390 corporales.
1522 3320 1667 3378 Hactenus
1686 3323 1792 3379 Beller-

93 3429 194 3486 psnem
221 3408 517 3468 uamnbstsntistun
543 3408 720 3473 manducari,
747 3408 831 3463 datur
857 3409 931 3464 enim
956 3404 1045 3458 minut
1065 3404 1207 3471 nesciens,
1225 3404 1274 3460 ubi
1291 3412 1367 3461 certo
1388 3407 1488 3476 pedem
1505 3405 1583 3478 figat.
1620 3407 1791 3465 Lanirancus

93 3500 215 3563 15511555,
231 3498 363 3553 videlicet
380 3513 490 3567 panem,
510 3494 557 3550 cui
576 3493 811 3549 sacramentaliter
823 3495 929 3549 unitum
956 3488 1109 3559 disputans,
1130 3506 1216 3560 quare
1233 3495 1298 3560 post
1315 3491 1550 3547 consecrationem
1569 3492 1725 3562 appelletur
1742 3511 1791 3566 pa-

93 3584 372 3653 estChristicorpus,
386 3581 555 3649 manducari,
573 3580 618 3636 rel
636 3580 711 3652 quod
730 3580 803 3635 idem
821 3587 864 3636 eet
875 3597 930 3637 nne·
955 3574 1006 3639 ¹11⁵,
1025 3573 1107 3629 afferi
1124 3573 1226 3630 usitata
1243 3574 1292 3629 illa
1309 3576 1354 3630 vel
1371 3577 1439 3647 quia
1461 3593 1498 3643 en
1512 3595 1587 3647 pune
1606 3580 1752 3646 conficitur
1764 3588 1791 3634 et

92 3671 187 3728 disnte
212 3687 287 3743 pane
310 3667 472 3724 manducari
494 3665 597 3735 Christi
614 3683 722 3737 corpus.
763 3665 929 3723 5115111155-
955 3661 1112 3715 accidentia
1128 3662 1216 3731 panis
1230 3661 1347 3730 retinet,
1364 3663 1407 3717 uel
1420 3663 1790 3732 quiannimamsatiatetc

91 3763 138 3814 tur
156 3763 250 3824 autam
267 3753 462 3819 Bellarminus,
483 3769 513 3808 se
530 3752 665 3822 reperisse
682 3770 738 3808 non
757 3751 832 3824 quod
850 3751 929 3822 pueri
954 3746 1118 3819 Agnoscens
1137 3752 1240 3812 autem,
1258 3747 1307 3802 illa
1326 3747 1435 3803 infirma
1453 3755 1481 3805 et
1492 3749 1599 3806 incerta
1611 3766 1680 3818 esso,
1697 3751 1790 3808 addit:

90 3845 121 3901 i„
144 3842 228 3912 aba,
260 3841 327 3896 dum
355 3846 452 3895 contra
477 3839 514 3896 1),
543 3837 733 3894 Chemnicium
760 3836 812 3893 hoc
839 3846 930 3910 urget,
953 3832 996 3886 uel
1014 3833 1073 3887 alio
1091 3833 1187 3903 als'guo
1205 3835 1298 3903 mode,
1317 3835 1366 3904 gui
1382 3853 1400 3888 a
1419 3837 1580 3891 electoribus
1593 3838 1793 3908 comprehendi

91 3932 169 4002 qnod
185 3928 297 3985 Pontus
308 3928 349 3981 in
374 3928 469 3980 eodem
491 3925 584 3994 capite
601 3925 709 3980 51555155
730 3941 828 3978 nornen
843 3928 930 3995 pans‘s
950 3926 1056 3989 potest,
1080 3938 1099 3974 a
1118 3920 1197 3974 nous
1215 3938 1270 3976 non
1286 3929 1387 3990 potest.
1422 3921 1462 3975 At
1480 3919 1563 3993 loug'e
1582 3921 1667 3977 aliun
1677 3931 1720 3978 est
1737 3924 1790 3991 (uti

90 4016 210 4088 proprie
229 4022 256 4068 et
272 4012 713 4083 metaphoriceacctpiatv.16:
741 4011 817 4065 Unus
831 4011 929 4082 panis,
955 4021 1039 4075 supra
1065 4022 1098 4061 ex
1123 4004 1160 4062 D.
1182 4005 1306 4062 Luthero
1333 4005 1514 4075 monuimus),
1552 4006 1723 4078 Scriptorum
1755 4026 1789 4064 eo

92 4121 177 4158 usum
194 4118 298 4171 corpus
314 4099 397 4153 multi
412 4115 515 4166 sunam,
534 4099 703 4167 guddenae
717 4114 795 4167 pane
807 4098 929 4167 partici-
955 4091 1035 4146 modo
1054 4090 1172 4164 intelligi
1189 4109 1279 4162 posse,
1298 4109 1381 4163 quarn
1401 4109 1434 4146 eo
1453 4092 1535 4147 modo
1549 4092 1666 4166 intelligi
1680 4095 1789 4166 debere,

90 4207 202 4260 parnas.
247 4186 472 4258 Respondemus:
497 4185 649 4241 secundum
670 4183 831 4240 Pontificios
849 4200 929 4238 voca-
953 4177 1090 4249 posterius
1115 4177 1237 4249 quietam
1261 4178 1377 4233 reddero
1396 4186 1488 4250 potest
1506 4179 1717 4252 conscientiam,
1734 4201 1790 4239 non

93 4274 190 4333 bulum
211 4275 299 4345 panse
321 4272 468 4343 utrobique
493 4271 642 4342 improprie
660 4275 689 4325 et
705 4270 811 4341 tropice
828 4269 929 4340 accipi·
954 4270 1045 4318 autem
1071 4263 1158 4335 prins.
1200 4262 1238 4318 Et
1266 4265 1417 4334 repetenda
1447 4264 1499 4320 hoc
1528 4265 1588 4321 loco
1619 4275 1686 4323 sunt
1707 4286 1790 4341 arga·

92 4367 145 4418 tar.
188 4359 265 4432 Ergo
289 4376 345 4415 non
370 4365 487 4430 possunt
510 4358 582 4414 hanc
608 4357 738 4413 ἔνστασιν
763 4355 844 4411 salvis
871 4356 929 4410 suis
955 4356 1048 4404 meni&
1063 4358 1165 4415 nosue,
1184 4367 1257 4421 quae
1273 4368 1324 4421 pro
1342 4351 1491 4407 asserendo
1509 4356 1546 4423 τῷ
1565 4354 1636 4428 ῥητῷ
1654 4354 1683 4410 in
1697 4354 1790 4409 verbis

91 4447 294 4520 hypothesibus
315 4446 396 4501 nobis
419 4463 565 4517 opponere.
601 4443 681 4509 Quod
700 4448 792 4498 autem
810 4460 860 4497 nos
873 4461 928 4513 pa·
954 4451 1055 4492 menae
1074 4435 1246 4516 adduximus,
1267 4453 1301 4492 ea
1318 4437 1391 4493 enim
1410 4438 1537 4510 probant,
1556 4458 1611 4497 non
1630 4441 1736 4512 tropice
1755 4457 1790 4496 ac

91 4536 136 4589 sis
159 4550 254 4590 rocem
278 4533 307 4588 in
330 4532 421 4604 priore
447 4531 544 4587 saltem
565 4531 644 4586 istius
663 4528 790 4584 versiculi
804 4527 928 4583 membro
953 4520 1085 4593 figmata,
1109 4522 1158 4577 sed
1181 4523 1291 4594 proprie
1315 4523 1408 4578 eibum
1435 4524 1647 4581 eucharisticum
1667 4526 1723 4581 dici
1739 4543 1789 4597 pa·

90 4620 198 4692 tropice
217 4619 403 4691 accipiamus,
421 4634 453 4673 eo
471 4636 521 4673 nos
541 4616 619 4673 ducit
633 4617 693 4688 ipse
712 4621 817 4682 textus,
834 4632 928 4669 omnes
952 4626 1025 4664 nem.
1066 4614 1090 4666 2.
1111 4607 1193 4675 Quod
1215 4610 1271 4664 sint
1288 4624 1343 4665 non
1361 4610 1450 4664 solum
1471 4610 1610 4675 diversae,
1638 4610 1789 4668 sedetiam

90 4726 163 4761 anus
184 4706 271 4776 panis
289 4723 398 4771 mnus,
425 4706 522 4777 utiquo
538 4722 594 4759 non
613 4702 757 4772 naturalis,
775 4701 825 4756 sed
844 4707 928 4756 meta·
953 4697 1106 4751 contruriae
1125 4702 1210 4768 atque
1227 4695 1268 4753 ita
1287 4702 1471 4767 comparatae,
1490 4702 1522 4752 ut
1540 4714 1622 4754 veras
1634 4697 1715 4752 simul
1728 4711 1789 4755 esse

89 4792 216 4865 phenice,
244 4791 310 4863 quia
332 4809 417 4845 uuum
440 4807 542 4861 corpus
557 4792 705 4862 mysticum
723 4806 826 4843 sumus.
861 4786 927 4842 Pro-
953 4799 1009 4836 non
1033 4782 1147 4852 possint.
1189 4781 1219 4838 Si
1244 4782 1317 4839 enim
1342 4782 1423 4854 panis
1443 4791 1559 4839 vocatur
1578 4783 1698 4855 tropice,
1722 4800 1788 4857 ergo

90 4877 160 4936 bant
177 4876 333 4947 Pontificii,
353 4878 450 4933 eadem
468 4876 642 4932 necessitatis
659 4877 723 4947 lege
739 4891 790 4929 nos
806 4872 878 4945 cogi,
897 4878 929 4928 nt
952 4886 1007 4924 non
1025 4878 1138 4940 propter
1155 4868 1212 4923 viru
1229 4868 1405 4939 nutritivam
1432 4870 1456 4924 si
1473 4875 1588 4925 vocatur
1607 4868 1702 4940 panis,
1720 4869 1788 4940 quia

90 4965 119 5021 in
137 4963 262 5021 membro
279 4963 426 5035 posteriori
442 4963 633 5031 (namomnss
646 4965 750 5017 deum
765 4978 841 5031 pens
853 4977 927 5032 pnr—
953 4963 996 5011 est
1020 4971 1054 5010 ex
1083 4971 1155 5026 pane
1181 4955 1272 5011 factus
1297 4962 1325 5011 et
1351 4955 1418 5029 quia
1435 4956 1500 5014 olim
1519 4957 1575 5012 init
1589 4956 1684 5028 panis,
1721 4972 1787 5029 ergo

89 5050 258 5123 ticipnm)
288 5050 371 5105 etiarn
394 5048 500 5119 tropice
524 5048 690 5103 vocabulum
707 5046 789 5119 panis
808 5046 926 5117 accipia-
952 5058 1008 5098 non
1025 5046 1137 5113 propter
1153 5040 1333 5097 accidentia'
1325 5058 1355 5096 tn
1371 5042 1520 5114 praesenti

91 5155 161 5195 mus.
192 5135 317 5192 Probent
336 5135 428 5205 511555,
449 5131 681 5232 significationem
700 5133 835 5206 tropicam
846 5132 926 5204 panis
990 5133 1047 5185 115.
1081 5127 1208 5184 Vidimus
1234 5127 1355 5183 rationes
1379 5127 1440 5182 illas
1466 5129 1643 5199 conjunctas,
1664 5126 1786 5183 breviter
1799 5140 1817 5177 v
1819 5143 1898 5182 assur

90 5223 120 5281 iu
136 5222 261 5279 membro
279 5221 425 5293 posteriori
442 5219 550 5291 uspiam
568 5218 598 5274 in
609 5218 758 5291 Scripturis
774 5219 927 5293 expositam
950 5230 1142 5288 percurramus
1161 5211 1301 5285 singulus,
1326 5222 1460 5286 quantum
1478 5211 1588 5268 omnino
1607 5211 1713 5269 roboris
1737 5212 1784 5267 ob·
1799 5205 1818 5287 i
1813 5194 1892 5296 ἝΙἾ,

90 5328 165 5380 esse,
184 5309 285 5366 sicut
278 5326 307 5364 ru
323 5308 447 5365 membro
465 5307 558 5380 priore
577 5305 735 5361 immediate
751 5306 863 5361 additur
881 5304 927 5361 de·
950 5302 1066 5358 tineent
1100 5299 1195 5356 Prima
1211 5299 1282 5355 ratio
1302 5305 1376 5362 erat,
1404 5300 1501 5353 noceri
1518 5315 1621 5368 punem
1636 5308 1704 5370 post
1721 5318 1784 5356 con-
1798 5301 1835 5337 ⁸¹²
1849 5306 1878 5336 ⁸¹

89 5395 220 5453 51555110.
250 5396 327 5451 Unus
351 5395 453 5465 panis,
479 5411 563 5447 unum
589 5407 692 5460 corpus
714 5407 816 5445 summ.
852 5389 926 5456 Quin
950 5387 1226 5458 remotionemque
1245 5395 1284 5440 set
1304 5404 1338 5440 ee
1350 5403 1428 5456 pane
1445 5388 1551 5452 sactus
1580 5357 1990 5460 51551151151155..Α

89 5481 183 5558 potius
212 5481 354 5555 apostolus
376 5479 522 5554 perspicue
550 5475 668 5545 indicat,
697 5474 778 5547 panis
803 5476 926 5550 appella·
935 5435 1075 5531 imum
1067 5472 1303 5547 spusennes
1328 5469 1437 5529 eueher.
1457 5487 1482 5530 c.
1503 5477 1542 5530 11.
1560 5471 1633 5531 bane
1650 5472 1785 5531 5511555551
