3998 6024
764 246 1129 312 herroneorum
1729 261 1789 319 ιιι.

86 413 188 460 censat
205 422 225 458 a
244 403 371 473 Spiritu,
390 403 457 484 sorte
480 410 507 456 et
522 419 586 457 vere
604 406 744 459 adductus
763 413 803 460 ost
822 406 868 458 his
885 405 927 458 lo·
955 404 1001 460 vio
1015 405 1180 461 Emeuutico
1198 402 1323 475 ἄφαντος
1341 406 1448 476 ἐγένετο
1466 405 1535 463 Luc.
1553 412 1595 476 24,
1615 422 1641 460 v.
1659 410 1701 463 31.
1722 422 1797 478 (ιιι,

87 511 139 547 cns
162 490 236 558 (bob
261 493 315 558 20.)
339 507 359 542 a
381 490 487 544 nostris
505 490 662 545 bominibus
681 492 722 545 οοι
737 492 928 558 refellendam
953 491 1036 547 modo
1055 491 1141 563 igitur
1157 492 1350 562 uenenarium,
1369 498 1402 547 ut
1418 509 1518 563 corpus
1541 495 1608 564 ejus,
1627 491 1788 564 ubicunque

89 596 217 634 crassnm
239 594 364 632 morem
390 578 426 630 ds
452 577 765 632 transubstantiatione
789 579 877 649 panis
898 579 928 631 in
954 595 1084 648 praeseus
1103 584 1153 639 est,
1172 585 1238 633 actu
1254 595 1363 649 semper
1380 579 1524 635 videatur?
1550 571 1669 636 Visibile
1684 584 1728 635 est
1744 595 1798 634 ra.

88 683 193 736 corpas
210 665 255 719 osb
272 666 308 719 de
328 664 418 718 ιοοοιι
433 664 563 734 corporis
577 666 754 734 praesentia,
778 683 863 735 qaam
880 665 928 718 bo·
953 665 1030 720 tione
1055 666 1111 729 sui,
1139 664 1204 721 licet
1229 683 1285 721 non
1302 665 1408 721 radone
1426 666 1527 735 nostri,
1551 665 1662 721 visibile
1680 673 1724 722 est
1739 677 1827 737 ιιι
1841 675 1886 720 ιιι

89 753 178 806 menes
190 752 374 821 praeposteri
392 753 422 804 s'n
439 768 524 805 saara
544 768 629 804 coena
647 752 795 835 tingant.¹¹¹
819 751 855 808 D
867 751 929 820 My·
954 751 1055 815 tentia,
1088 751 1154 824 licet
1180 769 1236 806 non
1262 756 1348 820 ectu:
1372 751 1598 822 distinguendum
1620 752 1694 809 euim
1716 752 1789 809 inter
1869 799 1872 810 .

90 837 169 892 lius
159 855 192 891 ιιι
211 836 356 891 comoedia
367 835 486 891 hirsutos
503 835 595 901 refert,
608 836 721 907 Lipsiae
739 823 1112 909 quendamexlsubjectum
1132 837 1303 907 atmodum,
1322 838 1473 908 accipimus
1490 838 1619 894 naturale
1636 838 1789 895 etvisiblle
1821 866 1823 872 v

91 923 293 994 professoribus
318 931 456 994 repertum
482 923 582 991 fuisse,
610 941 693 994 quem
715 942 770 979 non
797 925 929 994 puduerit
954 923 1056 979 Christi
1074 941 1174 994 corpus
1192 925 1221 978 iu
1238 941 1317 979 sacra
1336 941 1438 994 coena,
1456 941 1512 980 uon
1530 931 1625 981 autem
1642 926 1724 980 modo
1742 940 1789 981 na·

92 1008 308 1066 visitatoribus
300 1027 329 1063 ιι
349 1024 379 1063 οι
399 1009 504 1078 dicere,
531 1014 563 1064 ut
582 1015 736 1066 monstrent
755 1011 808 1066 sibi
826 1027 928 1080 corpus
954 1009 1038 1065 turali
1064 1017 1091 1064 et
1116 1009 1226 1065 visibili.
1262 1017 1286 1065 5.
1304 1010 1388 1065 Absit
1404 1010 1564 1081 proinde,
1556 1029 1611 1066 imo
1628 1011 1790 1083 longissime

92 1096 195 1152 Christi
212 1095 242 1150 in
260 1112 347 1151 coena
365 1095 523 1162 videndum,
541 1101 601 1150 tum
618 1113 648 1152 ec
666 1097 851 1167 praesentiam
868 1098 928 1166 ejus
955 1114 973 1149 a
990 1096 1070 1153 nohis
1089 1096 1175 1162 absit,
1199 1104 1231 1151 ut
1248 1097 1365 1152 nolimus
1385 1099 1448 1167 plus
1466 1099 1588 1167 credere,
1615 1116 1699 1170 quam
1716 1088 1790 1154 oculi

93 1183 261 1239 crediturum
278 1199 347 1238 ease.
373 1181 598 1252 Respondemus:
623 1189 644 1237 1.
658 1182 816 1253 nequidem
829 1183 929 1238 incor-
955 1181 1041 1237 nostri
1065 1181 1147 1237 uobis
1164 1182 1331 1239 renuntient
1367 1185 1466 1252 Beati,
1492 1185 1541 1253 qai
1561 1202 1618 1238 non
1636 1185 1746 1251 rident,
1762 1191 1790 1238 et

93 1287 156 1341 pora
164 1286 242 1326 mere
250 1269 372 1325 nahrruli
382 1275 535 1338 perpetuae
543 1268 668 1324 veritatis
678 1276 728 1338 est,
739 1270 814 1341 quod
822 1287 930 1342 semper
956 1269 1086 1331 mebant,
1111 1267 1213 1324 bohen.
1239 1274 1287 1335 20,
1315 1288 1340 1323 ι.
1359 1275 1400 1326 29.
1435 1270 1619 1325 Αιιιιιιοοιιιι
1632 1288 1687 1341 per
1700 1271 1791 1340 fidem

94 1365 155 1412 actu
176 1356 314 1412 videatur.
355 1355 431 1410 Actu
454 1353 543 1411 videri
568 1355 613 1411 vol
639 1371 695 1410 uon
720 1356 808 1412 videri
826 1363 868 1412 est
883 1374 928 1412 ex·
954 1372 1011 1408 non
1033 1357 1184 1409 secundnm
1209 1357 1384 1424 adspectum,
1411 1361 1436 1413 ι.
1458 1354 1520 1410 Cor.
1540 1363 1572 1421 ι,
1594 1373 1620 1414 ι.
1641 1364 1665 1416 ι.
1701 1357 1790 1411 rena

93 1448 199 1500 ternum
227 1441 348 1514 <torporis
370 1441 514 1511 accidens,
538 1458 714 1512 naquaquam
739 1458 805 1497 vero
822 1442 930 1497 iuterna
956 1448 996 1493 est
1022 1451 1213 1509 argumentum
1238 1459 1294 1495 non
1314 1442 1526 1511 apparentiam,
1545 1440 1635 1499 Hebr.
1655 1449 1702 1513 11,
1719 1460 1745 1498 ι.
1766 1449 1790 1500 1.

95 1537 119 1586 et
141 1531 299 1586 esmntiulis
324 1529 448 1599 ejusdem
472 1529 635 1599 proprietas.
673 1530 796 1600 Corpora
809 1529 930 1599 subtilia,
956 1527 1115 1598 Sequuntur
1133 1545 1209 1598 ergo,
1229 1528 1387 1599 quicunque
1405 1527 1508 1596 volent,
1522 1528 1658 1598 judicium
1676 1527 1799 1584 rationis·

94 1618 187 1689 qualia
209 1623 277 1671 suut
299 1619 348 1672 abr
366 1623 394 1671 et
416 1615 502 1687 ignis,
529 1615 618 1670 visum
643 1622 766 1671 nostrum
784 1615 930 1688 effugiunt
956 1619 985 1668 et
1002 1632 1141 1680 sensuum,
1160 1632 1210 1669 nos
1230 1613 1379 1670 innitemur
1396 1614 1488 1670 verbis
1508 1613 1617 1670 Christi
1643 1614 1790 1678 Quodnam

94 1703 220 1775 Scaliger
236 1719 325 1758 exerc.
344 1708 375 1758 9:
403 1701 478 1764 Quae
503 1702 534 1757 in
550 1703 668 1756 verubus
687 1711 821 1756 assantur
834 1705 869 1757 ab
888 1718 929 1770 eo,
956 1703 1053 1770 eaps's,
1079 1703 1157 1772 qaod
1178 1719 1233 1756 non
1255 1701 1348 1768 rides,
1373 1702 1501 1756 animosa
1521 1703 1618 1767 firmat
1640 1704 1719 1767 fidu.
1757 1702 1792 1761 Si

95 1808 172 1860 quen
189 1791 327 1860 οιιιοιιιιιι,
342 1789 401 1860 igni
416 1806 472 1844 non
490 1794 652 1860 tanguntur,
671 1789 720 1844 sed
737 1789 774 1845 ab
788 1806 829 1854 ao,
847 1805 929 1861 quem
956 1796 1062 1841 tantam
1085 1789 1190 1853 credes,
1219 1789 1296 1858 qnod
1310 1789 1405 1856 vides,
1425 1789 1495 1858 maid
1511 1796 1552 1842 est
1571 1796 1620 1844 tna
1636 1789 1725 1853 fides!
1750 1787 1790 1843 di·

94 1893 148 1931 non
170 1876 313 1945 videmus,
342 1879 415 1930 adso
439 1892 504 1930 aero
522 1883 689 1945 tangantur,
718 1884 748 1929 nt
767 1877 852 1931 etiam
871 1891 929 1929 ers·
956 1881 1023 1930 cunt
1040 1874 1078 1944 pii
1095 1881 1210 1930 veteres.
1245 1876 1322 1930 “Ar
1341 1873 1467 1929 Christos
1485 1874 1714 1929 nobibilitateet
1723 1874 1790 1944 pot

93 1972 209 2018 mentor.
245 1969 270 2019 2.
287 1961 524 2034 Distinguendum
545 1961 632 2032 igitur
649 1961 722 2017 inter
738 1961 890 2032 potentiam
902 1967 930 2017 et
953 1963 1103 2032 pabebitate
1121 1969 1315 2032 argumentans
1333 1962 1419 2016 ducit
1444 1961 1667 2032 Respondemus:
1687 1967 1710 2018 1.
1723 1978 1791 2017 sano

94 2057 186 2106 actum
222 2051 282 2105 sire
318 2050 391 2106 iuter
425 2055 519 2104 actum
552 2049 673 2120 primum
709 2055 738 2105 et
768 2049 929 2106 meandum.
957 2053 1150 2120 argumentum
1177 2047 1280 2105 Christi
1307 2064 1326 2102 a
1351 2064 1481 2105 sensurum
1504 2047 1698 2118 experimentis
1720 2047 1790 2119 psti-

94 2137 246 2203 Quodlibet
262 2153 363 2207 corpus
380 2135 506 2191 uatmale
524 2141 567 2192 est
584 2135 699 2203 visibile,
716 2135 841 2207 potentia
858 2134 930 2190 scili·
955 2127 1015 2191 t'um
1041 2134 1164 2206 legitime
1189 2133 1343 2202 concludit,
1366 2133 1416 2189 sed
1443 2132 1509 2205 quie
1532 2141 1574 2190 est
1597 2139 1791 2205 argumentum

94 2231 151 2291 eet.
174 2241 232 2280 non
249 2240 358 2294 semper
374 2229 447 2278 actu.
482 2221 609 2294 Scaliger
626 2238 715 2279 exerc.
736 2228 795 2280 325.
814 2229 879 2278 sect.
898 2228 928 2277 t:
957 2221 1046 2277 minuo
1064 2221 1218 2291 principale
1238 2228 1267 2276 et
1283 2220 1435 2290 propositio
1451 2219 1508 2285 illa,
1528 2218 1665 2290 quidquid
1681 2219 1804 2275 videtur.

94 2311 181 2367 Color
195 2329 256 2379 ‚sna
278 2317 383 2364 natura
400 2309 520 2364 oisibibs
537 2317 585 2374 est,
603 2309 715 2364 strhnssi
732 2326 873 2378 annonam
890 2308 930 2361 ni·
957 2313 985 2362 et
1001 2306 1145 2376 palpatur,
1172 2315 1214 2362 est
1234 2323 1347 2375 corpus,
1365 2322 1420 2361 non
1437 2310 1481 2358 est
1496 2303 1654 2374 reciproce,
1679 2303 1793 2359 minime

94 2401 213 2468 dwtnr,
238 2397 466 2467 qnandoquidem
479 2396 608 2464 potantia
625 2413 681 2450 non
694 2395 804 2450 tollitur
817 2412 873 2464 per
885 2395 930 2449 ob·
958 2391 1022 2446 hinc
1038 2392 1140 2448 infame
1156 2392 1231 2461 licet,
1251 2391 1397 2461 passibiles
1412 2389 1463 2444 has
1483 2389 1631 2460 qualitates
1648 2397 1713 2445 aens
1729 2389 1800 2459 ipso,

87 2484 230 2553 jactorum
248 2482 432 2548 ablationem,
455 2497 544 2550 neone
561 2497 576 2534 e
594 2482 738 2534 contrario
756 2481 867 2534 deletio
884 2480 930 2534 ob·
957 2495 1065 2550 semper
1088 2495 1122 2534 ec
1140 2477 1295 2535 necessario
1314 2477 1419 2542 messe,
1442 2475 1559 2530 maxime
1572 2493 1636 2531 cum
1654 2476 1725 2532 haec
1742 2475 1804 2533 de·-

87 2572 193 2639 jeetnm
206 2586 262 2639 per
281 2569 446 2623 amotionem
458 2575 637 2637 potestatam.
668 2573 693 2624 3.
714 2567 820 2632 Quodsi
831 2567 859 2621 in
871 2581 930 2622 cor·
956 2565 1118 2620 monstratio
1146 2581 1203 2619 nou
1227 2563 1390 2633 dependerit
1413 2579 1447 2619 er
1477 2567 1596 2619 naturae
1618 2560 1804 2635 noemam„
1818 2612 1842 2631 ,.

93 2673 159 2728 pore
176 2672 254 2712 mere
271 2654 393 2711 naturali
409 2671 465 2709 nou
481 2660 524 2709 est
540 2659 691 2725 perpetuae
702 2652 834 2721 veritatis,
855 2651 930 2724 quod
956 2651 1006 2706 sed
1026 2651 1132 2707 liheroe
1146 2650 1297 2706 voluntatis
1317 2649 1509 2720 dispositione,
1528 2646 1560 2703 οὐ
1577 2648 1654 2722 νόμῳ
1672 2647 1805 2721 adorus„

93 2759 202 2813 semper
226 2748 293 2797 actu
315 2741 455 2806 videatur:
478 2745 584 2811 quanto
608 2740 699 2795 minus
717 2740 752 2795 de
769 2738 931 2810 corporibus
956 2736 1018 2793 ἀλλ’
1056 2743 1216 2811 οιιονομιας
1249 2735 1354 2807 τρόπῳ,
1382 2742 1415 2792 ιι
1441 2735 1564 2808 loquitur
1591 2736 1789 2796 Damascenus.

93 2828 255 2901 glorificatis
275 2827 361 2882 asseri
379 2826 498 2897 poterit,
517 2827 593 2898 quod
610 2825 795 2882 necessarium
812 2827 848 2880 sit
865 2842 930 2880 ocu·
958 2830 980 2881 2.
1003 2824 1118 2896 Alioqui
1140 2825 1203 2895 pari
1226 2825 1333 2881 ratione
1354 2823 1574 2880 concludendum
1596 2823 1684 2882 foret:
1714 2823 1791 2880 Chri·

92 2914 126 2969 lis
141 2915 287 2971 bominum
311 2912 435 2969 nondum
452 2912 669 2984 glorificatorum
686 2919 751 2968 actu
768 2929 804 2968 ee
821 2928 931 2982 sempor
955 2917 1015 2965 stus
1035 2928 1069 2967 er
1087 2929 1134 2980 eo,
1160 2913 1236 2984 quod
1254 2911 1313 2971 edit
1328 2928 1363 2966 ac
1381 2910 1467 2979 bibit,
1485 2909 1627 2981 discipulis
1646 2910 1792 2969 ιοιιιιιοιι

94 3001 190 3070 videri,
209 3001 234 3056 si
251 2999 308 3056 sint
320 2998 497 3071 praesentia?
517 2998 572 3053 imo
590 3016 655 3054 vero
673 3015 737 3055 cum
755 2999 791 3053 D.
804 2997 930 3055 (ιιιιιοιο
957 2997 1079 3069 corporis
1109 2999 1153 3053 sui
1184 2997 1390 3054 demonstravit.
1431 2996 1507 3069 Ergo
1536 2997 1619 3053 edere
1642 3004 1670 3054 et
1696 2996 1803 3058 bibere.-

94 3089 256 3154 statuimus,
289 3092 399 3143 tautum
430 3086 540 3156 abesse,
572 3093 605 3143 ut
632 3104 749 3158 corpora
774 3085 931 3157 glorificata
957 3085 1079 3156 corporis
1091 3083 1239 3156 glorificati
1258 3085 1310 3140 erit
1326 3083 1468 3154 proprium
1485 3083 1689 3154 inseparabile3
1708 3099 1791 3154 quem

94 3176 131 3231 ab
153 3174 242 3231 oculis
265 3175 389 3229 nondum
411 3173 573 3246 glorificatis
598 3179 663 3229 actu
690 3190 797 3244 semper
818 3172 930 3229 videan-
956 3177 1050 3227 tamen
1087 3171 1225 3227 inferendi
1267 3170 1380 3225 modum
1418 3169 1549 3232 Calvinus
1583 3168 1645 3240 ipse
1678 3169 1807 3231 damnat,

94 3267 153 3331 tur,
176 3267 208 3317 ut
227 3254 405 3332 nonpossint
422 3260 524 3330 videri,
542 3261 596 3317 nisi
613 3260 764 3332 peculiaria
782 3265 931 3334 οἰκονομία
956 3275 1020 3330 pag.
1033 3263 1091 3314 stt.
1117 3263 1141 3314 3.
1150 3255 1277 3311 Christus
1290 3256 1350 3327 ipse
1363 3255 1407 3310 sui
1419 3254 1553 3311 visionem
1564 3259 1593 3311 et
1603 3253 1805 3333 pulptstionens.i
1845 3281 1850 3290 ·

94 3364 128 3403 ac
151 3347 323 3419 dispensatm
348 3347 441 3403 divina
465 3348 626 3417 accesserit,
653 3346 790 3419 siquidem
815 3363 932 3416 corpora
956 3344 1033 3401 haud
1055 3344 1115 3399 fore
1136 3349 1299 3414 perpetuum
1322 3342 1472 3413 praedicit,
1502 3341 1725 3413 quantobestos
1743 3356 1807 3405 ees.¹

94 3433 252 3505 glorificata
276 3440 343 3489 sunt
363 3433 535 3507 πνευματικοὶ
553 3439 667 3505 propter
686 3434 831 3503 ποιότητας
847 3452 930 3488 nnso-
956 3431 1109 3504 praedicet,
1127 3429 1177 3501 qui
1192 3430 1257 3496 lieet
1269 3446 1325 3484 uon
1340 3429 1461 3498 rideant,
1480 3428 1753 3486 immerserunt*
1776 3464 1779 3483 .

93 3520 255 3596 psrssdsl.
275 3519 338 3578 Cor.
357 3528 403 3590 15,
426 3538 452 3577 v.
470 3528 511 3578 44.
530 3527 596 3577 suut
615 3520 785 3576 lucidissima
801 3527 830 3577 et
847 3520 930 3593 iulgi-
993 3523 1048 3575 116.
1083 3521 1110 3574 2.
1136 3517 1277 3571 Memoria
1304 3523 1345 3570 est
1369 3533 1464 3572 resson
1490 3516 1663 3579 obmutiret.
1695 3515 1808 3573 Sacra

94 3609 208 3665 manns
231 3607 321 3662 instar
343 3607 413 3662 lucis
440 3607 537 3662 solaris
558 3606 658 3662 Metth.
684 3612 731 3677 13,
754 3626 780 3662 ι.
804 3613 846 3663 43.
866 3613 932 3663 sunt
956 3624 1042 3660 coena
1068 3604 1197 3658 instituta
1228 3612 1268 3659 est
1298 3604 1328 3656 in
1359 3604 1645 3658 commemorationem
1678 3603 1791 3667 Christi
1795 3612 1916 3661 tesmo-

92 3694 258 3751 tenuinima
274 3697 304 3749 et
320 3691 500 3748 subtilissima
518 3693 618 3749 Matth.
637 3697 679 3758 22.
696 3708 722 3746 ι.
738 3700 778 3750 30.
793 3693 930 3765 quomodo
955 3690 1181 3762 Respondemus:
1212 3695 1235 3746 1.
1247 3689 1283 3747 si
1299 3689 1365 3745 lidei
1383 3690 1475 3747 omnia
1496 3696 1561 3745 suut
1582 3691 1739 3761 praeseutia
1760 3647 1886 3760 etm‘

92 3781 181 3854 igitur
197 3797 216 3835 a
232 3777 408 3849 carnalibus,
432 3778 557 3834 obscuris
573 3785 602 3835 et
621 3779 719 3834 crassis
740 3780 826 3835 oculis
843 3779 930 3835 homi·
955 3778 1088 3835 memoria
1112 3793 1171 3832 nou
1196 3783 1239 3833 est
1267 3777 1321 3832 nisi
1349 3776 1503 3832 absentium
1532 3780 1692 3849 (utrumque
1715 3775 1800 3837 affir-
1802 3770 1885 3813 ‘¹¹¹¹'

92 3885 161 3923 num
176 3866 301 3923 nondum
318 3819 533 3936 glorillcatorum
551 3864 655 3936 absquo
669 3865 804 3935 peculiari
819 3866 928 3937 dispen·
956 3864 1097 3922 mantibus
1114 3862 1310 3933 adversariis),
1336 3879 1507 3934 comeqnens
1529 3861 1626 3932 fuerit,
1652 3862 1735 3920 fidem
1754 3820 1867 3923 demm

92 3954 202 4010 satione
235 3953 331 4008 diviua
366 3949 432 4007 actu
465 3951 625 4006 viderentur
660 3951 706 4006 vol
736 3952 819 4006 etium
843 3949 931 4007 videri
957 3951 1089 4009 memoria
1111 3956 1139 4008 et
1160 3950 1319 4007 memoriam
1342 3950 1378 4006 de
1398 3948 1453 4006 lide
1469 3965 1530 4005 esse
1546 3949 1651 4005 nullam
1670 3966 1704 4004 ac
1721 3948 1805 4006 fide·

92 4039 228 4112 possent?
257 4039 336 4094 luter
365 4037 504 4108 objectum
536 4043 563 4094 et
592 4053 727 4108 organum
756 4036 832 4092 visua
855 4045 932 4094 certa
956 4038 1030 4093 libus
1053 4037 1161 4093 nullum
1182 4037 1243 4093 dori
1260 4054 1342 4107 possa
1358 4035 1523 4092 memoriale.
1559 4042 1584 4092 11.
1604 4034 1697 4091 &ene
1713 4034 1790 4091 insti·

93 4126 245 4199 requiritur
271 4124 412 4197 proportio
441 4130 470 4178 at
494 4128 649 4196 συμμετρία
674 4121 790 4179 docente
811 4122 931 4193 philoso-
956 4130 1019 4182 tuta
1042 4131 1087 4180 est
1104 4123 1142 4180 ad
1167 4123 1269 4179 Christi
1293 4121 1585 4192 commemorationem
1620 4122 1683 4179 Hos
1700 4123 1793 4189 tacite

93 4213 152 4284 pho
170 4219 195 4270 3.
214 4212 251 4267 de
266 4212 360 4267 anima
377 4227 400 4265 c.
419 4216 443 4266 9.
460 4216 491 4264 at
508 4226 580 4281 quae
598 4208 728 4280 amlogia
747 4208 931 4280 intercorpus
957 4217 997 4274 εις
1012 4209 1062 4280 τὴν
1080 4212 1150 4281 ἐμὴν
1168 4209 1332 4283 ἀνάμνησιν,
1349 4208 1391 4263 ait
1410 4206 1535 4263 Christus
1555 4207 1624 4267 Luc.
1644 4213 1685 4278 tt,
1702 4226 1727 4262 v.
1750 4213 1791 4266 te.

94 4298 287 4372 πνευματικὸν
309 4304 338 4354 et
363 4297 472 4353 oculum
493 4295 634 4367 ψυχικόνι
656 4293 756 4352 Matth.
774 4300 820 4360 ut,
845 4313 870 4349 v.
889 4303 930 4352 53.
956 4297 1069 4368 Ergone
1094 4296 1220 4351 Christus
1245 4313 1262 4350 a
1289 4311 1377 4351 coena
1400 4293 1518 4351 absens?
1543 4293 1645 4364 hospes
1662 4309 1680 4350 a
1698 4294 1791 4350 couvi·

94 4386 134 4441 de
155 4385 259 4441 sanctis
283 4400 347 4439 cum
369 4382 477 4439 Christo
501 4381 670 4438 resuscitatis
695 4387 931 4450 commemorabor,
957 4381 1020 4436 vio?
1056 4383 1194 4438 &Prima
1216 4398 1303 4443 coena
1325 4379 1465 4440 Christum
1484 4386 1659 4449 praesentem
1683 4379 1807 4448 habuit:

93 4472 172 4544 quod
195 4470 381 4542 apparuerint
407 4470 524 4539 mattis.
540 4485 595 4540 quo
618 4468 677 4538 ipso
696 4466 831 4535 innuitur,
856 4467 931 4538 quod
957 4473 989 4522 ut
1015 4484 1048 4524 er
1075 4468 1309 4540 evangelistarum
1331 4465 1525 4535 descriptione
1537 4472 1660 4534 constat,
1683 4481 1735 4520 nec
1753 4463 1789 4521 ab

92 4575 152 4615 nou
175 4557 319 4630 quibusvis
345 4555 436 4612 obviis
455 4572 489 4611 ex
508 4553 642 4610 naturalis
659 4553 782 4624 corporis
800 4552 932 4608 constitu·
957 4554 1124 4611 adverseriis
1142 4553 1239 4626 negari
1256 4558 1357 4623 potsse
1391 4553 1431 4607 At
1452 4550 1474 4605 si
1493 4567 1527 4606 ax
1547 4569 1614 4607 voce
1632 4568 1792 4607 commemo-

91 4646 184 4716 tione,
214 4644 265 4701 sed
288 4642 430 4716 aliquibus
452 4641 587 4696 duntaxat
610 4657 645 4696 ex
666 4637 801 4710 peculiari
821 4638 931 4708 dispen·
957 4641 1075 4695 rationis
1093 4640 1216 4712 legitime
1233 4638 1351 4695 iufertm
1370 4636 1493 4692 inorata
1512 4638 1648 4708 corporis,
1668 4641 1727 4691 tum
1744 4653 1792 4694 ne·

92 4732 202 4790 satione
231 4729 417 4803 apparuerint
464 4736 489 4785 4.
519 4727 549 4784 Si
576 4727 606 4782 iu
636 4742 751 4797 corpora
777 4724 931 4796 glorificato
957 4727 1081 4798 gaudum
1104 4726 1202 4794 fuerit,
1225 4725 1365 4781 Christum
1384 4724 1414 4779 iu
1430 4724 1537 4795 primae
1556 4740 1658 4780 coenas
1676 4722 1793 4787 admini-

91 4836 152 4875 non
167 4823 212 4874 ost
226 4824 379 4890 perpetuae
397 4814 532 4883 veritatis,
556 4814 630 4886 quod
649 4812 685 4868 ab
703 4810 791 4867 oculis
808 4812 931 4867 nondum
956 4811 1088 4868 stratioue
1111 4819 1285 4884 praesentem
1311 4827 1361 4865 suo
1387 4826 1503 4881 corpore
1525 4809 1622 4866 fuhsa
1662 4814 1687 4866 4.
1704 4807 1806 4875 Βοοιο;

91 4903 258 4979 glorificatis
279 4921 388 4975 semper
412 4909 477 4959 ectu
500 4902 642 4968 videatur:
669 4906 773 4973 quanto
792 4898 883 4954 miuus
902 4899 932 4953 in
956 4898 1042 4970 igitur
1054 4897 1285 4968 Oecolampodius
1303 4895 1436 4969 ιςιιοιοιι,
1454 4895 1614 4951 memoriam
1631 4911 1715 4965 saepe
1732 4911 1811 4957 esse,

91 5008 213 5066 corpore
242 4990 347 5048 Christi
368 4991 399 5045 ιιι
421 4989 587 5062 hypostasin
610 4984 660 5042 filii
686 4986 740 5042 Dei
757 4993 879 5043 assumto
905 4992 933 5042 et
956 5002 1048 5041 rerum
1064 4985 1260 5055 praesentium,
1280 4985 1309 5039 in
1324 5000 1408 5056 quam
1424 4982 1588 5040 senteutiam
1606 4980 1722 5037 adducit
1732 4998 1807 5038 vers.

90 5080 132 5136 ad
155 5080 283 5135 danuam
301 5077 356 5133 Dei
372 5083 468 5134 evecto
485 5075 578 5131 locum
593 5072 728 5130 habebit?
756 5072 838 5129 Certe
855 5070 932 5126 Chri·
957 5091 1019 5129 sum
1038 5072 1176 5127 Maronis:
1792 5098 1796 5105 -

91 5171 154 5221 stus
172 5166 202 5219 in
221 5164 320 5219 diebus
338 5163 428 5218 carnia
445 5178 520 5230 sune,
540 5163 569 5217 in
586 5168 660 5216 statu
674 5159 867 5217 exinanitionis
876 5177 933 5230 per
1034 5158 1175 5213 Oblitnsoe
1194 5158 1240 5210 sni
1255 5165 1297 5212 est
1317 5157 1433 5213 Ithacus
1453 5153 1613 5211 discrimine
1630 5160 1719 5210 tanto.

90 5254 204 5310 medios
232 5253 399 5306 Nasarenos
421 5250 574 5317 transibat,
596 5264 660 5302 cum
681 5247 716 5302 de
739 5254 832 5302 monte
854 5246 932 5301 illum
960 5253 985 5304 5.
1009 5244 1133 5316 Populus
1166 5243 1338 5305 lsreiiliticus
1369 5244 1475 5315 quoties
1509 5239 1625 5312 jubetur
1652 5239 1794 5298 recordari

90 5338 308 5415 prucipitaturi
334 5341 427 5392 assam
444 5336 513 5392 Luc.
533 5341 565 5403 4,
589 5350 615 5387 ι.
634 5339 677 5391 30.
696 5333 884 5388 abscondebat
904 5351 933 5388 se
959 5332 1013 5388 Dei
1042 5330 1087 5385 sui
1114 5337 1143 5387 et
1167 5328 1377 5401 reprehenditur
1405 5328 1457 5385 hoc
1483 5329 1608 5396 nomine,
1639 5328 1714 5401 quod
1736 5326 1793 5384 Dsi

90 5437 120 5484 et
145 5427 241 5484 scibat
264 5428 299 5480 de
322 5425 438 5495 templo,
463 5440 526 5479 oum
552 5419 654 5495 Judaei
676 5419 784 5491 lapides
807 5420 935 5476 tollerent
959 5417 1061 5473 oblitus
1088 5415 1192 5471 fuerit?
1221 5416 1304 5471 Dent.
1331 5421 1358 5478 8,
1391 5433 1418 5469 v.
1447 5421 1484 5470 18.
1519 5414 1611 5471 budic.
1638 5421 1668 5484 8,
1696 5432 1722 5472 ι
1750 5419 1792 5471 et

90 5514 196 5574 solun.
217 5517 293 5582 8‚v.
267 5518 353 5567 vhe.
370 5517 435 5583 post
451 5506 680 5566 resurrectionem
697 5506 823 5565 suanm
839 5506 932 5564 convi-
959 5503 1066 5577 quoties
1086 5509 1166 5559 orant
1187 5503 1241 5577 pii,
1271 5503 1393 5557 Dareine
1416 5509 1548 5557 menmnta
1566 5502 1672 5571 nasei,
1698 5517 1791 5577 recor·
