4004 6022
842 283 895 338 DE
912 279 1105 340 ECCLESIA.
1760 295 1821 352 549

122 444 217 517 gulari
247 449 276 498 et
299 442 432 497 unctione
456 442 589 498 sacerdot.
612 460 687 498 auno
709 447 782 498 1553.
824 439 960 494 Diabolus
990 441 1050 490 tum
1077 440 1368 510 praesupponehatur‚
1395 439 1424 493 id
1456 440 1527 494 enim
1553 439 1670 509 ipsemet
1687 455 1720 494 ex
1737 441 1822 497 verbo

121 548 180 585 non
210 529 341 600 apparuit
358 527 482 584 Luthero
499 528 528 582 in
545 528 593 582 illa
612 528 710 598 synaxi
736 521 960 595 airaupooainuc
986 523 1040 576 Dei
1065 528 1148 580 etex
1171 526 1343 581 institutione
1372 542 1474 580 coenae
1498 526 1661 580 Dominicae
1679 528 1822 596 cognitum

122 634 176 671 nec
195 634 259 669 cum
277 614 337 683 ipso
358 614 466 668 locutus
484 620 526 668 ιιι
546 611 723 682 adscquitur,
742 612 809 682 quia
821 610 960 665 Lutherus
986 607 1116 674 habebat,
1135 612 1184 666 sed
1202 612 1430 682 consequentiam
1447 612 1564 683 negarit
1580 629 1613 666 ac
1624 629 1727 683 negare
1739 614 1822 669 etiam

123 700 341 771 descriptionem
367 699 440 754 illius
464 698 595 753 historiae
618 699 658 752 sic
676 698 829 752 exorditur:
854 696 912 749 nisi
930 696 959 748 in
986 694 1091 762 debuit,
1112 698 1186 766 quod
1205 699 1310 753 scilicet
1331 704 1478 767 propterea
1496 697 1701 768 desperandum
1718 700 1763 767 sit,
1781 700 1821 754 sic

122 789 210 842 corde
237 802 298 838 meo
325 785 457 838 diabolus
483 785 567 836 istam
596 784 815 852 (imputationem
844 782 958 850 incipie—
986 781 1058 835 enim
1074 781 1135 836 loco
1155 783 1230 837 dicto
1248 784 1407 854 subjungit:
1435 786 1501 837 Non
1515 802 1630 852 possum
1645 803 1758 852 separe,
1777 803 1819 840 me

121 873 229 926 bct.itit
272 870 410 925 Lutherus
434 884 611 940 nequaquam
639 868 691 922 hoc
716 867 772 922 fine
796 867 959 937 disputatio·
981 883 1128 935 peccasse,
1154 872 1204 922 ced
1221 871 1262 922 ibi
1277 872 1408 923 mentitur
1424 870 1524 938 Satan,
1545 873 1622 940 quod
1638 871 1716 924 ultra
1732 881 1821 938 urpet,

121 976 187 1014 nem
211 957 286 1012 illam
311 973 375 1010 cum
401 955 511 1010 diaholo
536 954 659 1008 habitam
676 954 862 1023 consignavit,
885 970 918 1007 ac
935 953 959 1004 si
985 961 1016 1004 ut
1033 956 1185 1023 desperem.
1221 955 1375 1022 Confessus
1384 956 1497 1025 quidem
1514 973 1682 1010 cumeorum
1697 959 1820 1023 diaholo,

121 1043 267 1100 diabolum
290 1043 319 1095 in
339 1041 520 1112 abrogatione
537 1041 637 1095 missae
655 1041 780 1110 privatae
797 1043 957 1109 praecepto·
986 1056 1028 1091 ιιι
1052 1049 1233 1108 peccassent
1251 1042 1374 1109 Judam,
1398 1043 1544 1095 seduerto
1562 1045 1662 1094 meod
1680 1042 1821 1098 Clermtum

120 1147 182 1185 rem
205 1134 384 1200 agnosceret,
412 1127 548 1198 siquidem
568 1128 628 1196 jam
652 1133 718 1181 ante
742 1143 775 1181 ex
797 1126 882 1181 verbo
905 1125 958 1179 Dei
986 1142 1047 1177 mem
1075 1126 1176 1192 Petro,
1206 1126 1346 1179 Christum
1368 1127 1478 1192 invoco,
1507 1128 1538 1180 in
1561 1128 1701 1181 Christum
1726 1131 1820 1196 mede,

121 1221 300 1287 cognoverat,
320 1213 388 1285 quid
405 1213 434 1268 in
452 1214 536 1268 missa
554 1214 662 1284 privata
683 1229 747 1267 cum
759 1210 862 1268 Christi
880 1211 958 1265 insti-
986 1211 1036 1278 qui
1060 1228 1149 1263 meum
1170 1220 1317 1279 peccatum
1346 1213 1448 1264 delemt
1471 1229 1526 1281 per
1549 1216 1713 1278 canpuiacm
1731 1232 1819 1267 suum

121 1303 231 1357 tutione
254 1306 374 1371 pugnet,
402 1300 450 1354 sed
479 1307 512 1354 ut
537 1317 587 1354 suo
608 1300 732 1370 exemplo
751 1298 958 1368 comprobatum
986 1297 1059 1351 Num
1085 1296 1154 1350 illud
1169 1298 1197 1350 in
1217 1298 1341 1351 Luthero
1359 1298 1508 1365 damnant,
1529 1298 1603 1368 quod
1624 1299 1735 1354 diabolo
1756 1301 1819 1356 mis·

123 1389 217 1454 daret,
241 1403 325 1457 quam
351 1386 458 1441 lubrico
479 1386 605 1440 nitantur
623 1386 737 1456 papales
757 1385 823 1439 illae
838 1385 958 1438 rationes
985 1398 1044 1434 sam
1068 1384 1242 1453 oppugnanti
1260 1402 1314 1438 non
1333 1383 1418 1438 fuerit
1436 1385 1601 1447 reluctatus,
1628 1401 1692 1438 cum
1711 1387 1820 1441 nonsit

122 1473 307 1527 fundamento
333 1478 361 1526 et
388 1488 470 1541 qnam
496 1471 606 1526 omnino
627 1488 681 1525 non
700 1471 788 1540 possit
806 1470 861 1524 illis
880 1487 957 1523 mens
985 1468 1147 1531 verisimile,
1171 1471 1327 1540 oppugnari
1350 1469 1455 1539 aliquid
1478 1487 1496 1522 a
1521 1471 1644 1533 diabolo,
1676 1473 1751 1542 quod
1776 1478 1820 1526 est

122 1558 281 1614 Christiana
308 1558 337 1609 in
362 1557 563 1612 tentationibus
591 1557 780 1628 acquiescere,
811 1573 881 1626 quae
907 1572 958 1625 pro
985 1553 1209 1608 idololatricam?
1244 1554 1331 1623 Atqui
1350 1554 1477 1608 diabolus
1497 1562 1528 1609 ut
1545 1563 1685 1610 tortuosus
1705 1573 1819 1626 serpens

121 1644 291 1698 stabilienda
314 1643 398 1697 missa
422 1643 531 1713 privata
548 1644 576 1696 in
597 1643 718 1697 medium
740 1643 839 1697 afferre
859 1643 956 1696 solent.
986 1639 1097 1693 missam
1125 1639 1207 1694 modo
1235 1646 1394 1709 oppugnat,
1423 1641 1504 1693 modo
1531 1641 1568 1695 ad
1595 1658 1656 1695 eam
1685 1642 1820 1698 hortatur.

122 1730 206 1784 Hunc
224 1744 286 1783 esse
305 1745 418 1797 scopum
438 1728 511 1781 illius
529 1730 702 1795 narrationis,
721 1730 831 1800 integer
848 1733 957 1782 contax-
985 1724 1082 1780 Refert
1099 1726 1172 1779 enim
1192 1724 1304 1778 Delrius
1322 1742 1355 1779 ex
1373 1725 1454 1780 Surio
1472 1726 1519 1782 lib.
1538 1732 1562 1781 4.
1585 1728 1619 1781 de
1637 1729 1730 1798 magia
1747 1744 1770 1783 c.
1794 1735 1816 1783 1.

123 1824 169 1869 tus
196 1815 285 1870 docet.
320 1813 430 1884 Ecquid
449 1815 535 1885 igitur
552 1815 580 1868 in
600 1815 723 1869 Luthero
741 1816 777 1869 ob
797 1815 878 1869 istam
897 1830 958 1867 nar·
985 1829 1011 1879 q.
1033 1816 1057 1863 3.
1082 1807 1111 1883 ξ.
1132 1818 1155 1864 5.
1180 1812 1325 1865 diabolum
1352 1812 1510 1879 aliquando
1534 1814 1563 1864 in
1579 1815 1670 1881 speeie
1688 1814 1818 1880 ampelius

123 1903 259 1954 rationem
280 1899 433 1954 damnant?
464 1901 538 1955 Num
556 1901 723 1972 colloquium
745 1918 808 1955 cnm
827 1899 958 1953 diabolo?
985 1896 1098 1949 cuidam
1123 1897 1218 1949 abbati
1243 1898 1412 1964 apparuisse
1432 1914 1547 1966 eumque
1565 1900 1705 1952 hortatum
1720 1900 1819 1963 fuisse,

122 1986 212 2055 Atqui
231 1986 374 2055 pontifices
392 1985 505 2055 quidam
524 2002 580 2040 non
599 1987 687 2040 solum
704 2003 764 2040 cum
778 1986 889 2039 diabolo
903 1984 957 2038 col·
985 1990 1015 2034 ut
1036 1984 1151 2036 messam
1175 1983 1335 2035 celebraret.
1379 1982 1455 2053 Ergo
1481 1998 1514 2036 ex
1534 1984 1638 2038 diaboli
1658 1984 1703 2038 rel
1721 1992 1842 2054 appro·=⁴

122 2073 248 2143 loquium
266 2072 452 2139 instituerunt,
473 2072 548 2140 quod
569 2072 598 2126 in
616 2088 647 2126 se
663 2089 696 2126 ac
715 2089 766 2141 per
783 2088 813 2125 se
831 2070 956 2124 damnari
985 2069 1110 2132 batione,
1134 2068 1179 2122 rel
1205 2067 1412 2138 oppugnatione
1431 2069 1569 2123 demissa
1587 2069 1656 2122 nibil
1674 2071 1741 2125 certi
1759 2075 1819 2139 pot-

122 2159 235 2229 nequit,
259 2158 308 2210 sed
333 2157 416 2211 etiam
437 2163 552 2227 pactum
575 2175 638 2213 cum
659 2158 706 2211 illo
724 2158 857 2224 iniemnt‚
882 2155 957 2227 quod
984 2160 1026 2208 ιιι
1044 2153 1142 2221 statui,
1169 2154 1219 2208 sed
1236 2170 1270 2207 ex
1288 2153 1372 2207 verbo
1390 2154 1458 2217 Dei,
1488 2171 1551 2208 cum
1574 2172 1629 2224 quo
1647 2156 1821 2210 exactissime

123 2249 165 2297 est
183 2246 267 2312 plane
285 2242 449 2297 damnabile.
486 2243 633 2312 “Polyd
645 2242 778 2314 Virgilius
791 2242 838 2297 lib.
853 2248 877 2298 6.
896 2259 920 2298 c.
933 2248 957 2297 9.
986 2239 1161 2294 consentiunt
1195 2246 1375 2309 argumenta,
1408 2239 1510 2311 quibus
1537 2241 1565 2293 in
1593 2241 1677 2295 corde
1704 2240 1820 2296 Lutheri

121 2330 192 2393 festi
204 2330 330 2382 ‘omnium
348 2330 508 2382 animarum
528 2329 701 2382 occasionem
721 2336 747 2381 et
764 2329 899 2394 cripinem
918 2330 959 2381 ad
986 2324 1113 2378 diabolus
1132 2340 1193 2377 eam
1212 2325 1400 2394 oppugnavit,
1418 2325 1485 2379 licet
1502 2325 1558 2380 fine
1578 2328 1705 2397 pessimo,
1724 2327 1820 2381 videli-

122 2415 254 2468 diabolos
270 2415 453 2467 lamentantes
469 2414 568 2477 refert,
589 2415 688 2481 qssibrsa
704 2415 886 2467 mendacibus
901 2415 957 2481 spi·
985 2417 1030 2465 cet
1048 2416 1080 2463 ut
1099 2409 1253 2464 Luthernm
1266 2411 1302 2464 ad
1315 2411 1535 2479 desperationem
1546 2412 1704 2468 solicitaret.
1723 2415 1755 2448 *³⁸
1762 2412 1819 2466 Til·

120 2502 222 2553 ritibus
242 2499 328 2553 Odilo
353 2501 438 2553 albae
461 2500 654 2556 Cluniaeensis
672 2502 789 2552 eredens
808 2500 841 2551 id
856 2501 958 2563 festum
984 2513 1100 2551 mannus
1118 2494 1281 2550 Pontificius
1305 2504 1333 2551 et
1356 2514 1389 2551 ex
1412 2514 1444 2551 eo
1466 2498 1604 2552 Fornerus
1623 2504 1719 2552 contra
1738 2515 1816 2554 cone.

121 2586 243 2639 instituit
266 2601 339 2639 anuo
363 2590 438 2642 1002.
462 2591 493 2638 ιιι
508 2585 609 2639 Petrus
627 2584 782 2639 Damianus
801 2590 830 2640 et
848 2585 956 2640 Duran-
981 2582 1062 2652 jubil.
1092 2580 1204 2637 Norinb.
1232 2580 1369 2649 referunt,
1400 2584 1632 2637 Maximilianum
1661 2585 1686 2639 1.
1713 2585 1819 2637 uidisse

122 2672 175 2725 dus
194 2671 240 2725 lib.
260 2677 284 2726 t.
305 2687 327 2723 c.
349 2676 390 2725 35.
408 2676 554 2726 testantur.
590 2670 621 2723 Si
640 2669 780 2724 Pontificii
799 2670 958 2725 desiderant
983 2671 1214 2723 cacodaemonem
1232 2669 1329 2731 forma
1348 2686 1484 2738 corporea
1501 2670 1621 2725 Lutheri
1638 2671 1759 2723 humeris
1777 2673 1818 2723 in·

122 2756 249 2825 exempla
266 2772 369 2823 eorum,
396 2755 445 2826 qui
463 2771 527 2809 cum
544 2754 656 2809 diabolo
676 2755 892 2811 familiaritatem
910 2756 956 2811 ha·
983 2758 1126 2810 sidentem.
1162 2753 1387 2822 Respondemus:
1414 2760 1436 2810 1.
1456 2755 1567 2824 ipsimet
1589 2755 1710 2820 sddunt,
1736 2758 1817 2808 baro-

121 2843 251 2907 buerunt,
271 2857 325 2895 non
346 2857 415 2909 opus
434 2845 489 2907 ιιι,
509 2845 541 2894 nt
559 2840 636 2910 apud
649 2848 756 2894 nostros
769 2858 802 2895 ea
814 2847 956 2911 quaerant,
983 2860 1045 2895 nem
1067 2842 1232 2909 pincernam
1251 2858 1271 2892 a
1288 2840 1491 2893 Macimiliano
1509 2849 1649 2907 uocatum,
1674 2850 1703 2893 ut
1721 2844 1817 2910 adspi-

122 2945 186 2982 cnm
210 2927 285 2981 domi
305 2925 417 2980 abunde
434 2926 474 2980 eis
492 2931 631 2996 suppetat.
666 2925 811 2996 Iaegantur
828 2927 958 2982 historiae
984 2936 1055 2981 seret
1070 2928 1286 2994 dilipentissime
1297 2926 1457 2991 Lutherum,
1472 2929 1550 2995 meod
1561 2936 1586 2980 ιι
1599 2929 1713 2993 factum,
1728 2929 1819 2995 ipsum

121 3014 158 3068 de
176 3012 318 3082 Sylvestro
337 3011 372 3064 II.
392 3010 545 3065 Benedicta
559 3011 640 3068 VIII.
663 3011 799 3081 Gregorio
808 3012 872 3068 VII.
896 3012 956 3065 Hil-
982 3033 1047 3069 vero
1075 3015 1146 3067 nillil
1169 3013 1273 3066 cidisse
1295 3013 1353 3065 nisi
1370 3014 1534 3066 monachum
1552 3014 1665 3066 cuculla
1682 3015 1817 3069 indutam.

122 3098 266 3153 debrando
290 3105 373 3151 antea
397 3097 472 3151 dicto
494 3099 589 3153 otest*
629 3097 833 3169 Chrisursipse
852 3098 957 3151 insuia
985 3106 1008 3157 ι.
1026 3102 1072 3154 An
1089 3097 1235 3154 verisimile
1253 3104 1303 3163 ιιι,
1321 3097 1475 3151 Luthernm
1497 3101 1642 3167 Augustae
1657 3097 1817 3153 Vindelico·

120 3183 322 3239 tentationibus
345 3199 409 3235 cnm
432 3182 543 3236 diabolo
573 3182 726 3236 collocutus
748 3190 791 3237 ιιι
813 3183 911 3239 Matth.
931 3192 956 3246 4,
983 3203 1052 3253 rum,
1071 3202 1134 3239 cum
1147 3184 1259 3239 comitia
1271 3184 1475 3237 celebrarentur
1487 3201 1560 3237 anno
1576 3188 1649 3238 1518.
1662 3191 1818 3252 spectatum

120 3288 147 3323 v.
164 3275 189 3324 4.
208 3275 233 3323 t.
256 3274 294 3323 10.
313 3268 387 3324 Num
405 3268 475 3322 illud
494 3267 634 3336 damnant,
655 3269 729 3338 quod
743 3269 883 3324 Lutherus
898 3270 955 3325 dia·
984 3272 1105 3331 venisse,
1135 3269 1274 3341 quomodo
1306 3269 1509 3323 Maximilianus
1539 3270 1700 3339 patentibus
1729 3269 1817 3323 valvis

121 3355 186 3410 bolo
209 3354 336 3409 mendaci
362 3353 446 3409 fidem
473 3354 593 3409 hahuit?
621 3355 709 3424 Atqui
738 3356 803 3409 licet
828 3357 956 3410 diabolus
983 3355 1151 3425 pranderet?
1187 3362 1211 3409 3.
1235 3355 1347 3408 Literae
1372 3354 1555 3409 Maximiliani
1582 3355 1619 3408 ad
1639 3356 1757 3408 leonem
1779 3355 1817 3411 X.

121 3443 159 3495 sit
177 3440 295 3494 mendax
313 3446 341 3495 et
354 3449 438 3509 pater
456 3442 604 3506 mendacii,
623 3447 715 3496 tamen
736 3442 874 3510 quaedam
892 3458 957 3497 vera
983 3458 1054 3512 quae
1071 3450 1136 3496 tom.
1159 3447 1180 3496 1.
1213 3440 1232 3494 f.
1252 3447 1292 3495 99.
1317 3444 1347 3494 ιι
1372 3446 1428 3494 109.
1460 3447 1525 3494 tom.
1546 3447 1570 3494 5.
1604 3440 1625 3496 f.
1650 3446 1704 3494 112.
1726 3441 1752 3494 b.
1771 3457 1818 3494 ex·

122 3527 242 3597 profert,
267 3530 300 3579 nt
317 3525 430 3595 quando
449 3526 589 3579 Christum
607 3534 690 3579 vocat
706 3527 797 3588 tilium
815 3527 959 3581 Altissimi
984 3534 1058 3582 stant
1097 3527 1264 3581 contrarium
1301 3531 1445 3580 testantur.
1497 3526 1600 3581 Confer
1636 3527 1817 3580 Matthesium

121 3613 192 3667 Luc.
214 3616 244 3676 8,
270 3629 295 3666 v.
315 3617 356 3666 28.
391 3612 436 3664 Sic
459 3611 570 3681 quaudo
590 3611 719 3666 diabolus
737 3611 773 3665 ad
790 3613 958 3682 desperatio·
984 3619 1096 3670 count.
1114 3614 1149 3666 ds
1167 3612 1251 3666 Luth.
1270 3610 1290 3668 f.
1312 3618 1349 3667 14.
1364 3628 1387 3666 ι.
1420 3619 1444 3667 t.
1457 3612 1594 3666 Diabolus
1610 3619 1667 3667 stat
1681 3613 1710 3666 iu
1728 3613 1819 3667 medio

122 3716 187 3752 nem
201 3697 325 3751 homines
338 3697 475 3751 solicitare
488 3702 612 3763 conatur,
631 3696 728 3765 objicit
739 3696 779 3750 eis
792 3697 869 3761 illud,
883 3698 958 3769 quod
984 3700 1103 3753 filiorum
1121 3699 1174 3753 Dei
1193 3698 1256 3754 Job.
1270 3704 1291 3764 1,
1311 3716 1336 3749 v.
1356 3703 1379 3752 6.
1399 3703 1455 3751 stat
1472 3697 1509 3751 ad
1523 3698 1648 3751 dextram
1660 3699 1819 3766 sacerdotis,

122 3792 166 3838 ιιι
188 3783 358 3837 certissimae
380 3782 518 3849 veritatis,
543 3781 673 3835 videlicet
693 3782 768 3850 quod
787 3783 844 3836 sint
862 3800 958 3853 pecca·
984 3793 1016 3840 ut
1041 3784 1203 3840 adversetur
1223 3783 1249 3836 ei
1274 3783 1355 3837 Zach.
1379 3789 1412 3848 3,
1436 3802 1461 3837 v.
1488 3789 1509 3838 1.
1531 3784 1611 3838 duxit
1629 3783 1770 3838 Christum
1790 3785 1819 3838 in

123 3877 198 3923 tores
217 3885 250 3921 ae
268 3868 326 3921 suis
346 3868 468 3937 peccatis
487 3869 556 3921 iram
574 3866 628 3922 Dei
646 3873 674 3921 et
693 3874 833 3923 aeternam
846 3871 959 3924 damna·
985 3871 1164 3941 pinnaculum
1199 3868 1344 3938 implut*
1397 3872 1422 3922 6.
1455 3869 1537 3931 Quod
1565 3871 1704 3931 referente
1735 3869 1819 3923 Cous.

123 3959 226 4009 tionem
249 3953 407 4022 promeriti,
434 3970 489 4023 qua
510 3954 545 4006 de
563 3971 593 4008 re
614 3954 644 4006 iu
658 3953 718 4007 eod.
737 3954 784 4006 tib,
804 3955 843 4008 sic
863 3956 961 4010 scribit
989 3957 1114 4012 Gesnero
1138 3965 1162 4008 ιι
1181 3956 1327 4023 Yipurinis
1351 3955 1488 4008 ministris
1506 3956 1596 4018 fuerit
1611 3955 1692 4008 tomo
1711 3964 1819 4007 eonten-

122 4039 280 4094 Lutherus:
311 4039 451 4092 Diabolus
478 4047 520 4091 ιιι
543 4041 678 4105 mendas,
707 4041 789 4106 cujus
810 4043 959 4094 mendacia
985 4047 1080 4105 tiosus,
1102 4043 1251 4109 pertinax,
1277 4042 1443 4094 vehementis
1469 4041 1589 4109 inperii,
1620 4041 1768 4108 impatiens
1795 4050 1821 4094 et

123 4126 281 4179 callidiora
299 4133 364 4178 ment
386 4132 411 4176 st
428 4126 619 4185 instructiore,
639 4141 724 4192 quam
743 4127 852 4178 animus
864 4127 959 4179 liuma-
986 4131 1034 4199 qrci
1052 4129 1108 4181 nisi
1122 4144 1179 4195 per
1198 4129 1293 4180 omnia
1311 4128 1366 4178 sibi
1385 4128 1585 4180 eonsentientes
1596 4128 1676 4189 ferre
1688 4145 1744 4178 non
1753 4145 1821 4194 pos·

122 4229 177 4264 nus
201 4212 317 4280 eccequi
333 4211 430 4279 possit.
469 4210 518 4263 Sic
542 4212 689 4275 adoritur,
711 4219 741 4263 ut
757 4228 867 4279 semper
885 4212 958 4264 arri·
986 4217 1030 4270 sit.
1065 4213 1174 4266 segub
1198 4213 1301 4267 calcem
1324 4211 1419 4266 histor.
1445 4212 1543 4267 eccles.
1562 4210 1729 4267 Theodoreti
1747 4217 1820 4267 retu·

118 4299 187 4366 piat
212 4298 340 4365 aliquam
365 4297 489 4348 solidam
512 4296 671 4362 ueritatem,
696 4313 768 4363 quae
785 4300 887 4364 necari
903 4315 959 4350 non
987 4302 1077 4354 lerunt
1095 4299 1254 4370 catalogum
1275 4314 1433 4365 caesarum,
1451 4298 1651 4368 episcoporum,
1670 4296 1820 4351 haeretico·

117 4390 230 4452 potest;
263 4386 334 4435 adeo
361 4383 485 4450 speciose
507 4383 590 4445 fucat
615 4398 696 4433 mum
718 4384 906 4450 mendacium,
930 4391 960 4435 ut
987 4403 1047 4438 rum
1065 4392 1115 4439 etc.
1134 4384 1164 4437 iu
1184 4401 1239 4454 quo
1258 4383 1310 4436 sub
1330 4383 1371 4437 tit.
1390 4382 1577 4453 chrysostomi
1598 4401 1625 4452 p.
1638 4388 1698 4438 433.
1712 4383 1747 4437 de
1760 4383 1821 4452 ipso

122 4469 216 4533 fallat
235 4468 425 4534 cautissima,-
444 4467 511 4519 talie
528 4473 569 4519 est
587 4468 721 4534 copitalia
740 4468 801 4534 illa,
821 4485 893 4536 quae
907 4470 960 4521 Ju·
987 4476 1228 4536 commemoratur,
1256 4471 1333 4537 quod
1351 4470 1440 4532 fucrit
1457 4469 1572 4521 immitis
1590 4477 1616 4520 ιι
1636 4485 1756 4536 asparem
1774 4486 1819 4520 eu-

124 4558 180 4608 dae
201 4572 250 4607 eor
273 4553 431 4622 percussit,·
467 4553 581 4605 tradidi
598 4554 762 4621 sanquinem
774 4555 892 4622 justum,
909 4557 960 4608 hoc
981 4559 1101 4623 jusdam
1119 4556 1270 4618 libertatis,
1294 4571 1362 4623 erpa
1383 4571 1475 4608 omnes
1495 4554 1647 4606 insultator
1667 4562 1691 4606 et
1710 4555 1821 4607 iracun-

51 4649 109 4691 ssac.
123 4643 223 4694 ,ludas
241 4657 345 4709 separe
363 4657 418 4692 non
432 4640 757 4708 prestantissimi
776 4642 960 4704 mendacium,
988 4647 1056 4711 das,·
1075 4643 1148 4710 item,
1166 4645 1243 4710 quod
1260 4650 1316 4694 tam
1334 4641 1422 4694 libere
1439 4641 1469 4691 in
1480 4640 1637 4704 Aupustum
1649 4639 1743 4692 invehi
1754 4639 1821 4693 soli-

124 4728 202 4795 qseod
227 4726 436 4793 desperandum
457 4725 494 4776 eit
517 4726 553 4776 cle
575 4724 671 4792 pratia
693 4727 760 4780 Dei.
800 4729 879 4793 Erpa
905 4745 961 4779 raon
987 4738 1031 4781 tus
1051 4729 1141 4789 fuerit
1165 4736 1194 4779 ut
1218 4727 1375 4780 maledicus
1401 4726 1566 4788 haberetur,
1590 4727 1668 4793 quod
1691 4726 1820 4778 seuerita-

124 4813 260 4866 menlitur
283 4813 375 4866 Satan
398 4828 460 4864 cum
484 4818 612 4874 accusat,
638 4810 679 4862 ibi
698 4813 771 4863 enim
791 4813 872 4867 labet
890 4815 961 4866 duos
987 4816 1024 4868 tis
1043 4813 1270 4878 odiosaesuerit‚
1290 4814 1368 4879 quod
1382 4812 1542 4879 pertinacia
1561 4812 1821 4879 ejusrcpreltenda·

126 4898 354 4952 ineonvineibilcs
373 4905 453 4950 testes
472 4914 586 4963 pravas,
609 4896 697 4961 lepem
716 4898 777 4949 Dei
793 4906 818 4951 et
836 4907 961 4952 nostram
987 4909 1041 4953 tur.
1078 4898 1133 4954 Sed
1153 4898 1277 4953 additur:
1304 4900 1438 4961 Profecto
1456 4898 1571 4951 illorum
1590 4914 1697 4966 quoque
1719 4906 1821 4966 tempo·

124 4984 337 5048 contuentium,
364 4989 415 5039 etc.
461 4982 523 5035 Hoc
547 4996 614 5051 crgo
638 4982 808 5051 propositum
832 4983 885 5037 fuit
903 4986 960 5039 dia·
986 5004 1049 5037 rum
1067 4985 1136 5037 vitia
1153 4986 1248 5037 secari
1264 4993 1349 5053 atque
1366 4985 1421 5051 uri,
1440 5002 1496 5037 non
1514 4985 1619 5037 lectibus
1639 4983 1756 5036 medelis
1775 5001 1820 5035 ea·

125 5072 191 5125 bolo
228 5068 380 5124 Lutherum
415 5069 452 5122 ad
482 5068 703 5138 desperationem
733 5066 888 5137 solicitam,
924 5072 961 5124 ad
986 5071 1052 5124 rori
1072 5070 1192 5124 uoluere.
1229 5070 1306 5123 Idem
1327 5070 1363 5122 de
1381 5068 1534 5139 pertinacia
1553 5074 1581 5123 et
1602 5068 1746 5122 severitate
1764 5066 1821 5120 Lu·

126 5175 210 5229 quem
224 5156 308 5209 finem
325 5155 507 5210 obtinendum
525 5153 655 5206 assumsit
674 5153 712 5221 id,
731 5155 804 5223 quod
824 5161 884 5209 crat
904 5173 960 5210 cer·
987 5157 1065 5211 thero
1085 5156 1196 5225 objecta
1215 5155 1420 5225 respondemus.
1449 5155 1587 5208 Fomerus
1602 5162 1630 5209 ct
1643 5152 1690 5207 alii
1703 5170 1736 5208 ex
1751 5153 1821 5207 Pon·

125 5243 249 5297 tissimae
276 5241 411 5308 veritatis,
438 5239 569 5293 videlicet
593 5239 705 5292 missam
729 5257 789 5294 esse
812 5240 961 5295 idololatri-
986 5241 1080 5297 tificiis
1105 5241 1233 5294 tribuunt
1258 5241 1394 5304 Luthero,
1422 5243 1500 5310 quod
1522 5241 1691 5292 misticorum
1708 5241 1821 5292 seditio-

125 5348 204 5397 cam,
234 5328 353 5398 ideoque
384 5328 538 5381 Lutherum
567 5326 728 5397 gravissime
755 5343 886 5396 peccasse
920 5332 962 5381 ιοι
987 5346 1049 5381 nem
1065 5328 1236 5379 ιιιιιιιινιι.
1262 5327 1436 5381 Contrarium
1448 5332 1567 5379 testatur
1580 5323 1725 5378 Sleidanus
1740 5324 1786 5378 lib.
1796 5330 1821 5379 4.

127 5417 224 5471 missas
248 5415 370 5484 privatas
390 5412 568 5474 celebrando,
594 5412 642 5466 ubi
660 5429 712 5466 nec
725 5413 830 5482 potuit,
851 5413 961 5468 necde-
987 5412 1051 5468 hist.
1069 5431 1095 5483 p.
1117 5418 1173 5467 1οι.
1201 5410 1249 5467 lib.
1271 5417 1295 5467 5.
1327 5428 1356 5480 p.
1377 5416 1434 5466 111.
1469 5410 1541 5468 Vide
1560 5409 1821 5480 ipsummeththe·

127 5503 190 5560 buit
207 5501 348 5558 Lutherus
367 5516 478 5570 negare,
498 5498 573 5569 quod
592 5515 610 5553 a
627 5497 738 5553 diabolo
756 5505 889 5570 tanquam
902 5515 962 5556 cer·
989 5516 1051 5553 rum
1069 5503 1136 5554 tom.
1153 5502 1178 5554 3.
1193 5497 1258 5554 len.
1279 5495 1371 5553 Germ
1395 5496 1415 5552 f.
1437 5502 1495 5555 102.
1516 5502 1573 5553 104.
1590 5496 1618 5552 b.
1638 5501 1696 5553 105.
1717 5497 1742 5551 b.
1765 5500 1821 5551 108.
