4004 6022
815 246 867 303 DE
884 243 1076 302 matrasta.
1731 255 1790 325 est
1870 259 1873 263 ’

96 400 160 471 ipsa
182 401 249 457 uuio
275 406 307 457 nt
325 400 515 457 immediatum
541 400 720 464 ιιιιιιιιιιιιι,
741 399 814 454 unde
837 404 931 468 patres
959 398 1125 466 extendunt,
1151 403 1183 453 ιιι
1204 403 1315 469 petant,
1339 400 1369 456 in
1394 417 1514 471 eumque
1536 399 1618 457 ιιιιιιιι
1644 400 1793 461 manticam
1835 446 1839 452 .

95 485 230 556 Ephesini
250 493 347 543 ιοιιιιιι
368 487 524 543 Nestorium
542 487 594 541 hoe
613 486 695 541 modo
714 484 930 539 concludebant:
957 485 1076 539 humeris
1092 490 1210 555 gestant
1247 485 1387 540 Pontifieii
1400 487 1543 541 imitantur
1554 486 1696 554 Euchitas,
1714 503 1792 557 pree·

98 572 229 643 Quisquis
254 579 340 644 negat
359 572 462 629 Christi
479 589 588 626 carnem
608 570 746 626 vivificam
765 574 794 625 et
810 569 930 624 vivifica·
958 570 1050 624 sertim
1071 570 1206 637 monachi,
1225 571 1342 640 professi
1361 572 1531 642 religionem,
1550 589 1622 641 quae
1639 573 1688 635 tito
1707 573 1793 626 inser·

96 658 209 724 ιιιιιιιι,
235 657 259 712 ιι
284 658 368 714 solvit
392 658 530 713 unionem.
575 657 649 712 Illud
676 656 744 711 iecit
772 655 931 721 Nestorius,
957 656 994 708 tie
1013 664 1139 709 numerat
1156 675 1209 709 rua
1229 675 1345 711 munera
1364 659 1465 725 bacen,
1486 657 1654 728 atloqnitur
1665 658 1795 728 Baptista

96 759 164 815 ergo
189 751 218 799 et
239 743 292 799 hoc
316 743 409 799 iacere
434 743 595 799 censendus.
638 744 717 796 Idem
737 742 875 812 judicium
899 741 932 796 fit
959 740 1099 795 Mantuan.
1119 741 1154 796 dc
1172 742 1258 813 gestis
1278 742 1416 812 Alphonsi
1439 743 1520 799 lint
1565 743 1620 799 Sed
1640 760 1696 799 non
1714 744 1792 801 omit

96 831 131 885 de
158 830 283 886 «Ιιιιιιιιι.
319 829 417 894 Serto,
444 830 511 884 dum
538 829 710 887 divinitatem
737 828 774 883 ab
802 828 932 898 operibns
958 826 1034 880 tendi
1051 825 1096 880 hic
1117 825 1374 895 Circumcelliones,
1402 828 1449 898 qui
1475 829 1611 883 referente
1635 830 1794 900 Augustino

96 915 272 972 mediationis
289 916 440 971 excludunt
460 916 647 986 disputantes,
674 914 814 969 Christum
834 930 930 968 secun·
957 911 1003 966 lib.
1025 917 1049 968 3.
1070 918 1166 967 contra
1187 913 1317 970 Crescon.
1337 930 1361 967 c.
1379 920 1422 970 42.
1449 915 1599 969 demendis
1621 915 1728 968 armati
1748 934 1793 969 eu·

95 1000 163 1055 dum
183 1000 332 1056 humanam
355 1002 490 1057 duntaxat
512 1009 640 1056 naturam
664 1015 749 1071 opera
773 999 932 1055 mediatoris
952 999 1055 1066 jusque
1078 999 1189 1067 generet
1213 999 1276 1051 telis
1294 1000 1457 1054 terribiliter
1475 1003 1621 1068 sapaudo,
1648 1019 1704 1054 non
1727 1002 1793 1055 dico

94 1086 236 1157 perficere.
269 1087 456 1143 Bellarminus
474 1087 625 1157 injudicio
643 1086 677 1140 de
697 1085 745 1140 lib.
763 1101 840 1141 conc.
860 1103 886 1154 p.
907 1091 930 1141 ι.
958 1083 1180 1146 ιιιιιιιαιιιιοι,
1200 1086 1252 1136 sed
1269 1085 1361 1154 ipsam
1379 1086 1528 1139 humanum
1549 1086 1666 1154 quietem
1681 1104 1793 1154 pecem-

94 1172 222 1227 anaeus
247 1172 277 1228 in
299 1173 423 1228 thesibus
449 1180 546 1228 eontra
569 1171 748 1228 Gerlachium
771 1176 824 1226 etc.
866 1168 931 1224 Jam
958 1185 1009 1237 qne
1026 1171 1196 1239 perturbant
1222 1175 1274 1226 ete.
1313 1189 1385 1224 nouo
1409 1179 1435 1224 et
1458 1180 1543 1226 anteo
1560 1172 1689 1226 inaudito
1708 1172 1793 1225 ιιιιι-

94 1277 161 1315 vero
187 1259 234 1330 qui
257 1264 363 1329 negant
383 1259 492 1313 unionis
509 1257 662 1328 personalis
680 1257 822 1328 proprium
838 1256 931 1325 finem,
957 1256 998 1308 ris
1025 1271 1124 1322 penore
1152 1256 1256 1309 cubem
1286 1264 1363 1310 aceto
1388 1260 1557 1327 pre-mixtum
1586 1258 1674 1312 oculu
1698 1258 1793 1327 infun·

94 1351 202 1417 negant
217 1345 308 1414 ipsam
325 1345 455 1400 unionem
473 1344 655 1414 personalem.
687 1343 814 1399 Jesuitae
828 1349 932 1414 negant
958 1344 1061 1395 deame
1098 1341 1172 1405 Quid
1193 1359 1211 1396 a
1231 1341 1385 1396 Pontificiis
1410 1360 1495 1411 opera
1519 1343 1712 1414 inquisitorum
1735 1342 1794 1413 liat,

94 1430 237 1500 proprium
265 1429 348 1485 finem
374 1429 524 1499 personalis
553 1428 677 1491 unionis,
706 1428 753 1500 qni
779 1435 822 1482 est
847 1443 932 1497 opera
957 1427 1084 1482 omnibus
1104 1433 1200 1482 notum
1218 1435 1267 1494 est,
1286 1427 1325 1481 ibi
1344 1427 1464 1498 equulei,
1482 1430 1571 1500 ignes,
1588 1434 1673 1496 rotae,
1691 1428 1793 1498 laquei,

95 1515 256 1571 mediatoris
281 1515 381 1570 tacere
420 1515 496 1586 Ergo
519 1514 721 1570 convincuntur
746 1515 836 1585 ipsam
854 1513 931 1569 nnio·
956 1511 1043 1584 gladii
1065 1518 1131 1567 sunt
1148 1518 1312 1584 argumenta
1331 1514 1463 1568 adversus
1482 1531 1544 1578 eos,
1571 1515 1619 1586 qui
1642 1514 1793 1584 deprehen·

95 1617 160 1656 nem
191 1603 365 1670 personalem
392 1617 504 1673 negare.
540 1600 680 1671 Septimo,
707 1600 773 1654 dum
791 1599 930 1655 Christum
957 1598 1059 1667 duabu
1087 1606 1183 1652 contra
1210 1615 1315 1652 errores
1341 1599 1497 1669 pontificios
1516 1600 1560 1653 vel
1593 1599 1720 1670 obloqui,
1749 1600 1793 1655 vel

95 1687 249 1744 secundum
267 1687 416 1741 humanam
430 1693 558 1741 naturam
578 1693 683 1758 negent
703 1703 758 1739 una
771 1685 931 1739 adoratione
957 1685 1039 1739 etiam
1063 1683 1171 1739 sentire.
1215 1683 1343 1755 Itemque
1366 1686 1465 1738 Oseeni
1488 1692 1516 1742 et
1538 1687 1717 1750 Elcesoitae,
1744 1686 1792 1756 qni

95 1790 159 1827 eum
179 1774 261 1827 Patre
279 1779 308 1826 ιι
324 1771 431 1842 Spiritu
449 1791 469 1827 s.
491 1771 681 1838 adorandum,
700 1771 749 1826 sed
768 1769 931 1825 humanitati
956 1770 1053 1840 lingua
1076 1770 1219 1841 incognita
1239 1770 1365 1824 orabant.
1404 1772 1510 1838 Nemo,
1532 1771 1679 1842 inquiebat
1702 1771 1793 1837 Elxai,

96 1857 201 1914 Christi
219 1855 435 1926 taratonlano,
463 1874 517 1912 nou
540 1863 634 1912 antem
651 1863 779 1927 turpetur
798 1855 931 1911 tribuunt.
957 1862 1076 1923 quaerat
1100 1856 1371 1923 interpretationem,
1399 1858 1451 1908 sed
1474 1856 1648 1911 solummodo
1671 1858 1702 1910 in
1729 1875 1793 1911 ora·

96 1946 128 1979 *⁴⁸
137 1943 289 2012 Sampraei
306 1942 441 1998 referente
451 1942 609 2013 Epiphanio
620 1942 726 1999 haeres.
741 1949 781 1998 te.
795 1948 823 1997 et
833 1941 932 1996 Niceta
958 1941 1031 1994 tione
1060 1940 1127 1993 baec
1159 1941 1252 2006 duat,
1290 1941 1365 2010 apud
1396 1941 1583 2012 Epiphaniam
1615 1942 1719 1998 haeres.
1755 1949 1792 2000 19.

95 2029 145 2084 lib.
163 2035 187 2084 ι
206 2028 329 2082 thesauri
347 2027 418 2085 orth.
436 2027 501 2084 fidei
520 2027 624 2082 haeres.
644 2033 684 2082 25.
699 2033 739 2082 25.
757 2027 878 2082 studiose
889 2043 931 2080 as·
957 2025 1034 2080 Inter
1051 2025 1179 2096 Papistss
1195 2025 1296 2097 vulgus
1315 2026 1453 2082 ordinarie
1471 2028 1613 2100 incognita
1630 2027 1684 2083 sibi
1696 2029 1793 2099 lingua

96 2115 246 2172 servabant
271 2114 413 2184 pulverem
436 2113 545 2183 pedum
563 2114 680 2167 duarum
700 2110 931 2178 muliercularum,
957 2127 1054 2210 preces
1072 2128 1136 2166 snas
1154 2111 1350 2166 demurmurat
1386 2112 1484 2168 Cultus
1501 2114 1632 2185 publicus
1648 2114 1681 2169 tit
1697 2114 1794 2185 lingua

95 2218 166 2272 quas
192 2199 361 2266 adorabant,
389 2215 460 2269 quac
485 2200 605 2252 Martie
630 2206 659 2253 et
682 2200 840 2252 Martiana
859 2198 931 2254 dice
957 2198 1092 2254 maximae
1129 2197 1206 2267 epuli
1224 2198 1297 2268 parti
1318 2198 1507 2270 incognita*
1537 2204 1580 2257 28.
1601 2200 1921 2302 Collyridianitaccuy-

96 2287 207 2353 bantur,
218 2286 263 2341 rel
275 2293 306 2340 ut
318 2291 362 2340 est
374 2285 448 2355 apud
462 2283 591 2340 Nicetem
603 2285 718 2338 Maltbo
729 2290 759 2339 et
770 2286 931 2352 Mattbano
958 2282 1072 2337 Mariam
1109 2216 1242 2337 ἓεοιόκοιι
1273 2284 1429 2339 adorabant
1457 2285 1538 2356 eique
1564 2285 1716 2356 collyridas
1744 2303 1793 2341 seu
1807 2265 1908 2355 ξ’,ἳὲω

95 2388 214 2443 quarum
233 2371 316 2427 etiam
338 2379 422 2441 sputa
438 2377 467 2425 et
486 2369 609 2442 reliquas
627 2370 750 2440 corporis
768 2370 866 2424 sordes
884 2386 931 2424 au·
958 2369 1130 2438 placentulas
1156 2368 1320 2434 offerebant,
1346 2370 1495 2441 imaginem
1513 2373 1574 2441 ejus
1597 2371 1792 2443 circumgesta·

95 2458 258 2526 ferebant,
250 2475 278 2512 ιιι
298 2457 430 2511 auxilium
448 2456 579 2511 videlicet
597 2455 763 2510 morborum
799 2456 932 2512 Similiter
957 2454 1026 2509 bant
1043 2462 1072 2510 et
1091 2455 1251 2511 honorando
1271 2454 1407 2523 colebant,
1425 2455 1598 2526 Epiphanius
1617 2452 1664 2512 hb
1683 2461 1708 2513 3.
1728 2473 1792 2514 con·

95 2543 256 2614 Papistae
248 2562 277 2597 ιιι
296 2543 413 2596 eundern
432 2541 514 2596 finem
535 2541 688 2596 abutuntur
705 2542 821 2610 calceis,
844 2542 929 2611 pecti-
957 2548 1000 2594 tra
1027 2540 1218 2598 haerentem.
1245 2548 1268 2597 2.
1293 2541 1398 2596 haeres
1424 2547 1465 2597 te.
1493 2541 1594 2612 quibus
1618 2541 1902 2612 epiphaniarum

95 2629 187 2696 nibus,
208 2628 315 2682 braccis
333 2636 386 2682 ete.
405 2633 563 2682 sanctornm
582 2644 702 2681 suorum
739 2626 824 2682 Henr.
845 2627 931 2682 Sedu-
957 2627 1009 2681 hoc
1026 2627 1155 2698 opponit:
1176 2627 1251 2681 Sit'
1240 2647 1269 2680 m
1288 2630 1392 2682 bonore
1411 2628 1519 2694 blarru,
1538 2628 1634 2696 Pater,
1652 2629 1746 2689 Fiam
1767 2632 1838 2683 ιι·

95 2716 150 2769 lius
168 2714 370 2768 Franciscanns
391 2713 638 2783 antwerpiensis
629 2731 658 2767 ιιι
677 2713 750 2784 apol
770 2730 821 2784 pro
838 2714 931 2769 Alcor.
958 2713 1084 2782 Spiritus
1111 2721 1225 2766 sanctur
1249 2715 1401 2780 adoretur,
1430 2714 1558 2768 Mariam
1580 2730 1660 2767 nemo
1684 2716 1792 2770 aderet

96 2802 195 2855 Franc.
213 2817 278 2870 pag.
298 2806 363 2855 nte:
390 2799 498 2868 Unquer
516 2799 666 2852 Phormioni
684 2801 850 2854 tentationes
865 2817 931 2869 pro·
957 2798 1041 2852 Hunc
1065 2815 1184 2853 errorem
1205 2798 1457 2870 Collyridianorum
1482 2805 1602 2869 papatus
1625 2799 1792 2872 jampridem
1858 2786 1861 2791 ¹

93 2887 215 2957 pellunt,
232 2894 313 2955 spreto
328 2887 457 2955 puellam
475 2887 655 2954 illuminavit,
673 2886 768 2938 lotura
782 2888 889 2955 pedum
907 2893 933 2939 et
959 2883 1013 2938 sibi
1029 2883 1096 2939 fecit
1110 2885 1261 2955 proprium.
1299 2885 1459 2939 Alexander
1478 2884 1588 2939 Alensis
1613 2891 1703 2941 tomm
1720 2887 1793 2956 psal·

95 2990 229 3026 manuum
266 2973 351 3024 morti
382 2972 516 3040 prosimu
555 2972 695 3024 animatia
729 2971 932 3039 mauranus*
958 2970 1059 3024 ιιιιιιιιι
1077 2969 1241 3025 adBestam
1252 2970 1370 3024 Mariam
1390 2969 1609 3025 accommodavit
1622 2972 1794 3041 pronomine

47 3084 75 3101 .-
96 3061 142 3111 27.
161 3058 348 3124 Messaliani,
374 3058 422 3129 qui
441 3064 469 3112 et
487 3056 624 3111 Eucbitae
643 3056 724 3124 dicti,
751 3073 860 3128 semper
879 3058 932 3114 sibi
958 3057 1018 3111 Dei
1037 3056 1142 3128 ubique
1160 3056 1312 3112 substituto
1330 3056 1442 3112 nornine
1462 3057 1585 3113 Mariae.
1628 3056 1662 3111 In
1684 3057 1793 3128 templis

47 3130 81 3197 ’ἶ
96 3144 232 3198 orandmn
259 3159 318 3197 esse
347 3149 527 3211 censuerunt,
562 3143 737 3214 Augustinus
763 3143 797 3197 de
822 3143 930 3201 haeres.
958 3143 1014 3197 suis
1037 3142 1130 3213 qdhtm
1155 3141 1238 3197 hodie
1261 3142 1302 3195 illi
1323 3141 1492 3196 acclamant:
1520 3144 1593 3195 Jube
1617 3143 1694 3199 Filio
1719 3143 1793 3209 felia

96 3247 121 3283 e.
141 3236 181 3284 57.
210 3229 254 3283 Ac
276 3228 466 3284 'ibeodoretus
489 3228 537 3282 lih.
555 3234 581 3286 ι.
604 3228 699 3283 histor.
717 3245 741 3285 c.
765 3232 803 3285 ll.
822 3229 858 3284 de
876 3230 930 3283 illis
954 3245 1112 3298 puerpera,
1125 3230 1195 3297 jure
1213 3229 1312 3281 matris
1332 3228 1442 3298 impera
1459 3229 1626 3293 redemtori,
1644 3235 1676 3284 ut
1694 3229 1790 3283 merito

96 3314 206 3382 scribit,
225 3314 374 3386 quodport
387 3314 672 3367 cantillationreruas
685 3313 842 3384 absolutos,
861 3334 932 3384 quar
958 3319 1144 3386 conqueratur
1168 3314 1326 3370 Cassander
1350 3314 1378 3367 in
1403 3317 1520 3373 consult.
1545 3321 1595 3370 art.
1613 3320 1655 3371 21.
1687 3333 1719 3369 eo
1745 3318 1792 3370 de-

96 3409 172 3456 certo
190 3417 305 3455 numero
323 3400 459 3469 cutisque
479 3401 557 3454 boris
574 3408 709 3469 tanquam
725 3418 845 3470 pensum
867 3419 931 3471 per·
957 3409 1065 3455 rentum
1092 3418 1164 3470 erre,
1192 3409 1222 3454 ut
1248 3401 1376 3454 Uiriatus
1402 3402 1486 3455 etiam
1513 3403 1544 3454 in
1568 3403 1646 3456 coelo
1669 3419 1793 3471 repuens

95 3488 251 3555 solvebant,
277 3494 332 3540 toto
357 3486 403 3538 die
421 3486 531 3554 reliqua
550 3487 633 3538 otiosi
648 3486 771 3554 fuerint,
794 3504 857 3541 cum
877 3505 932 3559 quo
959 3487 1044 3540 matri
1074 3486 1249 3555 subjiciatur.
1288 3487 1374 3552 Item,
1404 3486 1525 3540 celebres
1554 3488 1691 3555 quosdam
1714 3489 1792 3541 uiros

96 3572 239 3641 conuenit,
269 3571 343 3643 qnod
369 3572 546 3640 Augustinus
574 3571 592 3624 l.
618 3572 644 3626 d.
672 3570 764 3638 addit,
795 3574 933 3627 Euchitae
959 3572 1076 3640 diriore,
1105 3575 1180 3641 quod
1199 3575 1277 3625 Deus
1295 3573 1376 3639 regni
1393 3573 1451 3638 sui,
1478 3574 1554 3642 qrtod
1575 3575 1742 3642 exjustitia
1765 3583 1792 3629 et
1817 3582 1836 3591 ''

94 3658 186 3723 subse
208 3658 353 3727 opinatos,
376 3675 433 3710 non
456 3658 542 3710 licere
564 3658 706 3711 arenariis
732 3661 932 3712 nutentandae
958 3659 1155 3713 misericordia
1179 3666 1301 3721 oorwtat,
1329 3659 1492 3722 dimidium,
1521 3659 1554 3712 id
1579 3667 1620 3733 eet
1637 3660 1792 3714 nuenar-

95 3745 170 3798 uitae
194 3762 261 3797 suae
286 3760 374 3796 ruma
397 3744 512 3811 aliquid
535 3743 658 3812 opunti.
702 3743 768 3803 Illos
793 3744 933 3799 Pontificii
959 3747 1051 3813 diam,
1075 3746 1105 3798 in
1123 3745 1251 3798 Mariam
1269 3745 1462 3811 transtulerit,
1491 3753 1521 3798 ut
1545 3747 1649 3814 siquis
1668 3764 1687 3799 a
1705 3747 1792 3810 Filio,

96 3829 225 3885 monachi
249 3835 361 3884 ιιιιιιιιι
385 3829 567 3885 aemulantur.
608 3831 722 3900 Pappus
748 3832 818 3886 tlex
842 3831 933 3886 Theo-
958 3834 1008 3902 qui
1024 3833 1065 3885 ad
1084 3834 1213 3887 dextram
1233 3832 1334 3884 Patris
1353 3833 1438 3898 sedet,
1458 3833 1687 3900 terrentemque
1699 3833 1793 3901 judea

95 3917 194 3971 doreto
220 3916 248 3970 in
278 3915 389 3987 epitom.
415 3915 517 3971 decret.
544 3915 628 3970 divin
653 3933 676 3970 e.
701 3916 736 3971 de
758 3916 931 3987 baptismo*
959 3926 1007 3984 ιιι,
1025 3923 1141 3969 matrem
1160 3919 1259 3980 ιιιιιι,
1277 3917 1345 3986 quia
1362 3917 1501 3971 moduine
1524 3926 1570 3972 est.
1607 3918 1792 3974 Bellarminus

95 4003 125 4056 in
145 4003 213 4072 epit.
230 4002 326 4057 histor.
345 4001 443 4057 eccles.
462 4018 528 4073 pag.
547 4007 607 4057 313.
638 4000 812 4056 Messalianis
824 4002 932 4070 tribuit,
957 4009 986 4058 et
1003 4001 1156 4074 Gregorius
1175 4002 1210 4057 de
1227 4002 1336 4057 Valent
1356 4003 1445 4057 solent
1460 4003 1624 4058 tractatibus
1643 4005 1699 4059 suis
1717 4005 1791 4062 hauc

95 4088 171 4159 quod
189 4087 329 4140 exercitiis
349 4088 508 4141 orationum
525 4088 645 4141 salutem
663 4088 774 4141 animae
788 4097 931 4159 acceptam
957 4089 1130 4160 doxologiam
1156 4087 1305 4160 suineere:
1340 4089 1443 4143 Gloria
1468 4091 1532 4143 Deo
1561 4098 1587 4143 et
1615 4093 1647 4143 Β.
1674 4093 1791 4147 Mariae

94 4174 243 4228 retulerint
269 4190 303 4226 ao
329 4173 461 4242 baptismi
477 4174 531 4226 uim
552 4175 592 4225 ad
603 4175 806 4241 praecedentia
826 4183 930 4228 tantum
962 4176 1073 4242 Virgini
1087 4175 1229 4229 Dominae
1245 4182 1372 4240 nostrae,
1392 4172 1457 4227 item
1474 4175 1546 4228 Jeru
1567 4176 1682 4232 Christo.
1720 4176 1791 4231 Tur·

89 4268 225 4330 peecata,
251 4278 306 4311 non
328 4268 421 4312 autem
443 4260 485 4312 ad
506 4260 607 4320 futura
632 4259 773 4312 abolendo
792 4269 819 4314 et
837 4263 928 4317 remit-
956 4260 1070 4316 sellinns
1096 4259 1205 4315 Jesuita
1233 4259 1261 4313 in
1289 4258 1405 4328 epistola
1429 4259 1517 4315 dedic.
1542 4260 1638 4317 histor.
1665 4262 1790 4319 Lauret:

94 4348 180 4398 tenda
203 4345 233 4397 in
256 4352 372 4413 utroque
395 4345 489 4398 ualere
513 4346 673 4414 statuerint,
696 4345 725 4399 in
744 4363 799 4417 quo
816 4363 928 4402 consen·
958 4351 1082 4402 Matrem
1108 4364 1189 4400 neam
1207 4353 1379 4415 praepotens
1401 4346 1452 4399 ille
1472 4349 1550 4400 Deua
1569 4349 1681 4401 diuinae
1703 4351 1790 4418 maje-

93 4430 194 4486 tieutes
218 4430 325 4485 habent
348 4429 516 4486 Pontificios.
553 4430 739 4486 Bellarminus
762 4431 823 4488 libr.
848 4439 871 4489 l.
894 4433 930 4488 de
955 4435 1033 4488 statis
1057 4434 1258 4503 potestatisque
1276 4433 1393 4496 sociam,
1419 4441 1556 4501 quotanus
1579 4434 1672 4497 licuit,
1695 4437 1788 4489 adsci-

92 4517 169 4587 hapt
200 4534 223 4570 c.
254 4522 292 4573 18.
341 4516 556 4571 ⁸*Mesraliuni
582 4521 652 4572 teste
676 4516 833 4588 Epiphanio
865 4519 929 4574 hae·
955 4522 994 4573 vit
1009 4527 1061 4574 etc.
1085 4520 1149 4573 buia
1173 4519 1333 4573 coelestium
1356 4520 1571 4588 mortaliumque
1593 4522 1789 4592 principatum

92 4620 145 4658 res.
162 4609 203 4658 80.
230 4603 365 4657 ecclesias
391 4611 417 4656 et
442 4605 611 4656 adoratorio
636 4604 692 4656 sibi
714 4604 785 4673 ipsiu
802 4608 929 4669 secarunt
957 4607 1066 4669 detulit,
1081 4607 1121 4659 ad
1137 4605 1221 4673 hujus
1241 4604 1389 4657 arbitrium
1408 4605 1524 4674 (quoad
1543 4605 1684 4660 bominum
1701 4609 1790 4663 tutelo

93 4698 119 4742 et
139 4692 180 4742 ad
199 4705 344 4757 uesperam
369 4697 395 4741 ιι
415 4705 496 4742 mane
516 4689 613 4743 multis
634 4690 756 4743 lucernis
773 4699 800 4744 et
819 4693 928 4744 lumini·
951 4692 1097 4762 postulat)
1122 4699 1225 4756 terras,
1249 4707 1339 4757 mare,
1366 4691 1473 4743 coelum
1496 4699 1683 4762 naturamque
1704 4703 1789 4749 totam

92 4776 142 4829 bus
161 4776 282 4828 incensis
302 4775 604 4843 congregabanturetc.
623 4778 929 4831 extendebantmanum
954 4780 1130 4845 moderatur,
1155 4777 1209 4829 bac
1232 4783 1370 4830 annuente
1392 4784 1417 4830 et
1436 4794 1492 4846 per
1514 4778 1586 4830 bane
1605 4778 1715 4831 diuinos
1733 4780 1788 4833 the·

92 4880 126 4915 ac
148 4861 280 4930 petebant
306 4860 378 4914 uelut
406 4861 481 4914 uictu
505 4869 630 4913 carentes
648 4870 675 4914 et
693 4861 766 4916 nibil
778 4865 928 4932 possiden·
954 4882 1056 4919 sauros
1073 4863 1238 4918 mortalibus
1258 4870 1283 4914 et
1301 4863 1434 4916 coelestia
1453 4864 1529 4915 dona
1554 4864 1685 4931 largitur.
1721 4862 1789 4920 Oso-

91 4955 141 5002 tee.
176 4948 248 5000 Item
271 4964 354 5000 sacco
378 4947 527 5014 conspicuo
547 4947 640 5001 induti
659 4948 834 5004 insedebant.
873 4950 927 5004 Pe·
953 4950 1010 5004 rius
1029 4950 1141 5005 Jesuita
1162 4953 1227 5004 tom.
1248 4956 1271 5004 b.
1294 4948 1366 5003 dom.
1386 4954 1410 5004 4.
1435 4949 1537 5020 Epiph.
1559 4945 1587 5024 ξ.
1606 4949 1715 5004 Voluit:
1736 4950 1791 5005 Oui

92 5032 181 5103 pistae
197 5047 292 5085 omnes
309 5030 337 5083 in
357 5030 513 5098 matutinis,
534 5047 603 5101 quas
623 5040 737 5101 vocant,
760 5039 789 5088 ιι
806 5035 927 5104 vesperis
954 5038 1075 5091 Beatam
1088 5037 1216 5090 Mariam
1229 5037 1441 5104 comparemus!
1453 5053 1508 5089 non
1520 5036 1608 5101 Euae,
1621 5054 1676 5089 non
1688 5037 1789 5107 Sarae,

91 5136 154 5173 cum
185 5116 305 5171 luceruis
335 5122 364 5172 et
389 5115 575 5171 luminibus
567 5118 686 5172 incensis
712 5125 927 5191 congregantur,
953 5141 1004 5176 nec
1022 5123 1155 5190 Ιιιιιιιιι,
1178 5138 1228 5173 nec
1246 5121 1363 5189 Esther,
1389 5136 1439 5174 nee
1458 5120 1556 5184 tunae,
1578 5139 1628 5174 nec
1647 5123 1717 5188 rota·
1742 5124 1791 5176 cui

92 5204 146 5257 imo
163 5203 246 5273 pleno
265 5203 318 5256 die.
355 5201 458 5257 Omnes
475 5202 602 5257 monaehi
618 5202 792 5272 profitentur,
810 5222 840 5259 se
858 5206 1059 5311 nihilliqiturl
1086 5209 1177 5277 plone
1203 5208 1266 5259 Deo
1289 5207 1361 5261 bona
1389 5207 1483 5259 omnia
1508 5207 1665 5260 continenti.
1710 5207 1787 5271 Quae

90 5289 245 5362 possidere;
271 5288 460 5344 mendicantes
481 5307 574 5345 omnes
592 5295 692 5360 petunt
712 5290 847 5360 ostiatim,
867 5266 941 5346 ιιιι-Ι
952 5296 1045 5350 omnia
1063 5294 1208 5348 manifeste
1225 5292 1361 5363 probant,
1383 5293 1491 5348 divinos
1509 5292 1626 5348 honores
1646 5293 1749 5349 Mariae
1769 5312 1787 5349 a

90 5395 174 5450 quam
192 5378 269 5432 victu
288 5384 422 5433 carentes
461 5376 608 5447 Capueini,
634 5376 788 5432 Recollecti
808 5383 836 5432 et
853 5378 926 5432 simi·
951 5378 1104 5435 Pontificiis
1124 5379 1232 5435 deferri
1269 5385 1310 5435 29
1329 5380 1372 5434 Ι)ι
1396 5380 1482 5434 Petro
1511 5377 1647 5450 Gnoplseo
1669 5381 1818 5476 presby-⁰
1798 5381 1831 5423 Ἀ
1845 5383 1905 5425 ΡΜ

89 5464 130 5520 les
152 5480 216 5518 curn
240 5480 322 5518 sacco
343 5462 493 5534 conspicuo
515 5462 649 5518 incedunt
666 5470 695 5519 et
711 5479 823 5519 manum
840 5464 924 5520 etiam
951 5471 1012 5520 tero
1030 5463 1276 5523 chalcedonensi
1268 5484 1298 5520 ιιι
1316 5465 1414 5537 quinta
1434 5465 1583 5523 universali
1599 5467 1707 5539 synodo
1720 5465 1785 5525 hre-
1799 5436 1878 5488 ΗΜ
1879 5438 1909 5480 ⁰
