4004 6022
712 244 715 249 ·
744 214 796 274 DE
815 214 1008 273 RCCLESIS
1656 223 1717 282 att

10 375 205 445 punientia.
241 378 265 429 t.
281 371 325 427 Ex
343 390 376 428 so
395 374 470 444 quod
481 379 575 444 patres
587 372 744 446 Ephesinas
755 371 856 444 synodi
885 372 987 425 statiua
1004 372 1078 437 sede,
1096 386 1176 424 serus
1194 376 1287 423 autem
1296 369 1325 422 ai
1333 371 1416 423 mdes
1428 371 1609 439 autmutari-,-
1627 370 1720 424 alima

13 461 162 533 tigurini
187 459 346 516 Nestorium
367 460 476 529 jurare,
505 477 534 514 se
560 477 615 515 non
642 461 722 515 aliter
747 459 855 525 sentire,
883 459 981 525 mocio,
1000 464 1031 509 ut
1049 455 1215 525 simpliciter
1233 471 1288 506 non
1304 455 1398 522 possit
1416 470 1516 508 errare
1531 455 1576 510 uel
1595 457 1720 524 deficere,

15 646 160 705 pquam
184 630 322 702 sequitur,
345 632 419 702 quod
439 630 566 687 absolute
583 650 638 687 non
656 632 798 703 potuerint
815 647 855 684 er·
882 630 1044 695 tramfemi.
1079 629 1117 680 Et
1133 629 1245 697 qrridem
1257 629 1409 680 secundum
1417 628 1545 696 priorem
1557 629 1720 682 armotiam

17 732 85 788 are,
104 718 155 772 sed
174 717 250 788 quod
268 716 320 771 hac
338 715 366 770 in
381 734 478 772 renon
491 717 614 772 errarint.
645 717 818 789 Augustinus
833 721 856 770 1.
880 715 1039 784 propositio
1057 723 1154 768 nostra
1172 723 1213 768 est
1232 715 1386 783 uerissima,
1402 716 1625 783 quiohuoiuset
1640 716 1722 769 Folia

19 801 51 860 ὸ
67 802 150 874 bapt
170 820 193 858 c.
210 808 247 857 18.
266 803 403 874 generalis
415 803 524 858 concilii
537 804 678 859 decretum
690 810 766 857 recte
777 808 858 856 vocat
882 818 976 870 papae
996 809 1022 854 et
1040 809 1179 869 martyres
1191 800 1304 869 Anatho
1317 808 1344 854 et
1356 802 1494 855 Nicotaus
1508 818 1606 870 papae
1621 810 1647 856 et
1659 820 1723 856 eon·

18 888 191 943 mealia
210 889 345 942 ecclesiae
363 905 534 955 consensum,
553 889 576 943 si
596 889 702 944 scilicet
720 889 756 943 ab
771 888 857 942 omni·
882 889 1014 951 sessores,
1031 888 1097 940 item
1117 888 1242 955 cyrillus
1261 895 1287 940 et
1303 889 1438 953 Rufrium
1455 905 1511 941 non
1529 889 1621 941 solum
1629 890 1723 957 ponti·

20 971 70 1029 lu
87 973 224 1042 ecclesiis,
244 990 317 1044 quae
334 980 399 1028 sunt
419 974 448 1027 in
465 980 524 1029 toto
542 974 617 1042 orbe,
635 973 721 1045 aliqui
740 974 777 1028 ad
788 974 858 1028 illud
884 976 976 1043 ficem,
1002 975 1053 1026 sed
1075 974 1157 1026 etiam
1184 973 1330 1025 ecelesiam
1356 974 1514 1027 Romanam
1544 981 1723 1027 asseruerunt

20 1059 169 1116 ancilium
187 1059 262 1114 missi
282 1059 393 1129 fuerint,
413 1059 462 1114 ssd
482 1077 515 1115 ex
533 1075 565 1114 eo
583 1077 637 1115 non
652 1065 743 1131 potest
754 1059 857 1126 inferri,
884 1078 939 1114 non
954 1075 1040 1128 posse
1058 1074 1163 1114 errare.
1200 1060 1238 1110 At
1256 1059 1406 1112 samnitium
1413 1061 1599 1128 posteriorem
1613 1076 1722 1113 sensum
1734 1073 1773 1114 ιι.
1788 1070 1829 1112 ιιι.

19 1146 166 1203 melmun
189 1147 450 1217 repraesentativum
474 1147 532 1201 sive
556 1146 674 1201 concilia
698 1164 752 1201 non
777 1162 858 1217 posse
886 1146 1031 1200 ecclesiam
1051 1146 1207 1198 Romanam
1226 1161 1281 1196 non
1297 1161 1380 1212 posse
1399 1146 1528 1214 dejicere,
1549 1147 1722 1215 estquidam

19 1248 127 1296 mre,
156 1249 219 1286 cum
244 1249 280 1287 ns
303 1232 363 1302 ipse
390 1232 501 1303 quidem
528 1232 712 1287 Bellarminus
741 1233 859 1288 eoncilia
884 1231 935 1299 pia
963 1238 989 1283 et
1011 1229 1243 1300 probabilissima
1273 1230 1425 1298 sententio,
1452 1248 1508 1283 non
1535 1240 1627 1285 tamen
1650 1233 1722 1285 eaeo

16 1318 167 1391 generalia
181 1317 340 1373 aberrandi
353 1318 600 1388 perieuloeximat.
633 1320 747 1374 Constat
759 1318 859 1388 (inquit
886 1323 975 1383 certa,
1000 1323 1032 1368 nt
1056 1316 1201 1369 contraria
1227 1315 1287 1368 diei
1307 1316 1400 1384 possit
1417 1316 1557 1370 hanniae
1575 1318 1618 1378 ael
1629 1319 1724 1371 mani-

15 1400 67 1461 ἥδ.
88 1409 115 1459 4.
137 1403 172 1458 de
187 1410 264 1474 pont.
282 1403 360 1459 Rom.
379 1421 402 1458 c.
423 1409 446 1458 3.
465 1406 489 1473 5.
508 1408 612 1469 contra)
631 1405 778 1471 peneralia
795 1423 859 1457 eon·
884 1404 957 1469 fests
972 1419 1100 1456 erronea.
1138 1401 1222 1462 Quod
1239 1419 1294 1454 non
1312 1403 1348 1454 rit
1368 1402 1481 1455 omnino
1500 1405 1535 1456 cie
1549 1404 1618 1472 fide,
1637 1405 1723 1459 alio·

13 1490 91 1545 atila
111 1506 198 1560 saepe
221 1507 347 1559 masse,
370 1492 482 1559 mondo
507 1499 658 1544 rumimunt
676 1492 777 1545 summi
790 1508 859 1560 pon·
887 1506 971 1543 mona
989 1488 1268 1556 ecclesianouposse
1281 1489 1415 1556 separari
1426 1490 1726 1558 apostolicamsedem,

14 1576 264 1646 n‘ficissuffraqio,
285 1585 316 1629 ut
325 1578 454 1644 putsteie
469 1577 612 1645 Ephesino
625 1576 668 1633 ΙΙ.
687 1577 861 1630 Ariminensi
884 1584 979 1644 patet,
1003 1576 1071 1643 quia
1096 1591 1182 1644 nequa
1205 1573 1371 1643 Scriptura,
1388 1576 1482 1644 'nemea
1501 1577 1617 1630 traditio
1635 1577 1724 1644 labet,

15 1668 47 1718 el
64 1660 144 1716 aliis.
182 1668 207 1716 t.
227 1667 249 1715 1.
266 1659 336 1731 Reg.
355 1666 379 1718 8.
398 1678 453 1714 non
465 1662 554 1716 solum
566 1663 722 1717 sacerdotes
734 1668 762 1717 et
773 1662 860 1716 senio·
887 1666 981 1715 sedem
1007 1661 1193 1731 apostolicam
1216 1662 1256 1714 ito
1281 1663 1365 1723 finam
1386 1678 1444 1714 esse
1464 1663 1587 1727 Romae,
1610 1672 1641 1715 ut
1659 1663 1725 1716 inde

15 1762 74 1816 ro,
95 1746 148 1802 sed
166 1745 248 1802 eham
263 1746 347 1802 duces
362 1752 392 1802 et
402 1747 598 1817 quamplurimi
614 1765 648 1803 ex
658 1747 761 1818 populo
773 1747 861 1801 lsrsii·
888 1750 1004 1814 auferri
1019 1767 1075 1802 non
1088 1750 1187 1816 possit.
1220 1747 1298 1803 Haec
1312 1748 1504 1802 Bellarminus.
1533 1750 1622 1820 Atqui
1634 1750 1657 1804 si
1670 1766 1725 1804 non

17 1832 102 1889 b'tieo
120 1830 157 1886 ad
176 1830 349 1888 Salomonem
362 1832 441 1888 fuere
460 1834 629 1904 congregati,
649 1840 681 1889 ut
695 1839 816 1904 apparet
829 1851 862 1888 ex
889 1841 931 1889 est
955 1834 990 1888 de
1007 1833 1075 1902 fide,
1102 1833 1260 1888 cathedram
1281 1833 1357 1887 Petri
1374 1833 1479 1889 Romae
1497 1835 1537 1888 its
1554 1833 1636 1888 lixam
1657 1850 1725 1902 csse,

18 1934 49 1974 v.
71 1924 102 1973 5:
125 1919 185 1972 Rea
205 1917 339 1972 Salomon
358 1927 384 1971 et
403 1920 492 1972 omnis
507 1920 658 1973 multitudo
671 1920 772 1985 Israel,
790 1933 862 1987 quas
889 1928 921 1974 ut
945 1920 1000 1975 alio
1026 1919 1170 1974 transferri
1198 1926 1331 1990 nequeat,
1357 1920 1456 1990 ntique
1480 1922 1563 1975 etiam
1591 1938 1646 1975 non
1674 1920 1726 1976 erit

20 2013 192 2059 memorat
209 2005 251 2056 ad
261 2020 331 2072 mm,
349 2004 533 2073 praemiatur
544 2023 606 2058 eum
617 2004 669 2058 illo
682 2012 745 2058 ante
758 2022 861 2058 aream.
890 2006 1009 2070 deiide,
1033 2007 1178 2061 eeclesiam
1195 2006 1348 2061 Romanam
1367 2025 1422 2061 non
1442 2023 1523 2076 posse
1541 2023 1641 2074 errare,
1660 2007 1727 2079 quia

21 2106 49 2146 r.
75 2096 125 2146 ti:
149 2090 230 2144 Fecit
250 2089 386 2143 Salomon
407 2091 437 2142 ia
459 2098 582 2159 tempore
605 2091 658 2144 ilio
682 2091 863 2156 festivitatem
891 2092 1063 2164 privilegium
1088 2109 1143 2146 non
1167 2092 1277 2146 errandi
1301 2091 1338 2145 ab
1361 2091 1409 2146 illa
1432 2092 1565 2147 cathedra
1582 2093 1663 2148 unice
1680 2092 1726 2146 de

22 2175 163 2231 ωὶιὸιοιιι
180 2183 207 2230 et
221 2176 312 2228 omnis
329 2174 424 2227 [mail
443 2191 504 2229 mum
522 2192 567 2244 so,
591 2177 742 2230 multitudo
760 2193 863 2244 mopso
891 2178 1000 2248 pendet.
1038 2176 1222 2233 allectorium
1240 2177 1393 2232 Romanam
1411 2193 1465 2231 non
1483 2195 1564 2248 posse
1583 2195 1674 2233 errare
1694 2193 1726 2232 eo

21 2262 63 2316 ab
83 2262 205 2316 introitu
219 2262 324 2315 mnan
344 2277 431 2330 usque
450 2264 491 2315 ad
507 2263 597 2316 rivum
615 2264 752 2331 Aeqypsu
776 2280 801 2315 r.
814 2268 862 2316 θοι
890 2263 972 2318 modo
991 2262 1094 2317 ibidem
1114 2262 1228 2333 exponit
1248 2262 1440 2326 Bellarminus,
1458 2270 1491 2316 ut
1504 2263 1592 2317 cuivis
1604 2263 1726 2334 porticu·

22 2355 52 2403 st
70 2349 103 2402 in
122 2349 169 2401 dis
185 2355 284 2401 amasa
302 2347 409 2402 dimisit
423 2349 555 2416 populos.
890 2350 941 2404 lari
954 2349 1087 2404 ecclesiae
1105 2347 1134 2402 id
1151 2348 1237 2403 tribui
1252 2349 1347 2418 possit.
1385 2349 1595 2402 Observandum
1615 2356 1656 2402 est
1674 2349 1725 2415 (in-

65 2439 126 2490 iti.
160 2433 341 2504 Atquehaec
361 2434 509 2488 dictasint
528 2434 563 2488 de
581 2434 749 2505 quaestione,
767 2450 802 2487 an
821 2450 863 2488 ec-
892 2436 971 2506 quit),
983 2438 1013 2488 in
1026 2434 1086 2488 alio
1100 2451 1184 2487 sensu
1198 2435 1291 2503 accipi
1305 2435 1403 2487 debere
1413 2435 1727 2500 firmitatemecclesiae

23 2519 117 2578 alesia
134 2520 332 2590 errarspossit.
369 2519 497 2574 Ceterum
516 2537 579 2574 cum
597 2521 689 2574 omnia
708 2520 770 2586 illa,
792 2537 864 2591 quae
894 2525 1037 2576 Romanae
1060 2523 1090 2575 in
1112 2522 1176 2585 ficis
1201 2529 1226 2574 et
1247 2521 1276 2572 in
1298 2520 1357 2573 alio
1370 2521 1545 2588 firmitatem
1565 2521 1724 2590 pontificis,

23 2604 214 2662 Belluminus
233 2605 285 2659 hoo
303 2604 364 2658 loco
381 2605 410 2658 in
430 2621 531 2675 genere
550 2605 682 2676 disputat,
702 2622 735 2660 eo
752 2606 863 2661 tandem
892 2625 955 2661 nom
975 2608 1108 2677 pontifex
1131 2625 1186 2660 non
1212 2614 1307 2675 potest
1333 2622 1432 2658 errore
1462 2623 1558 2660 errore
1578 2605 1727 2676 judiciali,

23 2691 143 2761 abeant,
169 2691 246 2762 quod
270 2690 389 2746 ecclesia
416 2691 543 2746 Romana
568 2708 623 2746 non
651 2692 739 2761 possit
764 2709 863 2759 errare,
892 2695 942 2747 loc
963 2701 1004 2746 est
1026 2694 1093 2745 dum
1111 2693 1228 2762 judicat
1251 2700 1277 2744 et
1300 2693 1404 2754 definit
1430 2694 1619 2761 qaaestionem
1636 2693 1726 2760 fidei.

24 2793 91 2834 um
109 2778 182 2832 euim
200 2776 286 2831 solam
304 2775 447 2847 appellant
465 2778 640 2844 catholicam,
657 2777 698 2831 illi
715 2777 767 2832 soli
778 2778 864 2832 tribu-
893 2785 927 2833 At
945 2779 1060 2833 eeclesia
1076 2780 1214 2847 Romana,
1233 2778 1285 2831 loo
1298 2779 1471 2848 estpopulue
1482 2779 1613 2832 aciemn
1625 2780 1727 2833 Roma·

25 2870 82 2920 unt
99 2880 156 2918 non
176 2863 287 2918 errandi
304 2862 488 2933 privilegium,
507 2862 573 2933 quia
588 2863 712 2933 pontifex
723 2864 864 2918 Romanus
892 2884 952 2935 nus,
970 2883 1027 2918 non
1039 2872 1133 2933 potest
1153 2881 1251 2917 errare
1261 2880 1357 2917 errore
1366 2866 1522 2934 personali,
1539 2867 1580 2919 ita
1593 2873 1624 2918 ut
1635 2882 1728 2920 omnes

26 2948 135 3007 Christi
152 2949 272 3004 moarius
298 2953 327 3003 et
351 2948 428 3003 Petri
454 2965 596 3004 successor
624 2950 665 3004 illi
692 2951 864 3021 praesideam
893 2952 1004 3007 omnino
1022 2959 1115 3005 errent
1134 2959 1160 3004 et
1177 2952 1252 3004 aselli
1267 2952 1322 3004 sint
1339 2952 1369 3004 in
1383 2953 1511 3005 Romana
1524 2953 1642 3005 ecclesia
1652 2953 1728 3016 fide-

27 3034 95 3091 idso
121 3035 365 3090 demonstrandum
395 3041 436 3089 est
462 3035 490 3089 in
517 3036 623 3106 specie,
651 3036 725 3106 quod
750 3037 865 3091 ecclesis
892 3040 933 3092 les
959 3047 984 3090 et
1005 3037 1140 3107 pontifici
1162 3037 1351 3091 adhaerentes.
1392 3036 1480 3107 Atqui
1504 3037 1582 3091 nulls
1606 3054 1728 3108 unquam

27 3120 159 3177 Romana
175 3136 266 3177 errare
283 3122 377 3190 possit.
413 3120 593 3189 Procedimus
604 3127 697 3175 autem
709 3122 762 3176 hoc
774 3123 865 3178 modo.
892 3123 1009 3178 ecclesia
1027 3139 1059 3177 eo
1078 3121 1160 3177 modo
1180 3128 1261 3190 errat,
1276 3128 1307 3176 ut
1326 3121 1394 3175 nulli
1415 3139 1526 3192 prorsus
1545 3122 1574 3176 in
1592 3139 1626 3177 sa
1642 3140 1728 3177 rema·

10 3213 56 3269 ,1.
75 3206 162 3263 Nulla
179 3206 356 3277 particularis
374 3206 490 3261 ecclesia
509 3207 544 3260 ab
565 3207 675 3286 errandi
690 3207 812 3279 periculo
824 3216 867 3263 est
893 3217 976 3265 neant
993 3208 1102 3275 fideles,
1122 3207 1190 3261 alias
1210 3207 1282 3261 enim
1301 3209 1383 3278 plane
1402 3207 1532 3263 deficeret
1552 3213 1580 3262 et
1597 3225 1652 3263 non
1671 3227 1726 3263 am·

27 3293 167 3350 immunis.
211 3291 336 3346 Romana
363 3292 479 3347 ecclesia
505 3299 547 3348 est
570 3293 744 3363 particularis
774 3294 865 3364 aliqua
893 3297 964 3367 plius
994 3302 1066 3351 esset
1095 3294 1217 3349 eeclesia.
1265 3293 1365 3350 Nullus
1396 3295 1542 3364 episcopus
1565 3283 1735 3359 ,haereticus

10 3380 161 3444 ‚nucleum
185 3377 242 3433 'sive
266 3379 339 3434 enim
362 3378 500 3450 intelligas
524 3379 634 3434 nomine
656 3380 793 3450 ¹ecclesiae
810 3379 865 3434 Ro·
893 3382 982 3453 potuit
1005 3398 1098 3436 omnes
1122 3381 1151 3434 in
1176 3379 1293 3435 ecclesia
1318 3380 1371 3434 sihi
1389 3381 1534 3435 commissa
1551 3381 1657 3436 haeresi
1676 3397 1728 3436 sua

27 3481 216 3531 manaeeam,
235 3465 352 3534 quaein
369 3464 439 3518 urbe
456 3464 545 3519 Roma
553 3465 700 3536 colligitur,
720 3467 778 3520 sive
796 3483 865 3532 eam,
893 3486 924 3524 eo
957 3468 1038 3523 modo
1066 3467 1192 3535 inlicere,
1227 3472 1259 3521 nt
1289 3467 1381 3520 nullus
1415 3467 1443 3520 in
1467 3469 1570 3538 populo
1597 3467 1728 3522 manserit

28 3568 104 3624 quae
121 3550 247 3605 Romano
265 3548 388 3620 pontifici
406 3550 551 3619 adhaeret,
572 3553 666 3622 negari
685 3551 794 3622 nequit,
822 3569 865 3606 ec·
892 3554 989 3617 fidelis,
1007 3552 1141 3624 quamdiu
1160 3552 1231 3606 enim
1248 3544 1451 3606 sacramentum
1462 3552 1591 3623 baptismi
1604 3558 1632 3608 et
1645 3568 1727 3624 quae·

29 3637 146 3693 alesiam
167 3636 320 3691 Romanam
340 3653 399 3691 esse
417 3636 625 3706 particularem,
651 3638 788 3707 quianon
806 3644 865 3708 pot·
894 3641 956 3694 dam
981 3638 1046 3693 fidei
1073 3639 1166 3708 capita
1191 3639 1359 3708 retinentur,
1386 3639 1525 3710 colligitur
1549 3639 1610 3695 Deo
1633 3639 1728 3710 aliqua

29 3731 75 3780 est
101 3723 297 3791 demonstrari,
322 3739 416 3777 omnes
439 3723 524 3777 totius
551 3721 625 3775 orbis
655 3722 785 3777 ecclesias
810 3724 866 3777 allo
893 3725 1011 3780 ecclesis
1031 3725 1115 3780 etiam
1132 3725 1160 3778 in
1179 3725 1270 3778 medio
1288 3723 1444 3779 haereticae
1461 3741 1621 3798 synagogae
1638 3731 1726 3783 coetu.

28 3826 156 3881 unquam
174 3815 298 3879 tempore
316 3808 437 3880 pontifici
455 3807 580 3863 Romano
597 3809 763 3865 adhaesisse.
792 3810 866 3882 Ergo
894 3818 917 3868 3.
930 3811 1070 3866 Christum
1087 3827 1137 3883 pro
1157 3811 1241 3866 Petro
1259 3827 1373 3882 rogasse
1390 3811 1482 3878 audio,
1502 3812 1552 3865 sed
1568 3829 1619 3883 pro
1638 3812 1726 3882 ponti·

29 3895 161 3952 Romana
177 3897 294 3952 ecclesis
310 3895 347 3949 ab
367 3895 476 3950 errandi
493 3895 616 3965 periculo
633 3912 688 3950 uon
708 3903 750 3951 est
770 3897 863 3951 immu-
894 3899 991 3955 ficibus
1008 3898 1140 3953 Romanis
1165 3896 1210 3951 rel
1227 3913 1278 3967 pro
1296 3897 1412 3952 ecclesia
1429 3897 1554 3952 Romana
1572 3899 1729 3968 specialiter

28 3983 83 4040 nis.
120 3981 231 4053 Excipit
254 3981 437 4038 Bellarminus
460 3981 508 4037 lib.
533 3988 556 4037 t.
583 3982 617 4036 de
636 3981 760 4036 Romano
777 3985 866 4054 ponti·
892 3986 937 4040 hic
963 4000 1075 4057 rogasse
1095 4001 1149 4038 non
1177 3983 1268 4039 audio.
1306 3984 1444 4038 Dominus
1467 3985 1526 4036 soli
1542 3986 1627 4038 Petro
1648 3986 1727 4050 dixit,

27 4067 84 4126 fiee
111 4087 135 4124 c.
163 4076 187 4126 3.
215 4071 303 4123 uliam
329 4087 386 4123 esse
412 4069 549 4123 rationem
569 4069 702 4122 acclesiae
720 4070 866 4124 Romanae
895 4072 985 4125 Oraui
999 4089 1055 4140 pro
1075 4078 1109 4139 te,
1127 4089 1182 4124 non
1203 4070 1274 4122 elisit
1290 4070 1358 4123 liaeo
1371 4070 1456 4121 Petro
1475 4077 1501 4121 et
1520 4069 1646 4136 concilio,
1664 4069 1728 4123 scri·
1743 4090 1779 4131 xi,
1792 4087 1836 4130 rra

28 4172 117 4227 quam
140 4156 316 4224 reliquarum
335 4155 557 4224 particularium
580 4155 775 4225 ecelesiarum,
799 4157 866 4224 quia
893 4158 934 4212 bit
950 4157 1133 4212 Bellarminus
1158 4155 1206 4212 lib.
1225 4162 1248 4211 4.
1269 4156 1310 4210 ‘de
1334 4153 1466 4225 pontifice
1484 4171 1507 4207 c.
1528 4159 1551 4209 3.
1569 4151 1596 4229 ξ.
1616 4171 1728 4225 respon·

28 4240 161 4297 Christus
178 4242 286 4309 ropaoit
300 4258 356 4309 pro
375 4241 468 4307 Petro,
487 4258 520 4292 ne
541 4242 668 4305 detiomet
688 4241 777 4308 ipsius
793 4243 866 4305 fides
895 4243 968 4298 dent.
1004 4243 1089 4297 ltem:
1113 4243 1253 4296 Dominus
1278 4259 1363 4293 unam
1388 4249 1494 4294 tantum
1512 4258 1665 4310 personam
1681 4242 1728 4294 cle·

29 4326 101 4384 Luc.
117 4332 157 4394 22,
175 4344 200 4383 v.
214 4333 255 4383 ³2.
274 4326 303 4379 id
316 4325 390 4397 quod
403 4327 442 4380 sie
454 4327 574 4396 exponit,
594 4325 734 4380 Christum
750 4344 866 4395 ropasre
893 4329 1022 4398 manavit,
1041 4329 1136 4382 diceas
1154 4329 1213 4380 bis.-
1233 4327 1338 4394 Simon,
1360 4328 1465 4394 Simon,
1482 4336 1508 4381 et
1525 4328 1636 4380 addens
1646 4328 1729 4381 toties

26 4432 85 4485 pro
96 4416 227 4467 Romana
244 4414 317 4481 secie,
336 4413 404 4481 quia
420 4414 531 4482 ropavit
544 4431 600 4483 pro
618 4415 703 4467 Petro
725 4421 866 4467 staucoes-
891 4430 1046 4483 pronomen
1069 4415 1207 4467 secundae
1231 4429 1370 4482 personae
1389 4430 1446 4482 pro
1466 4421 1504 4482 te,
1531 4414 1676 4475 fidestan
1703 4421 1728 4466 et

28 4500 142 4556 mour
164 4500 304 4568 ipsorum,
330 4516 445 4566 quomam
469 4501 548 4552 sedes
566 4501 672 4554 Romae
696 4499 866 4553 stabilienda
894 4509 923 4553 tu
941 4501 1051 4563 fratres
1069 4507 1138 4556 tuos.
1177 4498 1316 4561 Quorsum
1334 4499 1403 4553 haec
1418 4499 1517 4552 nisiret
1530 4500 1728 4569 inteilipamus,

30 4594 101 4642 erat.
144 4584 367 4655 Respondemus:
403 4591 423 4640 1.
451 4585 512 4655 ipse
548 4586 732 4640 Bellarminus
765 4585 868 4640 fatetur
894 4587 1008 4656 aliquid
1023 4585 1145 4654 speciale
1161 4585 1252 4649 froiam
1270 4585 1356 4638 Petro
1369 4603 1388 4638 a
1402 4582 1514 4637 Uiriato
1531 4586 1730 4655 impetratum!

29 4689 55 4730 c.
78 4680 103 4728 4.
122 4678 263 4743 sequente,
282 4690 337 4726 uon
356 4671 454 4725 iuberi
472 4687 505 4724 ea
520 4670 672 4742 Scriptura
690 4688 742 4726 nee
761 4690 793 4725 ea
809 4681 867 4725 tra·
895 4671 990 4728 scribit
1016 4671 1089 4726 idem
1114 4669 1162 4727 lib.
1189 4676 1219 4724 et
1243 4686 1266 4724 o.
1297 4671 1394 4725 iisdem
1420 4668 1448 4744 ξ
1487 4671 1565 4736 Quae
1588 4670 1729 4742 expositio.

30 4760 147 4825 ditione,
165 4760 258 4811 sedem
277 4758 462 4827 apostolicam
478 4757 520 4810 ita
538 4773 597 4810 esse
615 4760 721 4813 Romae
738 4761 866 4828 affluam,
895 4758 1000 4825 Quodsi
1019 4758 1106 4811 oratio
1120 4756 1223 4811 Christi
1242 4756 1331 4813 solum
1345 4757 1460 4811 Petrum
1475 4759 1632 4826 concernit,
1661 4757 1728 4830 quid

29 4853 61 4899 ut
92 4846 159 4897 inde
188 4845 346 4909 transferri
372 4851 496 4912 nequeat.
538 4842 613 4914 Ergo
636 4844 659 4898 si
682 4845 726 4899 vel
751 4845 868 4900 maxime
894 4864 928 4902 ex
954 4862 986 4902 ea
1010 4845 1053 4900 vel
1078 4844 1202 4915 pontitex
1226 4842 1271 4901 vel
1287 4843 1405 4901 ecclmia
1422 4843 1549 4899 Romana
1565 4844 1618 4899 sibi
1636 4843 1729 4900 vendi·

30 4931 243 5001 concederetur,
267 4929 406 4985 Christum
431 4946 481 5000 pro
499 4930 564 4986 sede
580 4929 656 4985 Petri
675 4947 708 4986 eo
726 4931 807 4986 modo
824 4949 868 4986 ro·
894 4950 957 4988 care
983 4930 1095 5002 potest?
1150 4937 1175 4988 t.
1202 4930 1344 4986 Christum
1372 4948 1404 4986 eo
1433 4932 1514 4986 modo
1541 4947 1654 5003 rogasse
1679 4945 1730 5001 pro

29 5035 122 5093 gesse,
140 5027 172 5072 ut
186 5017 260 5071 illius
272 5033 443 5071 successores
463 5017 491 5070 in
509 5015 564 5070 fide
583 5032 674 5073 errare
684 5035 739 5071 non
752 5017 866 5087 possint,
879 4969 882 5089 i
894 5020 992 5085 Petro,
1019 5023 1051 5071 ut
1067 5010 1133 5087 ipse
1155 5023 1287 5086 tanquam
1319 5016 1447 5088 pontifex
1472 5035 1528 5082 ¹non
1559 5021 1653 5086 posset
1680 5033 1729 5070 un·

29 5113 126 5162 umen
149 5121 182 5160 ex
201 5121 233 5159 eo
251 5104 373 5158 nondum
390 5102 501 5174 probari
519 5111 627 5172 posset,
651 5103 795 5159 ecclesiam
813 5097 977 5178 Ro-lquam
1011 5103 1109 5158 docere
1143 5101 1248 5172 aliquid
1277 5108 1374 5156 contra
1400 5101 1498 5171 fidem,
1531 5108 1615 5172 atque
1641 5108 1672 5156 ut
1699 5102 1728 5155 in

28 5209 143 5249 manum
175 5208 231 5245 non
257 5208 337 5263 posse
360 5207 458 5247 errare.
494 5189 589 5245 Verba
613 5188 773 5244 Bellarmini
799 5172 959 5245 haec'sede
977 5190 1037 5259 ejus
1057 5187 1151 5259 pupuli
1173 5203 1314 5259 nunquam
1339 5187 1522 5250 inveniretur,
1548 5187 1594 5258 qui
1617 5187 1728 5243 doceret

28 5286 111 5335 suut:
129 5280 339 5334 Observandum
358 5287 398 5331 est
414 5277 534 5348 (inquit),
552 5277 698 5330 ecelesiam
712 5277 867 5329 Romanam
895 5281 990 5331 contra
1017 5274 1112 5342 iidem,
1140 5273 1200 5328 sine
1227 5272 1286 5327 ulla
1310 5271 1471 5344 probatione
1489 5273 1635 5372 asserimr,
1664 5275 1729 5346 quia

28 5384 88 5421 non
114 5382 201 5440 posse
230 5383 326 5418 errare
350 5366 503 5434 dupliciter
526 5363 650 5431 intellipi
671 5379 762 5432 posse.
808 5362 867 5418 Uno
894 5363 995 5418 Petrus
1017 5361 1145 5431 nuspiam
1169 5359 1224 5413 fuit
1245 5359 1412 5414 constitutus
1436 5357 1581 5413 aChristo
1604 5360 1729 5431 pontifex

27 5441 130 5523 modo,
148 5461 181 5506 ut
197 5469 254 5507 aon
267 5452 359 5522 possit
375 5467 474 5506 errare
488 5451 656 5519 purulente
674 5450 779 5503 Romae
798 5466 866 5520 apo·
895 5450 955 5505 siro
972 5446 1122 5505 monacha
1138 5445 1279 5516 ecclesiae,
1297 5461 1349 5502 nso
1359 5444 1489 5516 papalem
1500 5446 1623 5519 aliquam
1635 5447 1729 5505 sedem
