4004 6022
673 106 682 125 ·'
716 120 719 133 ·
811 92 1076 152 mmm.
1723 111 1785 171 ggg

89 245 161 303 elam
177 247 383 320 interpretandi
391 250 441 321 jus
456 249 650 323 sibiarrogst,
666 248 718 306 aad
734 250 800 322 quia
816 266 850 306 ex
865 249 942 360 ipss]
952 257 984 303 ut
1001 266 1036 304 aa
1052 253 1182 321 apostole
1200 253 1333 322 cognmei
1345 261 1445 324 potest,
1462 255 1515 325 nst
1526 256 1606 326 diost,
1622 258 1785 312 comitere

89 330 240 406 Scriptura
261 336 514 408 interpretationem
530 354 609 392 suam
627 337 711 408 petit,
735 344 768 391 ιιι
783 336 851 391 alibi
869 336 1078 461 pis-*sestertia
1105 337 1178 405 Dei,
1208 354 1279 407 quaa
1307 347 1372 392 eunt
1396 338 1525 395 Corinthi
1546 342 1590 396 oei
1614 343 1645 401 s'n
1665 340 1787 396 Galatis

90 419 157 475 nius
174 420 390 477 demonstratum
407 423 470 479 fuit.
505 423 557 479 llis
576 423 663 496 probe
679 421 927 479 observatisfacile
956 426 977 475 1.
1001 419 1065 478 Gor.
1090 428 1114 478 1.
1154 422 1221 478 ont.
1239 427 1264 478 1.
1286 433 1312 479 et
1329 434 1422 481 mmcn
1440 433 1462 482 1.
1482 425 1544 482 Gor.
1564 432 1606 483 15.
1624 438 1786 499 arguuntur

90 515 218 579 apparet,
237 523 292 562 non
308 526 434 581 pugnare
450 509 519 566 baec
538 510 593 566 duo
605 509 677 566 inter
688 527 756 575 sese,
772 511 849 579 qrsod
860 525 927 562 aera
957 508 1107 573 torintisii,
1131 511 1209 578 quod
1225 512 1371 578 docerent,
1397 530 1452 565 non
1471 530 1529 567 esse
1547 516 1675 575 satanam
1690 532 1785 570 resur·

86 596 272 662 munimen
288 596 366 650 serbi
380 597 417 648 sit
436 606 503 651 nota
520 597 662 665 ecclesiae,
680 605 706 651 et
723 597 800 667 quod
810 594 930 649 ecclesia
953 594 1116 658 rectionem,
1137 603 1162 650 et
1185 595 1309 650 Galatae
1327 614 1379 666 per
1396 606 1484 653 totam
1501 601 1565 665 fere
1579 603 1727 671 epistolem
1742 618 1785 656 re·

90 687 218 750 mnne,
237 699 309 751 pune
325 684 363 736 eit
379 700 448 736 cern
466 666 625 752 Scripiuea,
647 690 673 736 et
693 683 755 752 quis
771 699 854 736 cerus
866 683 928 752 ejus
952 681 1171 749 protenduntur,
1190 684 1267 750 guod
1283 684 1421 751 docerent,
1440 689 1607 741 veromam
1623 705 1681 743 esse
1699 690 1786 756 legem

90 782 207 833 meas,
226 769 292 838 quia
309 787 342 824 ex
359 770 461 826 effectu
478 770 654 843 cognoscitur
671 785 769 837 causa,
788 770 895 824 scilicet
911 785 942 881 a!
956 768 1114 820 Moscieam
1132 784 1194 820 eum
1206 770 1357 837 evangelio.
1382 770 1605 841 Respondemus:
1626 781 1785 846 taccepta·

90 853 253 925 poetsriori,
280 854 400 910 vicissim
430 873 462 911 ex
486 873 572 910 causa
593 855 769 929 cognoscitur
790 854 927 917 effectum,
954 869 1028 918 mus,
1047 852 1122 923 quod
1142 853 1191 906 dat
1207 854 1406 923 Bonamicus,
1432 864 1512 912 notas
1530 858 1664 914 ecciesiae
1681 860 1785 915 debere

90 938 201 995 scilicet
223 957 241 995 s
267 940 367 1012 priori,
387 947 416 997 et
438 941 507 997 haec
533 942 728 997 demonstratio
753 940 869 997 effectus
894 958 929 997 ex
953 955 1013 993 esse
1044 939 1080 994 sb
1107 955 1142 994 ea
1164 940 1372 1011 inseparabiles.
1415 941 1456 995 At
1480 941 1533 998 hac
1557 945 1664 1000 mtioue
1683 946 1784 1001 iterum

90 1039 180 1080 eausa
208 1026 300 1097 potior
327 1031 356 1081 et
381 1027 514 1083 illustrior
540 1034 593 1095 est,
622 1044 705 1099 quam
734 1027 929 1083 demonstratio
953 1031 1069 1096 cogetur
1105 1041 1262 1098 expungere
1297 1027 1444 1099 pleraeque
1474 1045 1509 1085 ex
1537 1032 1695 1101 quindecim
1720 1032 1783 1099 illis,

90 1126 194 1168 unns
221 1128 254 1168 ex
272 1129 322 1168 suo
337 1112 448 1169 effectu.
485 1112 627 1169 Ecclesiae
643 1131 742 1169 munus
762 1121 791 1169 et
808 1086 943 1170 officiumi
955 1128 1025 1182 quas
1043 1112 1178 1167 ecclesiae
1196 1115 1334 1185 assignat,
1353 1116 1440 1184 notis,
1458 1122 1490 1170 nt
1507 1133 1621 1172 examen
1638 1135 1733 1173 earum
1753 1120 1784 1174 li·

90 1199 240 1271 propriam
254 1208 298 1256 cst
313 1201 426 1256 verbum
447 1199 499 1256 Dei
518 1201 692 1272 praedicare,
711 1217 778 1272 ergo
798 1217 831 1255 ex
851 1217 929 1270 prrae-
955 1198 1116 1270 quidissime
1141 1199 1319 1255 demonstrat.
1363 1205 1387 1255 2.
1414 1199 1490 1255 Pura
1514 1204 1684 1272 praedicatio
1708 1204 1785 1260 serbi

93 1284 235 1342 dicatiom
260 1286 337 1342 verbi
365 1287 443 1342 velut
466 1303 499 1342 cx
525 1286 625 1343 effecto
647 1288 758 1358 procedi
778 1291 871 1357 potest
892 1285 928 1341 ad
947 1290 984 1353 xet
1011 1285 1118 1354 puritas
1139 1285 1270 1341 ecclesiae
1289 1287 1350 1356 pari
1370 1304 1453 1356 passu
1473 1289 1623 1345 ambulent.
1661 1290 1689 1346 Si
1707 1309 1787 1363 prae-

93 1373 282 1444 cognitionem
300 1389 409 1437 causae,
435 1373 541 1428 scilicet
559 1372 701 1428 ecclesiae.
736 1372 865 1428 Vicissim
885 1389 931 1427 ecs
956 1369 1059 1425 dicatio
1077 1372 1155 1427 verbi
1171 1380 1214 1427 est
1231 1373 1304 1428 omni
1324 1390 1357 1428 ex
1373 1383 1452 1444 parte
1470 1391 1541 1444 pura
1558 1382 1587 1430 ct
1601 1377 1638 1431 ab
1649 1379 1787 1433 erroribus

93 1456 181 1513 clasis
207 1459 330 1514 nascitur
352 1476 387 1517 ex
412 1459 509 1530 verbo,
532 1467 709 1516 conseo-mur
730 1476 782 1531 per
805 1459 929 1527 verbum,
956 1457 1098 1526 immunis,
1122 1476 1193 1529 pure
1210 1460 1293 1514 etiam
1311 1461 1363 1514 erit
1381 1461 1505 1515 ecclesia
1540 1461 1570 1516 Si
1587 1463 1786 1532 praedicationi

93 1552 215 1617 angatur
239 1545 441 1618 perverbum,
463 1545 517 1601 bac
540 1546 648 1602 ιιιιὶυιιο
664 1546 836 1617 praedicatio
852 1544 930 1600 verbi
956 1543 1098 1599 doctrinae
1117 1545 1243 1600 eoelestis
1262 1546 1453 1601 admiscentur
1466 1548 1577 1618 qnidam
1595 1566 1712 1619 errores,
1731 1558 1787 1605 sta·

93 1639 140 1687 eet
160 1648 245 1687 eausa
269 1631 391 1691 efficiens
417 1631 633 1687 instrumentalis
654 1640 682 1687 et
703 1631 826 1687 formalis
843 1632 929 1687 eccle·
955 1638 1000 1684 tns
1020 1630 1154 1685 ecclesiae
1171 1631 1269 1702 incipit
1284 1649 1345 1688 essa
1363 1642 1521 1703 corruptus,
1544 1651 1601 1689 non
1620 1641 1713 1691 tamen
1731 1646 1787 1690 ste
1814 1658 1822 1683 .·
1920 1654 1924 1661 ’

92 1717 166 1783 siaa,
185 1735 251 1791 ergo
268 1735 300 1774 ex
320 1719 526 1790 praedicatione
544 1719 621 1773 verbi
641 1725 774 1791 tanquam
792 1735 826 1773 ex
845 1731 930 1773 causa
955 1717 1004 1770 tim
1023 1716 1125 1772 desinit
1143 1734 1204 1773 esse
1223 1718 1347 1775 ecclesia
1386 1720 1414 1774 Si
1432 1721 1604 1790 praedicatio
1615 1721 1691 1777 verbi
1703 1723 1787 1792 plane

90 1804 208 1876 procedi
225 1812 318 1876 potest
336 1804 373 1859 ad
390 1806 573 1877 coguitionem
592 1804 697 1874 effecti,
717 1804 823 1859 scilicet
842 1804 928 1859 eccle·
955 1810 1059 1871 cessat,
1089 1808 1155 1857 tunc
1179 1803 1262 1859 etiam
1286 1805 1387 1860 desinit
1411 1807 1448 1860 ibi
1474 1823 1535 1861 esse
1558 1806 1674 1861 visibilis
1692 1808 1787 1879 aliqua

92 1890 162 1946 siaa
201 1890 285 1956 Quod
311 1890 495 1946 Bellarminus
519 1891 611 1958 addit,
636 1893 779 1945 custodem
803 1890 931 1944 tiraces-i
954 1888 1078 1943 ecclesia.
1114 1890 1190 1944 &In
1207 1891 1337 1945 ecclesias
1356 1890 1559 1947 Corinthiorum
1577 1901 1606 1948 at
1621 1892 1786 1950 Gelatorum

63 2034 66 2039 ,
92 1979 231 2032 notiorem
254 1994 313 2032 esee
338 1980 469 2032 mesmes
494 1986 521 2031 et
545 1981 687 2031 doctorem
711 1978 847 2031 notiorem
870 1992 929 2032 ease
955 1973 1069 2045 quidem
1092 1991 1197 2031 errores
1221 1976 1403 2048 irrepserant,
1427 1978 1605 2035 nibilominus
1627 1987 1721 2036 umen
1740 1999 1784 2036 sc·

60 2136 63 2141 Ι
93 2064 240 2133 marina,
261 2064 292 2120 id
309 2082 343 2120 ex
360 2064 445 2120 allata
462 2064 638 2120 distinctione
654 2064 726 2119 inter
744 2062 928 2135 cognitionem
954 2059 1055 2115 clesiae
1072 2076 1171 2117 nomen
1189 2062 1361 2132 renuebant,
1378 2073 1437 2118 tum
1454 2065 1521 2136 quia
1538 2081 1595 2120 non
1612 2083 1709 2122 omnes
1727 2085 1783 2123 am·

47 2180 53 2191 ·
93 2148 239 2207 mutuam
265 2158 294 2207 et
315 2152 475 2207 distinctam
499 2151 651 2207 rectissime
673 2150 806 2221 explicari
828 2156 928 2221 potest
954 2145 1147 2216 plectebantur
1169 2148 1231 2204 illos
1257 2166 1362 2205 errores
1392 2157 1413 2207 1.
1430 2151 1491 2207 Cor.
1513 2160 1557 2222 15,
1583 2171 1610 2207 v.
1632 2160 1679 2210 12:
1711 2154 1784 2217 Quo·

93 2234 248 2293 Possumus
256 2238 368 2310 quidem
381 2237 537 2310 cognitione
549 2238 661 2305 incerta,
672 2236 792 2292 obscum
803 2243 833 2292 et
843 2236 929 2290 dubia
955 2235 1038 2287 modo
1055 2236 1153 2288 dicant
1170 2237 1286 2304 quidam
1307 2238 1380 2290 inter
1396 2255 1453 2302 oos,
1474 2241 1550 2307 qnod
1567 2257 1622 2294 non
1640 2241 1679 2294 sit
1693 2258 1788 2295 ruor-

94 2322 248 2395 suspicari,
274 2323 348 2380 bunc
375 2325 419 2381 vel
445 2325 525 2378 illum
551 2340 611 2379 esse
635 2323 758 2380 thesauri
777 2323 926 2385 custodem,
953 2320 1040 2372 rectio
1058 2323 1252 2374 mortuoram!
1278 2321 1342 2377 Gal.
1363 2329 1391 2388 l,
1407 2341 1434 2377 r.
1451 2329 1499 2379 21:
1531 2326 1627 2380 Dicite
1643 2327 1720 2395 mibi,
1739 2327 1789 2395 qni

95 2411 164 2483 quis
189 2411 264 2483 gerit
287 2411 394 2480 clares,
421 2410 487 2483 qaia
503 2411 567 2465 talis
586 2410 730 2479 salutetur,
760 2417 788 2466 st
806 2409 927 2480 aliquem
954 2406 1004 2460 mc
1029 2406 1090 2475 lege
1112 2420 1174 2460 eree
1197 2409 1300 2477 sulem
1326 2416 1386 2464 tum
1408 2409 1474 2480 quia
1490 2411 1627 2480 quaedam
1645 2412 1787 2469 doctrinae

95 2512 159 2554 assa
176 2498 325 2567 doctorem,
346 2499 471 2570 quiapro
483 2497 532 2552 tali
545 2498 756 2565 asserenditat3
772 2496 929 2552 sedanills
955 2489 1047 2561 capita
1068 2492 1159 2548 adbuc
1179 2494 1336 2549 retinebant
1355 2493 1419 2551 Gal.
1437 2501 1469 2560 ³,
1489 2514 1516 2553 r.
1536 2501 1583 2552 28:
1619 2498 1721 2553 Omnes
1737 2516 1786 2554 eos

95 2600 128 2641 re
139 2600 206 2641 vera
221 2585 258 2639 sit
275 2584 396 2640 thesauri
409 2591 509 2646 custos,
528 2583 615 2639 hiere
627 2600 693 2639 rers
703 2584 741 2637 sit
751 2584 856 2652 doctor,
873 2599 929 2637 non
954 2595 1025 2633 onos
1043 2579 1108 2633 eatis
1127 2580 1157 2632 in
1174 2577 1308 2636 Christo(
1328 2598 1352 2638 c.
1371 2588 1401 2650 5,
1418 2599 1445 2638 v.
1466 2588 1494 2638 1:
1518 2585 1555 2637 Iss
1571 2585 1712 2652 libertate,
1729 2604 1786 2655 pua

93 2677 190 2744 potest
208 2676 285 2727 certa
302 2676 332 2727 et
348 2672 490 2741 explorata
507 2670 664 2742 cognitione
681 2670 759 2734 sciri,
779 2679 929 2741 antequam
957 2664 1085 2720 Cirietue
1100 2683 1149 2720 vos
1167 2669 1282 2736 nocuost,
1300 2676 1370 2722 stote
1387 2676 1413 2722 et
1431 2686 1466 2722 ne
1483 2671 1670 2738 regredientes
1688 2673 1785 2740 impli-

93 2765 218 2829 ccnatet,
242 2757 320 2813 illum
344 2757 446 2813 habere
470 2756 630 2812 thesamum
655 2757 708 2811 sibi
732 2756 929 2818 concreditum,
955 2751 1057 2805 eems'ni
1080 2753 1220 2807 smoitotis
1236 2754 1329 2825 jugo,
1358 2767 1416 2809 tum
1443 2755 1561 2827 denique
1587 2757 1654 2828 quia
1680 2775 1785 2814 errores

92 2845 172 2902 bane
187 2862 253 2901 rero
270 2845 396 2900 doctrina
411 2844 576 2898 instructum
595 2861 663 2899 esse.
697 2843 771 2898 Tota
788 2843 930 2915 Scriptura
955 2836 1018 2892 ilion
1037 2853 1092 2892 non
1110 2839 1290 2910 perimite!
1306 2839 1504 2908 deiendtbssflb
1525 2842 1574 2897 scd
1590 2859 1654 2913 spes
1673 2861 1785 2900 conver·

93 2933 205 3001 elamat,
215 2947 249 2986 ex
258 2931 385 2985 doctrina
389 2929 527 3000 judicium
536 2929 694 2984 faciendum
702 2945 762 2985 esse
771 2929 929 2985 dedoctcri-
956 2923 1039 2979 sionis
1064 2932 1092 2980 et
1118 2925 1319 2981 emendationis
1343 2927 1379 2981 de
1402 2927 1457 2981 illis
1479 2927 1571 2983 adhuc
1589 2938 1649 2984 erat
1671 2930 1787 3002 reliqua.

95 3015 930 3088 bns,anfractibueaguoscendcseesepropbetas,exdcgma·
957 3017 980 3067 l.
999 3010 1236 3082 Distinguendum
1260 3012 1345 3084 igitur
1369 3013 1441 3068 inter
1460 3021 1562 3069 statum
1587 3016 1719 3072 ecclesiae
1736 3034 1787 3087 pu·

94 3104 173 3160 tibus
182 3104 342 3175 probandos
354 3119 413 3158 csse
425 3104 547 3173 spiritns,
559 3119 614 3157 non
625 3110 720 3157 autem
729 3118 762 3158 ex
771 3102 930 3157 doctoribus
957 3113 1018 3152 rom
1042 3102 1071 3153 st
1094 3098 1298 3170 incorruptum,
1321 3116 1356 3154 ac
1377 3100 1450 3156 inter
1466 3107 1568 3156 statum
1588 3101 1721 3158 ecclesiae
1739 3103 1788 3159 ali·

91 3190 277 3264 judicandum
294 3208 355 3246 esse
371 3190 407 3245 de
424 3190 558 3244 doctrina.
590 3191 652 3242 Nos
664 3191 748 3255 fidem
762 3189 930 3257 nonprobn·
958 3200 1013 3256 qua
1041 3200 1075 3241 ex
1100 3192 1179 3256 parte
1203 3192 1371 3257 corruptum.
1416 3187 1514 3243 Potest
1537 3188 1611 3242 enim
1637 3189 1787 3244 electorum

95 3296 160 3333 mas
176 3295 210 3332 ec
223 3279 365 3347 paeonis,
384 3277 437 3330 sed
450 3292 590 3348 personne
611 3293 643 3328 ee
660 3277 726 3343 fido,
744 3273 855 3329 dicebat
871 3275 929 3345 qui·
957 3271 1074 3327 ecclesia
1100 3272 1153 3327 sub
1181 3280 1311 3343 corrupto
1339 3273 1455 3327 visibilis
1480 3273 1613 3329 ecclesiae
1637 3276 1787 3330 ministerio

94 3365 161 3421 dem
178 3380 212 3419 ex
226 3363 372 3419 veteribus.
402 3361 530 3433 Denique
542 3361 566 3415 si
578 3361 695 3415 ecclesia
706 3367 749 3415 est
759 3360 849 3416 notior
859 3360 930 3416 Scri·
956 3358 1118 3414 conservari.
1164 3358 1283 3424 Quando
1307 3375 1378 3429 pura
1400 3359 1570 3429 praedicatio
1593 3360 1671 3415 verbi
1692 3360 1789 3415 statui-

92 3458 187 3524 ptara,
205 3466 255 3506 cur
272 3448 530 3505 Bellermiuuslibr.
543 3450 565 3503 1.
582 3446 814 3503 deverboDeic
828 3447 930 3502 tscri·
957 3452 1004 3500 tur
1028 3450 1096 3500 n'ota
1126 3445 1271 3510 ecclesiae,
1302 3453 1443 3515 respectus
1475 3444 1594 3501 babetur
1621 3447 1657 3500 ad
1685 3453 1787 3501 statum

92 3536 152 3595 bit:
171 3537 270 3593 Sacris
289 3535 458 3605 dementatis,
476 3547 553 3603 gnae·
559 3534 736 3604 propheticis
754 3542 781 3587 et
797 3535 930 3604 ‹eportati-
957 3532 1088 3603 priorem,
1117 3531 1183 3603 quia
1209 3539 1355 3602 corruptos
1382 3532 1514 3588 ccclesiae
1538 3533 1688 3589 status-ad
1709 3533 1788 3588 illum

93 3624 137 3679 cis
155 3625 246 3680 literis
259 3610 444 3687 continenth
462 3622 533 3676 nebit
552 3628 594 3675 eet
610 3620 723 3689 entim,
740 3622 812 3676 nitri
830 3630 930 3676 estno-
956 3619 1108 3690 exigendus
1131 3635 1165 3674 ac
1189 3619 1386 3676 reformandus.
1425 3618 1582 3674 Monuimns
1609 3620 1683 3676 enim
1706 3637 1787 3692 snpe-

93 3713 160 3781 tr'sss,
170 3711 470 3765 munitissimumease
480 3707 642 3771 necessess't,
652 3705 771 3776 quiillis
779 3708 931 3771 fidemesse
956 3705 1022 3775 rins,
1041 3723 1097 3761 non
1115 3721 1176 3760 esse
1192 3706 1310 3761 eundem
1326 3706 1454 3777 puritatis
1470 3707 1589 3778 gradum
1608 3707 1639 3762 iu
1660 3707 1786 3764 ecclesiis

93 3791 930 3866 bobnsdamnegcttcurl.t.dseccl.c.t.scribit,ulimmerio
956 3791 1182 3862 particularibus,
1213 3791 1332 3863 ideoque
1353 3801 1505 3863 corruptae
1529 3793 1664 3849 ecclesiae
1690 3810 1787 3849 secuu-

96 3885 276 3956 Seriptrsram
288 3900 349 3937 esse
363 3882 507 3945 notiorem,
521 3881 636 3951 qnando
646 3879 931 3950 scilieetestrecepto
957 3879 1023 3933 dum
1049 3894 1172 3934 normam
1200 3884 1229 3934 et
1255 3877 1372 3933 formam
1398 3880 1477 3935 verbi
1501 3880 1690 3936 restituendae
1713 3888 1786 3950 sunt,

93 3979 124 4027 st
138 3972 218 4027 clare
235 3971 367 4040 loquitur,
383 3977 410 4022 et
428 3969 518 4023 oritur
536 3967 662 4037 gononis
680 3968 715 4019 de
732 3967 864 4021 eccleciae
881 3984 931 4023 cnr
956 3983 989 4020 ex
1006 3981 1060 4036 quo
1078 3965 1140 4037 ipso
1158 3964 1273 4021 firmiter
1285 3965 1435 4037 colligitur,
1452 3966 1605 4021 doctrinam
1617 3984 1715 4037 puram
1726 3982 1787 4022 esse

93 4056 229 4116 ecclesiae
248 4056 454 4121 anctoritatem,
469 4060 563 4122 notas,
582 4052 808 4109 infallibilitatem
827 4062 876 4109 etc
896 4072 931 4111 ex
955 4052 1090 4109 ecclesiae
1124 4052 1240 4107 formam
1274 4058 1304 4107 et
1339 4059 1442 4107 noum.
1497 4060 1522 4108 5.
1551 4051 1786 4125 Distinguendum

94 4143 241 4215 Scriptura
275 4143 393 4214 probare
421 4140 544 4211 tetegit?
593 4140 673 4196 Certe
703 4140 789 4221 cujus⁸
808 4141 929 4213 cognitio
955 4141 1040 4195 ιιίιιιιι
1063 4140 1136 4195 inter
1159 4155 1263 4195 errores
1285 4139 1360 4209 ipses
1383 4144 1412 4192 et
1434 4137 1603 4208 pertinacem
1627 4157 1722 4194 eorum
1739 4140 1787 4194 oe-

95 4237 157 4288 tota
178 4229 283 4301 pendat
306 4244 339 4282 ex
362 4226 518 4299 Scriptura,
543 4225 613 4281 illud
635 4242 690 4280 uon
709 4233 752 4281 cst
768 4226 930 4298 simpliciter
954 4227 1115 4295 tensionem,
1130 4241 1213 4297 quarn
1229 4225 1433 4280 distinctionem
1452 4225 1635 4280 Bellarminm
1654 4226 1715 4297 ipse
1732 4225 1786 4282 hoc

95 4317 189 4373 notius
206 4315 357 4386 Scriptura.
394 4315 523 4378 Quinimo
538 4312 587 4369 lib.
602 4319 624 4368 l.
637 4312 674 4367 de
685 4313 770 4368 serbo
782 4312 836 4368 Dei
848 4329 872 4369 c.
888 4319 928 4371 ιι).
954 4314 1014 4368 loco
1039 4312 1220 4383 amplectitur.
1255 4311 1304 4365 Sic
1318 4311 1400 4366 enim
1424 4311 1533 4367 scribit:
1560 4313 1654 4367 Aliud
1675 4322 1716 4366 est
1743 4330 1786 4366 cr-

96 4402 203 4472 statuit,
220 4402 332 4455 sertam
348 4400 407 4455 Dei
424 4417 482 4455 etse
499 4402 715 4466 fondamentum
728 4400 802 4470 fidei
816 4409 930 4455 noemae
955 4417 1023 4454 rnre
1047 4407 1073 4452 et
1092 4407 1226 4468 paratum
1246 4414 1304 4451 esre
1323 4400 1364 4451 nd
1384 4399 1563 4468 discendum,
1590 4407 1616 4452 et
1632 4417 1694 4453 eum
1710 4400 1787 4453 didi·

90 4490 278 4562 primariam,
313 4487 445 4540 eeclesiae
472 4486 693 4551 testificationem
722 4487 928 4543 secundarium.
955 4490 1042 4556 meis,
1062 4488 1105 4540 nd
1121 4486 1323 4551 obediendum
1346 4486 1430 4539 aliod
1445 4487 1520 4540 nolle
1542 4487 1666 4555 discere,
1684 4495 1710 4539 et
1724 4504 1786 4540 snm

96 4575 186 4649 Atqui
204 4575 228 4628 si
244 4574 363 4629 ecelesia
380 4572 545 4642 simpliciter
562 4572 656 4625 notior
670 4571 826 4642 &mpure-a,
842 4578 875 4626 nt
891 4573 928 4627 lc·
956 4574 1084 4628 audieris
1104 4572 1263 4640 sadotem,
1288 4572 1365 4626 nolle
1388 4573 1570 4642 neqrn'escere
1612 4572 1646 4626 In
1670 4572 1788 4628 ecclesia

95 4663 192 4735 quitur
210 4661 263 4715 boc
279 4661 348 4723 loco,
365 4661 394 4712 si
409 4659 530 4714 omnium
549 4660 709 4729 dogmatum
723 4659 847 4728 firmitus
860 4676 929 4729 pen-
956 4657 1116 4732 perticulari
1141 4662 1235 4728 potent
1263 4674 1324 4713 esse
1351 4658 1420 4712 illud
1448 4658 1581 4728 primum,
1611 4675 1667 4713 nou
1694 4667 1787 4714 autem

47 4749 83 4794 lt
96 4749 145 4803 det
168 4765 188 4801 o
207 4746 364 4801 testimonio
383 4745 529 4812 ecciesiae,
552 4744 594 4798 nti
612 4743 710 4799 statuit
725 4743 772 4799 lib.
790 4749 814 4800 3.
833 4746 869 4801 de
886 4762 929 4801 ec·
956 4745 1117 4813 secundum,
1136 4743 1185 4800 sed
1199 4744 1228 4799 in
1247 4744 1399 4816 synagogis
1411 4743 1532 4800 Sanane
1548 4752 1577 4798 et
1592 4744 1714 4800 eeclesiis
1731 4760 1787 4799 ma·

95 4832 162 4891 cleo.
188 4850 248 4904 cap.
277 4839 315 4889 10.
339 4848 372 4886 ac
395 4831 444 4887 lib.
466 4836 490 4886 2.
510 4830 755 4901 decantamcsp.
775 4832 930 4904 teneque
956 4831 1129 4904 liguentium.
1166 4835 1191 4886 t.
1210 4830 1290 4895 Quod
1308 4830 1493 4885 bellarminus
1513 4830 1600 4899 addit,
1620 4832 1650 4884 in
1671 4831 1789 4884 ecclesio

96 4918 214 4978 ecclesia
240 4919 292 4974 erit
314 4917 476 4989 primarium
500 4915 566 4971 fidei
584 4924 693 4971 nestrae
710 4917 930 4987 itmdameutum,
957 4917 1113 4973 universali
1134 4934 1183 4970 nee
1203 4917 1327 4986 primum
1352 4916 1428 4970 illud
1450 4917 1553 4970 labere
1573 4916 1679 4985 locum,
1704 4916 1740 4972 de
1755 4932 1789 4971 eo

96 5023 131 5064 eo
148 5006 223 5078 quod
240 5005 338 5061 ultima
355 5005 385 5059 in
403 5003 473 5059 illud
491 5002 525 5058 fit
542 5002 681 5057 resolutio.
955 5005 1024 5077 qnid
1045 5003 1224 5059 statuendum
1244 5003 1295 5069 sit,
1319 5008 1414 5071 patere
1430 5008 1523 5073 potest
1541 5019 1575 5057 ex
1593 5002 1788 5072 superioribus.

47 5104 72 5146 so
135 5098 193 5151 143.
228 5096 255 5148 3.
279 5092 368 5146 Venae
397 5098 480 5144 notoe
507 5097 573 5142 snm
598 5088 801 5157 inseparabiles
825 5108 845 5142 e
863 5090 985 5171 annisi
1007 5091 1118 5146 nomlne
1141 5089 1274 5145 θοοὶιιιίιιιι
1293 5088 1456 5143 universalis
1475 5087 1605 5158 intelligit
1622 5089 1788 5159 Remanent,

47 5168 233 5251 Recolens,¹
252 5181 304 5233 sed
322 5177 456 5231 eeclesiae
477 5174 685 5231 Corinthiensem
703 5184 730 5231 et
748 5174 1080 5246 Galatamm,'abutitur
1113 5174 1281 5234 nominibus.
1331 5174 1459 5231 Romana
1494 5175 1567 5229 enim
1599 5173 1717 5229 ccclesia
1746 5183 1789 5231 est

47 5265 75 5304 ²⁸·
96 5268 138 5322 oei
156 5284 227 5337 geos
244 5265 381 5320 scribebat
398 5264 523 5332 Paulae,
541 5278 625 5316 oenoe
642 5261 778 5316 ecelesiae
795 5272 882 5329 norst,
904 5271 931 5318 et
954 5263 1130 5335 particularis
1165 5262 1301 5334 quaedam
1337 5261 1466 5330 ecelesia,
1513 5277 1690 5331 nequaquam
1722 5278 1788 5318 roro

95 5361 191 5410 umen
214 5371 269 5408 non
292 5359 355 5406 erut
379 5351 420 5406 its'
438 5351 630 5420 attempero
643 5349 826 5419 praedicatio
843 5351 929 5419 certi,
953 5348 1126 5407 universalis.
1174 5348 1207 5404 ai
1228 5347 1339 5403 nomine
1361 5346 1496 5402 eminus
1520 5345 1684 5402 unirmslis
1708 5347 1788 5405 intel·

147 5445 310 5491 (iasbsrdiloci.
327 5445 351 5486 V.
1423 5453 1456 5505 25
