4004 6022
272 183 335 247 384
580 204 586 218 ·
697 168 700 175 ’
840 179 962 238 LOCUS
981 175 1184 236 VIGSSIKUS
1202 177 1402 239 SECUNDUS

273 331 472 393 dmonstratio
489 350 508 389 a
522 333 608 406 priori
626 332 723 391 itidem
736 333 969 406 petitursoausa
982 332 1107 405 proxima
1132 330 1162 389 in
1187 332 1289 405 quibus
1315 334 1472 393 continetur
1495 334 1551 402 Dei
1576 335 1698 395 verbum
1734 335 1780 393 lix
1806 335 1958 395 testium

273 417 390 476 iuterna
420 419 486 476 Jam
500 436 565 475 roro
576 419 694 477 ecclesia
706 420 888 477 essentialiter
902 419 1033 476 definitur
1050 427 1107 476 eta
1131 419 1265 477 adesim
1282 421 1413 493 cognosci
1431 421 1550 493 primum
1560 429 1658 493 potest,
1677 439 1750 496 quas
1769 423 1886 481 sitrers
1896 422 1957 481 ser·-

274 507 359 578 priori
370 507 531 578 agnoscitnr
541 524 575 562 ao
583 505 717 577 probatur
725 523 759 562 er
766 506 850 563 verbo
859 506 920 564 Dei.
935 507 1012 580 Ergo
1020 507 1105 563 ecole-
1132 509 1215 575 ptura
1234 513 1263 562 et
1281 507 1343 579 quis
1361 525 1442 563 verris
1456 510 1615 580 Scripturas
1628 527 1733 580 sensus,
1753 510 1864 569 scilicet
1875 510 1957 583 copu-

274 592 317 649 sia
327 611 383 648 non
395 600 438 649 est
448 592 740 650 uaturauotiorrerbo
747 593 811 649 Dei.
834 594 996 650 Assumbnm
1009 595 1106 666 negari
1131 589 1206 647 tione
1226 591 1348 661 oonfirsa,
1367 593 1567 651 rudimentaria
1586 601 1615 651 et
1635 595 1783 666 inchoata,
1801 596 1855 653 sed
1874 596 1958 653 distin

275 679 379 750 nequit,
399 679 536 751 quidquid
555 679 628 734 enim
644 679 679 736 de
695 679 813 737 emeris
830 680 900 736 sciro
913 697 1058 752 pomumua
1072 696 1106 735 ao
1132 683 1179 733 ets
1200 685 1228 734 et
1254 678 1405 736 scientifica
1431 681 1514 754 hujus
1536 682 1576 738 rei
1596 681 1718 756 eogniu'o
1738 700 1795 739 uon
1813 682 1916 755 pendet
1928 701 1956 740 er

276 764 421 835 debmus,
439 766 514 823 idox
529 766 614 823 verbo
629 766 682 822 Dei
695 773 829 838 tanquam
841 767 922 823 unico
937 766 1108 840 theologicae
1132 765 1288 822 testimonio
1313 767 1447 824 ecclesiae
1472 776 1597 834 externo,
1621 769 1670 825 sed
1693 786 1727 825 ex
1745 769 1866 827 internis
1882 790 1957 845 sper

276 853 408 909 scientiae
416 854 552 926 principio
560 855 618 926 peti
627 861 743 925 oportet
755 853 1025 919 QuodBellarminus
1032 854 1107 922 dicit,
1132 857 1203 920 ρίοιι
1226 859 1254 909 et
1277 869 1311 908 er
1332 861 1510 928 narnpposte
1530 855 1673 913 doctrinae
1689 863 1718 913 et
1733 856 1958 928 interpretationis

276 940 311 992 ah
323 939 442 995 areuna
454 941 618 1001 disceadm
630 957 695 1009 eoos,
710 958 782 1010 puae
793 942 831 994 rit
840 959 918 1010 para
928 941 1107 1011 praedicatio
1132 954 1196 992 cum
1216 937 1366 1010 Scriptnris
1393 940 1488 998 sooria
1523 941 1693 999 Testimonio
1709 942 1849 999 eocloeiae
1865 958 1956 1015 perun

273 1026 358 1094 oerbs',
374 1024 404 1079 id
413 1024 730 1094 concedimuseossusn‚
736 1026 926 1098 ‘quodinvera
935 1032 963 1083 et
970 1026 1108 1082 catholica
1132 1023 1189 1078 veri
1209 1023 1321 1096 quidem
1338 1025 1461 1083 hommes
1478 1034 1604 1099 possunt,
1621 1035 1653 1085 ut
1670 1028 1796 1098 medani,
1814 1027 1868 1084 hos
1884 1027 1956 1087 libros

162 1117 200 1156 ¹¹·
214 1112 261 1156 Μ·
275 1111 471 1183 eodainpnro
479 1112 648 1183 praedicatio
658 1113 734 1169 verbi
743 1113 855 1184 publice
863 1121 952 1179 sonet,
964 1115 1013 1169 sed
1023 1130 1105 1185 quao-
1131 1125 1192 1165 esse
1210 1110 1318 1167 divinos
1333 1119 1362 1169 et
1380 1115 1535 1185 canonicos,
1552 1115 1601 1171 sed
1616 1116 1654 1171 sd
1670 1115 1743 1171 banc
1762 1115 1907 1175 annum
1917 1133 1957 1171 no

274 1215 338 1254 nam
353 1199 390 1254 sit
408 1215 476 1254 rora
491 1205 521 1255 et
536 1199 675 1255 catholica
690 1199 817 1267 ecclmn,
834 1215 890 1255 non
907 1200 960 1255 nisi
976 1216 1010 1256 er
1022 1199 1106 1255 verbo
1130 1196 1220 1251 titiam
1244 1203 1272 1254 ct
1292 1199 1329 1253 ad
1352 1198 1406 1253 hoc
1423 1198 1489 1256 fidei
1506 1200 1692 1257 rudimentum
1710 1201 1848 1259 accedas
1863 1206 1957 1273 oportet

274 1284 329 1341 Dei
341 1284 410 1341 disci
418 1289 518 1355 potest,
530 1299 596 1341 vera
607 1285 718 1341 eminet
729 1285 866 1342 catholiea
880 1285 998 1342 molosia
1009 1285 1106 1341 aalide
1130 1282 1271 1353 proprium
1289 1290 1318 1340 et
1335 1285 1521 1357 adaequatum
1539 1286 1605 1343 iidei
1622 1287 1799 1359 principium,
1816 1295 1852 1345 ut
1861 1286 1956 1343 soilioet

275 1379 303 1427 et
326 1371 452 1427 doctrina
469 1370 607 1427 catholica
623 1371 796 1427 remanda
823 1389 857 1428 ac
875 1371 1030 1455 judicanda
1053 1377 1104 1428 est.
1131 1365 1275 1439 Scriptura
1291 1370 1354 1442 ipsa
1369 1371 1399 1425 in
1416 1389 1515 1428 manus
1531 1379 1663 1443 sumatur,
1681 1373 1793 1446 legatur
1811 1381 1842 1431 et
1860 1373 1955 1431 sroln·

272 1457 337 1515 Jsrn
355 1474 420 1513 vero
444 1456 510 1513 fidei
527 1465 556 1514 et
573 1458 715 1515 doctrinae
733 1457 884 1515 catholicae
901 1460 1014 1514 unicum
1032 1457 1106 1529 prin-
1131 1459 1190 1522 tur,
1211 1460 1278 1511 torno
1301 1456 1374 1512 enim
1400 1456 1518 1528 Spiritus
1542 1477 1563 1514 s.
1587 1458 1679 1515 verbis
1701 1459 1760 1514 suis
1778 1460 1955 1517 ιαιίπιωίιιιι

273 1544 376 1613 cipium
400 1549 429 1599 et
448 1543 546 1615 regula
571 1560 605 1600 aa
632 1561 728 1600 norma
750 1545 834 1600 unica
852 1550 895 1600 est
911 1544 965 1600 Dei
984 1542 1105 1599 verbum.
1131 1539 1224 1596 reddit
1252 1558 1285 1597 ac
1314 1550 1434 1599 mentem
1463 1545 1582 1616 legentis
1612 1545 1646 1602 de
1672 1547 1789 1602 veritate
1821 1547 1957 1603 marineio.

273 1629 424 1685 Possumus
449 1630 561 1701 quidem
582 1647 617 1686 ox
627 1645 630 1651 ’
640 1631 807 1702 quibusdam
823 1631 943 1687 externis
958 1629 1106 1686 accidenti·
1133 1626 1257 1696 Spiritus
1279 1637 1319 1683 est
1338 1631 1387 1699 qni
1404 1631 1581 1700 tesn'firatsr,
1604 1634 1680 1702 qnod
1699 1632 1830 1702 Spiritus
1846 1634 1883 1689 sit
1897 1633 1956 1687 cori·

273 1715 326 1772 bns
343 1716 486 1787 suspicari,
504 1715 577 1771 bunc
596 1717 736 1773 velillum
755 1722 865 1774 cootrrm
883 1734 943 1773 esse
962 1716 1106 1772 eccloeim
1132 1721 1175 1766 tao
1196 1721 1217 1770 l.
1229 1714 1331 1786 «lobi,
1349 1732 1374 1772 r.
1388 1723 1413 1774 6.
1441 1716 1537 1775 Potest
1555 1718 1606 1774 boc
1624 1719 1762 1777 declarari
1776 1719 1894 1777 historia
1902 1736 1957 1775 cor·

272 1818 367 1857 veram
384 1807 413 1857 et
429 1801 607 1868 catholiam,
630 1804 679 1859 sod
700 1805 856 1875 apodictico
872 1820 906 1859 ac
925 1812 1002 1860 certa
1020 1803 1106 1860 scien
1133 1799 1264 1855 versionis
1281 1801 1471 1860 omninum
1487 1802 1552 1861 Job.
1571 1811 1595 1861 ι.
1615 1805 1760 1876 descripta
1799 1804 1902 1863 Mulier
1915 1804 1956 1865 Ss-

273 1888 314 1945 tia
336 1886 405 1944 illud
427 1905 486 1963 non
511 1895 603 1960 potest
626 1896 752 1948 constare
764 1892 821 1953 ,nisi
839 1910 872 1946 er
890 1890 1026 1963 principio
1043 1906 1107 1960 pro·
1131 1885 1275 1957 maritans,
1294 1905 1366 1961 quae
1378 1889 1516 1947 Christum
1533 1891 1661 1947 audierat
1678 1896 1707 1947 et
1723 1908 1758 1946 er
1774 1909 1809 1947 oo
1823 1893 1956 1951 raason

272 1973 333 2044 prio
358 1990 391 2030 sc
407 1974 528 2042 formali,
551 1977 680 2033 videlicet
696 1994 730 2034 ex
751 1976 806 2034 tide
823 1986 851 2034 et
869 1977 995 2034 doctrina
1013 1975 1106 2031 ootho-
1133 1971 1275 2043 didicerat,
1295 1976 1354 2029 abit
1372 1977 1402 2031 is
1420 1977 1560 2045 είυιιαιοηι
1578 1996 1613 2033 oc
1635 1978 1705 2032 dicit
1716 1980 1880 2047 concinetur
1891 1981 1957 2033 esis.-

275 2060 336 2118 lics.
370 2061 493 2118 Proinde
518 2080 573 2119 nou
593 2081 742 2136 negamus,
767 2082 860 2121 reram
873 2063 1106 2136 praedicationem
1131 2079 1157 2114 v.
1186 2067 1232 2118 29:
1266 2062 1358 2117 Venite
1384 2070 1410 2117 st
1432 2064 1523 2119 otene
1548 2064 1697 2132 bominem,
1723 2067 1776 2134 qui
1802 2066 1877 2121 dicit
1898 2064 1959 2119 noi

274 2148 353 2204 verbi
371 2150 408 2206 ab
427 2149 546 2207 ecclesia
563 2151 712 2221 petendam
728 2159 757 2207 et
774 2151 804 2206 in
823 2167 857 2207 sa
873 2151 956 2206 unice
973 2165 1105 2221 quaeren-
1132 2149 1240 2215 omaso,
1258 2165 1435 2218 pamaarpne
1451 2151 1677 2221 feei,'nsorqnid
1691 2151 1752 2220 ipse
1770 2152 1811 2206 rit
1830 2150 1956 2207 Girbtsa

274 2235 338 2291 dam
363 2252 439 2303 esse,
466 2237 533 2308 quia
559 2237 692 2295 eooledoe
718 2237 840 2293 officium
858 2243 901 2293 est
918 2236 1033 2292 verbum
1051 2234 1105 2289 Dei
1131 2234 1212 2290 eires
1230 2233 1396 2291 Samaritani
1413 2235 1466 2291 hoc
1486 2235 1642 2316 testimonio
1659 2235 1782 2293 ιιιιιιιοτὶι
1799 2236 1958 2309 permotict

271 2322 445 2392 praedicare,
473 2341 648 2392 conservare,
674 2340 829 2397 propagare
852 2331 906 2381 ete.
940 2322 991 2379 sed
1016 2339 1050 2379 ex
1071 2339 1104 2379 co
1130 2319 1168 2374 ad
1198 2318 1337 2376 Christum
1366 2320 1494 2385 adducti,
1531 2327 1678 2395 postquam
1707 2322 1823 2393 ipsimet
1850 2322 1957 2380 vebum

271 2424 327 2463 non
353 2410 491 2482 sequitur,
513 2412 657 2469 sonaim
676 2429 736 2468 esse
752 2418 852 2467 natura
869 2410 1003 2467 notiorem
1022 2408 1105 2465 verbo
1131 2403 1231 2461 Christi
1249 2406 1402 2476 audierant,
1424 2407 1454 2461 in
1470 2405 1539 2463 baec
1555 2414 1739 2479 prorumpunt
1759 2407 1860 2465 verba:
1879 2427 1905 2465 r.
1921 2416 1958 2466 tt.

271 2493 338 2565 Dei,
359 2497 426 2568 quia
451 2497 569 2553 ecclesis
590 2504 741 2569 antequam
764 2496 906 2569 ascribet
923 2503 952 2553 et
969 2500 1106 2566 propaget
1130 2492 1197 2546 Neo
1207 2493 1288 2563 jem,
1309 2491 1410 2564 οὐκέτι,
1423 2503 1542 2565 propter
1558 2502 1635 2548 tuam
1653 2495 1796 2565 ὶοςνιιαηι
1817 2496 1959 2563 andierat,

271 2581 395 2651 verbnm,
413 2583 489 2653 prius
507 2584 603 2654 genita
620 2590 663 2640 est
679 2600 712 2640 er
731 2584 828 2653 verbo,
846 2599 913 2654 ergo
925 2581 1040 2637 verbum
1051 2580 1104 2636 Dei
1129 2578 1188 2647 ipsi
1211 2579 1284 2633 enim
1309 2581 1469 2635 audivimas
1496 2588 1522 2635 et
1548 2581 1663 2649 samos,
1688 2581 1759 2650 quia
1778 2580 1829 2636 lcs‘c
1845 2590 1886 2637 set
1900 2598 1958 2637 cere

272 2672 374 2724 nabun
399 2668 477 2739 prius
503 2687 536 2725 ac
563 2671 656 2726 notirn
683 2676 725 2725 est
751 2669 876 2725 ecclesis.
920 2669 1050 2726 henaena
1076 2672 1104 2722 et
1129 2665 1255 2720 salomor
1273 2668 1378 2723 maadi.
1412 2665 1517 2722 Eodem
1535 2666 1616 2722 modo
1633 2672 1827 2737 comparatum
1847 2672 1958 2725 mcum

271 2752 461 2811 Tertullianus
481 2756 624 2811 remittant
640 2773 690 2811 nos
703 2755 741 2812 ad
752 2754 904 2819 ecelesiam,
920 2755 970 2811 sed
983 2755 1020 2809 ad
1034 2770 1103 2823 eam,
1129 2750 1262 2809 ecolesioe
1284 2753 1456 2823 tesdmonio,
1483 2759 1575 2825 potest
1598 2755 1658 2826 ejus
1679 2771 1747 2810 usus
1762 2771 1843 2827 esso,
1866 2762 1899 2813 ut
1913 2772 1959 2828 per

272 2857 346 2911 quse
367 2841 553 2913 integritstem
577 2842 719 2897 doctrinae
739 2840 909 2911 spostolicae
929 2840 1021 2897 adhuc
1039 2857 1103 2896 con·
1129 2836 1198 2892 illud
1224 2844 1357 2910 unquam
1386 2839 1520 2897 municio
1546 2841 1692 2912 cuiusdam
1712 2846 1906 2915 χειραγωγιας
1925 2841 1959 2899 sd

272 2926 410 2984 amabat.
439 2927 677 2992 Quemadmodum
694 2927 779 3000 igitur
798 2943 878 2982 nemo
898 2935 973 2983 recte
990 2926 1103 2981 dixerit:
1129 2922 1267 2980 emnam
1290 2926 1320 2981 in
1337 2927 1486 3003 Scripturip
1504 2925 1584 2982 nobis
1601 2926 1762 2999 loquentem
1780 2926 1959 2996 adducamur,

272 3022 396 3087 tempore
419 3015 526 3071 Irenaei
554 3022 682 3086 poterant
704 3013 853 3070 Christiani
877 3014 914 3069 ad
936 3013 1103 3085 Ephesinam
1129 3017 1227 3081 postea
1248 3019 1341 3068 autern
1365 3013 1427 3085 ipsa
1445 3013 1546 3069 Christi
1570 3031 1622 3070 vor
1647 3015 1688 3069 ita
1709 3012 1839 3085 percellit
1856 3015 1997 3071 aniruos1L

273 3103 418 3159 ecclesiam
434 3102 600 3159 contendere
617 3109 646 3158 et
664 3101 700 3158 ab
719 3117 752 3156 ea
764 3099 907 3156 veritatem
919 3103 1020 3170 petere,
1038 3115 1104 3171 ergo
1129 3104 1247 3169 nostros,
1265 3106 1362 3156 utnon
1373 3099 1492 3171 amplius
1503 3108 1616 3171 propter
1628 3100 1764 3159 moesiae
1774 3104 1959 3159 ιοιιιιιιοιιιιιιιι

273 3189 297 3243 si
322 3206 396 3245 nunc
417 3189 603 3246 conmoversia
629 3188 748 3257 oriatur,
774 3187 877 3243 debent
897 3185 1045 3242 Christiani
1067 3185 1103 3240 ab
1129 3186 1283 3251 credamus,
1303 3185 1352 3242 sed
1370 3188 1544 3257 majestatem
1562 3204 1596 3242 ac
1614 3186 1787 3245 divinitatem
1804 3188 1883 3245 verbi
1901 3206 1959 3246 coo

274 3275 414 3347 Ephesios
431 3275 548 3332 ecelesia
561 3275 705 3331 veritatem
721 3282 829 3345 petere3
848 3274 890 3329 ita
901 3289 1011 3344 quoque
1024 3289 1104 3328 nemo
1130 3271 1206 3328 lestis
1225 3273 1337 3344 ipsimet
1354 3272 1384 3327 in
1401 3272 1531 3329 cordibus
1549 3273 1649 3329 nostris
1667 3290 1718 3345 per
1728 3274 1852 3346 Spiritus
1862 3294 1886 3332 s.
1903 3276 1959 3333 effi·

273 3360 357 3417 debet
378 3360 493 3418 inferre:
519 3366 644 3432 tompore
667 3360 776 3417 Irenaei
800 3366 929 3431 poterant
956 3358 1105 3414 Christiani
1130 3358 1235 3414 cociam
1258 3360 1496 3430 persentiscomus.
1530 3359 1685 3432 Utrumque
1708 3366 1752 3418 est
1766 3376 1812 3419 ros
1831 3360 1896 3434 Dei,
1918 3381 1959 3420 eo

274 3449 312 3503 ab
335 3447 452 3504 ecolesia
472 3446 600 3503 Romana
620 3447 800 3518 apostolicam
823 3447 967 3503 veritatem
985 3445 1105 3514 disoern,
1129 3444 1214 3500 alesia
1230 3453 1258 3501 et
1275 3445 1427 3515 Scriptura.
1460 3445 1586 3502 Missis
1602 3455 1645 3503 est
1662 3464 1780 3520 ιοςιιιιιιι
1799 3449 1867 3523 Dei,
1890 3448 1958 3507 Scri-

273 3551 350 3605 ergo.
367 3534 461 3590 adbuc
485 3533 567 3589 bodie
590 3534 692 3590 reritm
714 3533 751 3588 ab
772 3549 807 3589 ea
824 3537 867 3589 cat
883 3531 1016 3603 petsnb,
1039 3532 1107 3603 quia
1129 3538 1212 3600 ptura
1235 3537 1277 3586 est
1302 3531 1416 3586 verbum
1433 3530 1497 3589 Dei.
1531 3532 1660 3604 Regnum
1676 3533 1731 3589 Dei
1750 3534 1959 3593 administratore

273 3630 389 3694 umaqoe
409 3621 539 3689 ecclesia,
556 3627 614 3677 tam
630 3620 755 3676 Romans
774 3636 858 3690 quam
874 3618 1023 3690 Ephesiae,
1040 3618 1106 3673 licet
1129 3633 1179 3688 per
1203 3618 1317 3674 verbum
1340 3617 1408 3687 Dei,
1435 3618 1553 3675 ecclesis
1574 3621 1648 3690 parit
1670 3619 1724 3676 Dei
1742 3620 1816 3679 tilios
1833 3640 1886 3695 per
1903 3640 1958 3679 rer

272 3709 372 3767 ambae
390 3709 428 3764 sb
444 3707 578 3778 apostolis
595 3707 738 3779 plantatae
755 3706 871 3775 fuerint,
891 3705 927 3761 sb
945 3705 1105 3777 integritate
1128 3703 1210 3772 bum,
1245 3705 1311 3777 quia
1340 3705 1454 3761 verbnm
1477 3706 1599 3761 continet
1621 3706 1676 3762 Dei
1698 3708 1882 3782 sapientiam,
1912 3728 1960 3782 per

273 3794 414 3851 doctrinae
436 3793 604 3865 apostolicae
626 3792 809 3849 desciverunt.
845 3791 919 3857 Quid
935 3809 1002 3864 ergo
1020 3792 1105 3848 ecele-
1129 3808 1212 3862 quam
1236 3790 1308 3847 firmt
1329 3791 1462 3847 melane
1486 3790 1544 3848 filii.
1580 3792 1651 3849 Cum
1673 3809 1741 3866 ergo
1760 3796 1901 3867 sapientis
1915 3798 1960 3853 ills

273 3882 331 3939 siae
347 3880 494 3937 illaeon
514 3880 550 3937 ab
567 3880 711 3951 apostolis,
739 3878 807 3951 quid
824 3878 943 3950 apostoli
958 3894 976 3933 s
994 3878 1103 3935 Christo
1129 3876 1230 3937 babeat
1245 3878 1439 3934 auctoritatem
1457 3878 1486 3935 in
1503 3878 1574 3935 lilios
1587 3880 1749 3951 sapientiae,
1768 3884 1869 3956 utique
1881 3885 1960 3941 etism

271 3969 440 4040 acceperint,
458 3967 488 4023 id
506 3983 562 4022 non
579 3972 671 4038 potest
686 3966 757 4021 disci
774 3982 808 4021 ex
823 3964 957 4021 hodierno
974 3964 1103 4021 eeclesia-
1127 3964 1242 4020 verbum
1262 3965 1316 4021 Dei
1338 3964 1527 4022 auotontetem
1550 3965 1636 4023 babet
1658 3966 1688 4020 in
1710 3967 1858 4025 ecclesiam
1880 3977 1910 4026 et
1932 3971 1959 4025 in

271 4070 331 4111 rum
349 4055 459 4111 illarum
484 4053 652 4122 testimonio,
676 4052 725 4109 sed
748 4067 783 4107 ex
808 4050 917 4122 scriptis
933 4051 1102 4123 apostolicis.
1126 4049 1198 4106 filios
1223 4050 1292 4120 Dei,
1319 4069 1374 4107 non
1404 4058 1497 4109 autern
1522 4051 1563 4106 illi
1587 4053 1784 4109 auctoritatem
1810 4054 1917 4112 babent
1932 4057 1959 4111 iu

270 4141 366 4198 Tertio
382 4141 512 4212 producit
527 4139 712 4196 Bellarminus
730 4138 879 4193 rationem:
906 4138 977 4193 Vera
985 4140 1102 4209 praedi·
1126 4136 1296 4208 Scripturam
1313 4137 1370 4193 sive
1387 4137 1441 4194 Dei
1461 4139 1631 4211 sapientiam.
1667 4139 1780 4196 Mutuus
1797 4141 1852 4197 sibi
1865 4159 1959 4215 operas

271 4228 346 4283 cano
370 4229 449 4283 verbi
475 4235 515 4283 est
535 4227 718 4298 praerts'eats'o
747 4235 772 4280 st
799 4225 992 4296 tatamen
1018 4241 1102 4280 rane
1126 4230 1269 4296 praestant
1295 4225 1413 4281 moesis
1439 4232 1468 4282 et
1493 4225 1651 4297 Scriptura,
1676 4227 1726 4283 sod
1749 4230 1906 4287 suctontas
1922 4237 1960 4287 ost

272 4315 438 4384 Sess‘ptsrne
462 4315 589 4383 dionae,
611 4329 683 4384 qaae
701 4313 739 4367 sit
756 4321 848 4367 antem
864 4328 933 4367 ocra
951 4311 1102 4381 Scriptura
1126 4311 1291 4383 Scripturas,
1310 4311 1491 4369 ministerium
1508 4330 1573 4368 vero
1593 4312 1734 4372 ecclesiae.
1771 4314 1904 4374 Ostendit
1918 4334 1959 4374 er·

272 4409 298 4456 et
314 4403 377 4470 pots
393 4418 474 4455 omas
492 4401 572 4456 illics
589 4417 698 4468 semaa,
722 4417 777 4454 aon
791 4416 940 4467 possamus
956 4399 1028 4453 scire
1046 4400 1104 4454 aiei
1127 4397 1212 4452 olesia
1228 4397 1398 4467 Scripturas,
1417 4397 1468 4451 sed
1487 4396 1637 4455 ministerio
1655 4417 1721 4470 suo,
1747 4402 1872 4459 ostendit
1890 4402 1960 4461 aert-

271 4505 304 4543 sc
327 4487 482 4543 tedimoas'o
503 4503 585 4542 omae
608 4486 754 4555 acclamas,
775 4487 853 4555 pssod
865 4502 899 4541 ros
916 4486 975 4555 ipsi
989 4486 1102 4555 quidem
1127 4491 1209 4556 ptura
1231 4482 1389 4553 saletam,
1414 4483 1463 4539 sed
1485 4485 1650 4542 auctoritate
1666 4503 1729 4556 sua,
1754 4493 1788 4543 ut
1803 4496 1880 4547 recte
1896 4489 1960 4545 sori·

271 4575 433 4629 adversarii
448 4590 551 4643 maore
566 4581 693 4643 possunt.
726 4573 768 4627 Ao
783 4571 866 4642 priua
884 4572 963 4626 debet
980 4589 1038 4627 esre
1055 4590 1104 4627 aa·
1127 4569 1169 4625 bit
1181 4569 1343 4624 Carletonus
1355 4569 1391 4625 de
1402 4585 1537 4626 consensu
1549 4570 1651 4628 cathol
1663 4579 1759 4628 contra
1771 4573 1849 4631 'trid
1861 4592 1891 4646 p
1906 4582 1960 4633 toa.

270 4671 315 4716 tna
332 4668 425 4717 euos
444 4660 570 4714 macari
587 4677 671 4728 paam
688 4659 837 4714 thesemo
853 4666 879 4714 et
895 4660 1001 4726 doctam
1018 4675 1101 4726 onom
1127 4656 1170 4712 De
1197 4654 1421 4725 interpretatione
1448 4654 1607 4729 Scriptarse
1632 4657 1705 4713 idem
1731 4667 1790 4716 esto
1812 4661 1959 4732 Jndiciun.

271 4747 411 4812 άοιινὺια,
427 4764 488 4800 eam
500 4763 519 4800 a
531 4748 644 4801 doctore
652 4752 768 4814 petatur
779 4745 919 4814 doctrina
929 4763 985 4799 son
997 4753 1102 4801 costra.
1126 4741 1223 4799 Potest
1248 4741 1310 4812 quis
1335 4741 1517 4812 probabiliter
1544 4750 1680 4811 statuere,
1714 4744 1788 4803 banc
1813 4747 1859 4803 rel
1878 4748 1961 4805 illam

272 4837 352 4906 Erpa
375 4834 470 4905 potius
493 4832 611 4887 eceloes‘a
629 4838 669 4885 est
686 4838 754 4886 rota
770 4847 855 4887 verm
866 4831 1102 4900 praedicationis,
1126 4828 1379 4899 interpretationem
1409 4847 1468 4886 esse
1498 4847 1604 4899 seran,
1634 4831 1701 4902 quia
1727 4839 1772 4888 est
1799 4833 1960 4906 Augustini,

272 4940 356 4992 psam
385 4937 453 4975 ocra
477 4917 658 4989 praedicatio
686 4917 724 4971 sit
753 4926 820 4973 rota
848 4933 930 4973 esrae
959 4917 1100 4973 cenwine.
1127 4913 1267 4971 Ambrosii
1291 4915 1465 4981 stallorum,
1486 4917 1535 4971 sed
1553 4924 1628 4974 certo
1646 4924 1674 4973 et
1689 4917 1874 4976 infallibiliter
1892 4921 1959 4977 illud

271 5007 493 5081 Respondemus:
513 5004 738 5077 dampnandum
756 5004 828 5061 inter
841 5003 1027 5076 cognitionem
1039 5022 1101 5059 cors
1113 4980 1117 5047 Ι
1127 5008 1248 5058 statuere
1264 5002 1369 5074 nequit,
1388 5008 1537 5074 antequam
1548 5004 1758 5061 consonantiam
1772 5023 1835 5063 oum
1844 5006 1961 5079 reliquis

270 5099 377 5165 faram
395 5092 631 5150 ηιάιωιιπιανιαηι
648 5099 674 5146 et
691 5091 859 5170 teotoniam,
876 5106 909 5145 sc
926 5089 999 5147 inter
1009 5090 1103 5163 cogni·
1127 5089 1285 5161 Scripturas
1303 5090 1385 5158 loeis,
1404 5104 1469 5146 cum
1486 5091 1615 5163 analogia
1631 5090 1705 5163 idei,
1725 5109 1791 5151 cnm
1807 5093 1879 5150 soris
1896 5110 1959 5150 con·

270 5184 374 5240 nonen
401 5181 578 5245 manaem,
601 5179 759 5248 perfectam
781 5186 808 5232 et
831 5177 1011 5246 moabitam
1036 5177 1103 5232 itam
1127 5181 1218 5231 textus
1236 5180 1289 5231 eto.
1308 5176 1425 5247 ipsemet
1438 5176 1540 5247 videat,
1560 5178 1876 5251 quiareraetgenuina
1889 5178 1960 5237 Sori-

271 5270 343 5326 inter
368 5267 540 5339 Soripmram
568 5272 711 5335 acceptam
736 5264 926 5318 moercar
951 5281 1001 5335 pro
1017 5261 1102 5318 serbo
1127 5267 1225 5334 parrae
1248 5263 1435 5334 interpretatio
1456 5280 1489 5319 er
1512 5263 1574 5334 ipsa
1598 5264 1742 5335 Scriptura
1763 5265 1889 5337 petenda
1910 5271 1959 5322 cst

272 5356 327 5411 Dei
350 5355 380 5411 in
398 5354 553 5426 &iptnras
570 5352 699 5420 adacto,
722 5355 751 5407 et
766 5350 930 5413 formaliter
947 5366 999 5422 pro
1017 5346 1102 5419 apici·
1128 5349 1203 5405 Vera
1220 5350 1338 5406 ecclesia
1352 5350 1549 5420 interpretatur
1561 5349 1740 5422 Scripturam',
1756 5370 1814 5409 uon
1824 5359 1858 5408 ut
1869 5352 1959 5411 lncen

272 5441 483 5499 bus-tirenum
498 5447 527 5496 et
542 5454 677 5511 compago
690 5437 740 5495 itta
758 5434 891 5495 libroruin
900 5434 1101 5507 oeaoubumt,
1127 5436 1269 5515 quandam
1280 5436 1455 5507 peregrinam
1466 5435 1508 5491 illi
1518 5435 1628 5507 inferat,
1646 5437 1690 5493 vel
1702 5437 1862 5495 absolutum
1873 5438 1958 5512 quod·
