4004 6022
187 184 248 253 ’Μ
783 180 906 241 meus
925 178 1131 248 meminus
1150 180 1292 241 PRIMUS

184 333 386 396 larmlntss'lils.
405 342 430 394 ι’.
449 333 485 392 de
505 334 616 392 susim.
636 352 659 393 o.
680 341 722 393 tt.
748 338 954 394 Theodorum
966 356 1023 392 non
1052 341 1103 406 est,
1121 337 1279 395 immediate
1297 337 1371 395 enim
1388 335 1483 407 addit,
1503 339 1722 408 pensamine
1735 357 1807 396 suos
1820 358 1890 412 pro·

128 411 131 418 ¹
186 428 267 498 loqui
290 428 325 481 de
345 422 515 489 masnata,
541 439 613 494 meus
632 424 816 492 ἀίιιίιιριιίιιιι·
833 432 933 481 contem
950 425 1022 480 coci·
1051 426 1171 490 prietate
1193 434 1325 490 meroe,
1358 425 1443 497 idque
1469 424 1595 481 declarat
1618 426 1722 482 unione
1747 427 1889 499 morsali

87 521 113 562 x.
126 518 172 562 stt.
187 513 293 582 dantia,
312 514 366 567 sed
383 512 419 566 de
437 510 558 565 esserstia
579 519 605 566 et
617 520 721 566 notura
736 513 932 579 αοιιιιοιιιίιιιιι,
950 530 1022 585 poue
1051 511 1168 566 duarum
1186 521 1347 567 naturarum
1364 511 1394 566 in
1410 510 1535 579 Christo,
1553 511 1583 566 in
1602 528 1659 583 qua
1677 512 1755 567 nulla
1771 512 1804 569 fit
1823 514 1889 571 abo-

185 601 246 670 ipse
266 607 405 670 perpetuo
429 598 556 652 nominat
577 599 710 667 symbolo.
746 599 834 672 Atqui
857 606 934 654 totus
959 616 1022 654 con·
1051 597 1117 667 litio,
1138 598 1270 662 conlusio,
1289 598 1334 654 vel
1351 598 1527 669 permutatio,
1544 598 1590 653 rel
1601 599 1889 658 transsubstantiatio.

184 691 277 740 textus
291 685 364 740 hanc
376 685 496 756 glossam
508 683 656 739 fortissime
669 685 777 751 refellit,
794 686 940 758 conjungit
950 685 1021 741 enim
1051 683 1233 739 lelarminus
1244 685 1354 757 regerit,
1372 701 1429 739 non
1438 685 1531 751 faiam
1545 686 1704 740 Romanam
1715 688 1888 756 pontificem,

187 770 379 827 'I'heodoretus
397 770 498 843 φύσιν,
524 772 637 836 nieles,
661 775 754 845 σχῆμα
772 776 819 826 sul
839 772 927 837 ellos,
951 789 1023 844 quae
1049 772 1101 823 sed
1118 773 1279 842 episcopum
1301 772 1517 827 comoriensem.
1548 770 1636 843 Atqui
1658 773 1687 826 in
1707 771 1888 844 haeresiolog.

185 858 279 913 omnis
304 859 333 913 in
356 858 477 914 externis
496 856 632 928 symbolis
651 874 763 914 munere
779 859 890 927 asserit,
920 864 949 913 et
968 876 1023 931 qua
1050 857 1151 913 diserte
1169 859 1327 914 nominetur
1345 859 1492 930 episcopus
1507 857 1649 913 Romanus
1667 863 1697 913 st
1713 865 1889 931 arguments,

185 946 294 1000 ratione
320 953 515 1016 argumentum
539 943 745 1016 Eutychianum
771 945 866 1001 everti
880 945 1022 1017 potuisset,
1049 944 1151 1015 quibus
1169 946 1337 1001 contrarium
1356 946 1474 1016 probare
1493 945 1591 1000 nititur
1610 944 1806 1016 Bellarminus,
1824 953 1890 1001 sunt

186 1030 209 1085 si
228 1031 384 1086 accidentia
400 1035 511 1086 tantum
530 1032 612 1101 panis
629 1038 693 1102 post
711 1032 945 1088 consecrationem
958 1032 1022 1087 sub·
1049 1048 1182 1102 perquam
1205 1033 1277 1088 lesia
1299 1037 1328 1088 et
1350 1031 1467 1087 infirma
1514 1030 1667 1104 Gregorius
1694 1032 1730 1088 de
1754 1031 1889 1089 Valentia

183 1116 242 1172 lats
272 1118 430 1172 substantia
463 1133 576 1173 manere
600 1118 801 1174 concessisset?
837 1118 1022 1174 Bellarminus
1049 1117 1152 1189 regerit
1175 1118 1223 1174 lib.
1242 1124 1267 1176 t.
1293 1119 1328 1174 de
1352 1118 1417 1173 idol.
1441 1135 1465 1172 c.
1484 1125 1508 1177 5.
1532 1136 1588 1174 non
1607 1127 1717 1174 senon
1740 1119 1793 1174 tos
1810 1120 1888 1175 testi·

185 1202 265 1270 dicit,
283 1205 311 1258 s's'
326 1198 422 1259 ιιι-ιιιιι
440 1213 525 1268 esset,
544 1217 658 1264 munere
674 1208 705 1260 in
723 1207 895 1261 eucharistia
909 1224 1022 1276 ponens,
1051 1205 1171 1258 monium
1196 1205 1269 1259 inter
1290 1205 1379 1260 libros
1404 1204 1532 1275 Gelaaii,
1567 1221 1637 1274 qnos
1665 1214 1766 1261 contro
1784 1207 1888 1262 Nesto-

184 1291 355 1346 ortlosloeus
386 1290 525 1344 debuisset
550 1293 649 1361 potius
680 1309 714 1346 es
742 1293 913 1348 eucharistia
938 1311 1021 1363 orpu-
1048 1291 1122 1343 riam
1139 1298 1165 1344 et
1182 1291 1328 1360 Eutychen
1347 1291 1501 1361 sumpserit.
1535 1291 1639 1347 Postea
1650 1291 1739 1362 addit,
1757 1309 1815 1346 non
1829 1309 1888 1347 esse

183 1377 305 1432 mentori
330 1386 430 1432 contro
457 1376 675 1446 Rrstyclsionam.
710 1377 935 1450 Respondemus:
958 1397 1021 1435 con·
1052 1375 1178 1447 Gelasii,
1203 1379 1256 1432 sed
1274 1378 1425 1447 cujusdam
1447 1376 1607 1448 Gennadii,
1633 1380 1683 1448 qni
1705 1395 1792 1449 saepe
1810 1379 1888 1433 alias

185 1465 310 1520 cedimus
334 1469 437 1525 totum.
466 1464 551 1536 idque
574 1481 671 1520 revera
693 1462 755 1520 fieri
773 1465 915 1521 addentes
932 1471 1021 1521 osten-
1050 1465 1195 1522 errauerit.
1231 1464 1337 1522 Videns
1355 1470 1458 1534 autem,
1475 1463 1545 1521 baec
1563 1465 1746 1534 esmfrivola,
1764 1463 1927 1537 subjicit&

174 1549 257 1606 'dunt
287 1549 355 1607 haee
385 1550 472 1607 verba
499 1549 658 1606 orthodoxi=
694 1552 826 1620 Retibns,
857 1569 929 1622 puae
962 1553 1022 1623 ipse
1048 1552 1273 1619 pererrantium
1299 1559 1325 1605 et
1349 1560 1482 1606 nomam
1503 1551 1591 1621 ponis
1613 1552 1808 1622 perseanestis
1831 1568 1888 1606 son

186 1627 301 1692 misti
318 1645 418 1708 coptus
438 1656 467 1693 es
487 1644 539 1695 eto.
568 1637 752 1694 Bellarminus
764 1640 875 1711 regerit,
896 1640 1022 1695 Theodo·
1049 1637 1140 1705 ipsam
1158 1638 1356 1703 subeuntium,
1374 1639 1428 1693 sed
1443 1639 1575 1692 virtatem
1593 1637 1889 1708 steftieacionsposis

183 1733 275 1779 retum
298 1725 374 1780 alios
388 1743 479 1781 seeum
493 1744 637 1796 pnpnore,
661 1744 724 1781 oum
742 1729 880 1782 concedat
895 1728 1022 1798 aliquam
1048 1723 1178 1794 intellipi.
1215 1722 1269 1780 Sed
1295 1730 1324 1780 et
1346 1722 1399 1779 hoc
1424 1722 1580 1779 inuiolatos
1603 1724 1764 1796 apertisque
1780 1723 1889 1782 Gelasii

185 1812 373 1866 mutationem.
407 1811 631 1884 Respondemus:
661 1828 746 1885 quam
773 1813 954 1869 mutationem
980 1814 1021 1868 in·
1049 1809 1141 1864 verbis
1170 1810 1337 1866 contrarium
1366 1826 1428 1865 esse
1457 1809 1556 1864 ridens
1588 1810 1743 1866 concludit:
1776 1811 1891 1875 Quodsi

184 1894 308 1968 telliget,
329 1897 533 1955 evidentissime
551 1898 687 1969 explicet,
704 1899 933 1955 sacramentalem
950 1900 1022 1954 scili·
1049 1897 1167 1950 nomme
1189 1897 1322 1951 oswui
1339 1904 1475 1967 mapsam
1492 1898 1592 1951 doctos·
1616 1898 1736 1967 slipen,
1761 1894 1837 1952 nilil
1855 1905 1888 1952 ιιι

184 1986 244 2051 cet,
276 1998 333 2054 qua
358 2000 458 2054 corpus
483 1982 585 2039 Christi
612 1984 679 2056 pani
706 1985 890 2042 eucharistico
919 1985 1020 2041 unitur.
1046 1984 1179 2053 pontisas
1204 1984 1394 2038 determinans
1417 1991 1443 2037 et
1462 1998 1534 2037 unus
1552 1984 1672 2054 itemque
1692 1985 1766 2038 alsa
1784 2001 1820 2040 ea
1834 2002 1888 2057 po·

184 2066 300 2140 Regerit
319 2068 519 2135 Bellarminus,
549 2070 755 2125 'l'lreodorstusn
777 2089 806 2127 se
825 2073 918 2142 psum
935 2071 1022 2143 sepli-
1049 2067 1138 2122 trilm
1162 2068 1215 2123 lac
1243 2069 1274 2122 in
1300 2085 1330 2123 rs
1359 2070 1458 2138 lapsus
1484 2085 1582 2125 errore
1610 2069 1724 2138 ίιιίιιιι,
1754 2070 1889 2127 mussas

184 2170 264 2224 ecre,
286 2156 430 2210 alieniso
452 2155 583 2222 ᾱίιιιιιιι,
607 2164 742 2212 naturam
760 2158 948 2227 mmbolorum
964 2174 1022 2212 mo·
1049 2163 1124 2209 certo
1144 2173 1201 2226 pro
1229 2158 1346 2210 ιιοιίιαιο
1375 2158 1698 2212 acaemetensium
1724 2159 1827 2212 naban
1850 2166 1889 2214 to

184 2256 265 2307 nere,
290 2242 410 2312 prosas,
439 2242 507 2311 poia
538 2244 666 2298 uidemus
688 2251 715 2298 et
741 2245 880 2314 tanpimus
906 2247 1023 2300 eundem
1048 2242 1151 2296 stium.¹
1176 2242 1400 2314 Respondemus:
1420 2243 1500 2315 quasi
1516 2256 1583 2298 vero
1600 2242 1671 2299 liber
1687 2242 1889 2300 letaldeonon

118 2351 121 2356 ·
184 2327 319 2397 coloreas,
346 2331 465 2383 eundern
485 2331 612 2400 flparorn
640 2338 666 2384 et
684 2331 819 2398 sormam.
859 2331 1022 2405 Responde·
1050 2329 1086 2384 sit
1112 2327 1231 2399 Gelssii,
1258 2329 1325 2402 qaia
1352 2329 1522 2386 'l'rithemius
1544 2329 1575 2384 in
1599 2347 1649 2386 suo
1674 2328 1807 2402 catalogo
1824 2347 1889 2387 oum

182 2428 258 2469 mus:
277 2430 295 2470 a
311 2413 420 2487 figura,
437 2416 527 2472 torma
543 2421 572 2472 et
592 2417 684 2473 colore
702 2416 740 2472 ad
757 2418 943 2488 praesentiam
958 2418 1022 2475 sub·
1049 2432 1104 2470 non
1121 2415 1268 2484 recensuit,
1286 2415 1352 2487 quia
1369 2432 1423 2471 non
1441 2415 1510 2471 tacit
1525 2416 1693 2472 mentionem
1712 2412 1889 2489 Hieronymi,

183 2501 301 2557 stantiae
320 2509 539 2574 argumentatur,
558 2509 591 2558 ιιι
609 2509 754 2560 contextus
773 2504 915 2562 evidenter
932 2514 1023 2563 osten·
1050 2501 1202 2575 Augustini
1234 2509 1262 2557 et
1294 2503 1410 2557 allorum
1444 2509 1554 2572 patrum
1589 2509 1642 2558 etc.
1677 2519 1729 2575 per
1757 2504 1889 2560 substan-

184 2586 234 2654 dit,
251 2600 515 2660 nequequamvero,
536 2589 611 2660 quod
620 2589 806 2646 Bellarminus
825 2593 953 2661 somniat,
972 2610 1023 2665 per
1049 2589 1117 2644 tiam
1143 2588 1262 2660 intelligi
1285 2595 1394 2644 tantum
1416 2588 1547 2644 virtutem
1571 2594 1599 2645 et
1620 2588 1790 2660 efficaciam,
1818 2591 1889 2662 ipsis

181 2669 310 2744 liguram,
327 2672 445 2728 formam
463 2682 492 2728 et
510 2673 631 2729 colorem
648 2678 834 2745 praesentiam
850 2678 1023 2734 substantiae
1049 2673 1141 2731 verbis
1163 2680 1316 2746 repugnat,
1341 2688 1375 2728 ac
1396 2672 1526 2728 fn'volum
1551 2674 1633 2728 nimis
1650 2680 1695 2731 est
1710 2675 1888 2750 distinguere

183 2757 314 2813 excludit
349 2757 429 2814 Haec
446 2764 545 2829 aperte
561 2760 663 2814 serias
683 2761 817 2832 quosdam
835 2779 869 2817 er
886 2762 954 2834 ipsis
974 2765 1023 2819 ed·
1049 2760 1121 2815 inter
1151 2759 1294 2815 Gelasium
1323 2759 1462 2814 doctorem
1491 2766 1520 2815 et
1545 2759 1689 2816 Gelasium
1712 2762 1888 2835 pontificem,

182 2843 312 2899 senariis
339 2844 437 2914 morit,
468 2852 501 2900 ut
524 2844 695 2901 '1¹heodoreti
725 2827 914 2903 testiinonium
941 2850 1022 2904 nobis
1049 2845 1111 2917 quis
1128 2860 1249 2916 namque
1267 2860 1318 2898 nos
1335 2850 1425 2899 catos
1443 2845 1555 2912 reddet,
1573 2846 1685 2919 quando
1704 2850 1888 2918 pronuntient

182 2927 359 3001 largientur.
399 2929 471 2986 Nam
499 2929 529 2985 in
556 2929 673 3001 epistola
698 2930 874 2990 Theodoreto
899 2934 1022 3005 praellae
1048 2931 1171 3002 episcopi
1188 2930 1307 2987 Romani
1323 2936 1356 2986 ut
1373 2931 1514 2999 doctores,
1538 2933 1650 3005 mando
1668 2940 1700 2989 ut
1715 2935 1885 3006 pontiliooel

183 3016 213 3072 in
235 3016 355 3072 editione
378 3015 507 3074 Romana
529 3034 580 3089 per
604 3016 776 3090 Stephanum
796 3020 953 3077 Nicolinum
973 3021 1022 3079 Sa·
1049 3018 1131 3074 Certe
1150 3035 1222 3090 quse
1240 3018 1315 3089 Isto,
1335 3019 1512 3074 Innocentius
1529 3024 1557 3076 ct
1577 3018 1626 3075 slii
1642 3020 1725 3092 pansi
1743 3037 1778 3076 ex
1795 3023 1887 3094 ponti·

106 3171 109 3174 ⁵
183 3102 308 3160 islensem
326 3103 559 3177 chalcographum
577 3107 758 3178 apostolicum
776 3124 839 3163 ann.
862 3114 936 3166 1547.
956 3108 1021 3164 scri·
1047 3104 1146 3161 fluibus
1177 3105 1358 3177 scripserunt,
1389 3105 1582 3161 auctoritatem
1610 3106 1686 3178 apud
1711 3106 1887 3165 adrmsamos

183 3188 277 3261 bitur,
298 3191 504 3247 Theodoretum
519 3193 549 3248 in
567 3194 611 3250 tn‘r
629 3195 699 3250 locis
717 3199 752 3251 sle
771 3197 1022 3251 lronssulstantia·
1046 3193 1152 3249 habent
1175 3209 1240 3249 vere
1262 3193 1402 3264 papalem.
1438 3192 1521 3249 Adde
1539 3193 1615 3265 quod
1634 3193 1769 3249 Melchior
1791 3194 1888 3252 Canus

184 3279 260 3333 none
290 3279 382 3333 minus
403 3282 546 3336 commode
563 3282 680 3348 sentire,
709 3285 897 3339 mendum
919 3284 1021 3339 nililo·
1047 3280 1094 3335 lib.
1114 3285 1154 3336 tt.
1175 3266 1233 3336 loe*
1247 3295 1272 3334 c.
1290 3279 1544 3337 scaranensem
1562 3280 1646 3333 istam
1662 3281 1693 3333 in
1710 3280 1783 3350 jes-e
1800 3294 1885 3334 raso-

183 3364 291 3434 minua,
316 3366 395 3434 quod
418 3367 453 3420 ds
471 3383 505 3421 so
523 3367 642 3422 ecclesia
659 3370 783 3424 nondum
800 3370 889 3440 iopam
904 3370 1020 3428 salisam
1047 3367 1110 3421 nico
1128 3385 1146 3420 a
1168 3364 1285 3421 Gelasio
1305 3373 1440 3436 tanquam
1460 3366 1597 3434 postolos
1617 3373 1823 3436 compensatam
1842 3382 1885 3421 as-

183 3448 358 3506 'llseodoreto
376 3452 572 3524 conjungimus
590 3451 748 3524 Gelasium,
777 3473 858 3528 quem
876 3455 1020 3512 Bellarmi·
1046 3454 1113 3510 serit
1140 3460 1166 3508 et
1186 3459 1343 3523 propterea
1366 3453 1457 3522 fidem
1475 3452 1503 3506 ei
1528 3452 1608 3506 nullo
1633 3454 1718 3507 modo
1731 3453 1884 3522 demas·

183 3552 236 3590 nus
265 3535 369 3592 fatetm
399 3537 524 3607 ejusdem
555 3555 618 3593 cum
648 3539 697 3596 illo
722 3541 784 3596 aevi
812 3548 841 3598 et
867 3542 1021 3598 sententiae
1047 3542 1123 3595 anm.
1158 3539 1212 3597 Sed
1237 3537 1374 3610 quidquid
1400 3537 1436 3591 sit
1455 3537 1491 3591 de
1509 3535 1639 3605 Gelasio,
1663 3537 1723 3593 sisa
1740 3537 1884 3594 Romnum

182 3619 277 3676 tuisse.
314 3621 361 3678 Sic
378 3627 470 3678 sutem
490 3623 589 3679 scribit
607 3622 736 3681 Gelasius
756 3626 902 3700 episcopus
917 3627 1019 3684 Roma·
1046 3628 1104 3684 sisa
1115 3625 1302 3682 Caesariensis
1313 3614 1460 3696 episcopus
1472 3621 1564 3694 fuerit,
1581 3622 1686 3679 suflicit
1698 3623 1788 3694 nobis,
1809 3625 1884 3697 qnod

182 3722 235 3762 nus
264 3705 312 3762 lib.
344 3707 408 3764 adr.
433 3706 590 3780 Eutychem
613 3718 641 3767 et
663 3711 837 3783 Nestorium,
864 3714 912 3786 qui
934 3714 1020 3771 habe·
1047 3713 1230 3769 Bellarminus
1253 3711 1306 3767 hoc
1324 3709 1512 3766 testimonium
1533 3710 1663 3765 admittat
1686 3726 1721 3766 ae
1738 3709 1883 3767 Gelasium

182 3797 229 3848 tur
256 3792 287 3846 in
303 3791 491 3867 -hseresiolog
516 3795 581 3851 edit
607 3796 693 3854 Basii
719 3814 792 3854 anno
815 3805 889 3857 1556.
907 3819 935 3873 p.
954 3806 1020 3859 689:
1046 3817 1109 3855 cum
1144 3798 1321 3855 Theodoreto
1357 3797 1482 3868 ejusdem
1519 3797 1581 3852 aevi
1617 3795 1704 3852 fuisse
1739 3797 1882 3871 largiatur.

185 3879 268 3934 Certa
288 3879 361 3952 (lege
379 3881 463 3948 certe)
481 3891 675 3950 armamenta,
700 3903 773 3955 qnae
791 3887 938 3953 sumimus,
959 3905 1019 3942 sor·
1047 3885 1140 3952 (Unde
1165 3882 1315 3940 cardinalis
1342 3881 1514 3938 Conterenus
1540 3882 1569 3937 in
1593 3881 1712 3955 colloqu.
1737 3883 1883 3940 Ratisbon

177 3966 262 4037 poris
285 3973 312 4019 et
335 3964 489 4038 conpulsis
508 3969 615 4024 Cluati
637 3971 736 4025 moine
761 3989 807 4027 res
826 3982 878 4043 est,
902 3984 1019 4044 propter
1046 3989 1119 4028 anno
1142 3978 1215 4028 1541.
1234 3969 1355 4026 addicti
1373 3969 1457 4040 hujus
1476 3968 1705 4041 perspicuitatem
1723 3969 1883 4038 obmutuit)

63 4113 67 4120 ,
180 4054 259 4122 aas
277 4061 303 4107 et
319 4071 375 4125 per
401 4056 499 4109 eodem
522 4057 636 4112 dioinu
652 4059 795 4128 rj‘fieimur
811 4069 952 4116 consortes
970 4081 1019 4116 na·
1047 4066 1071 4116 6.
1090 4059 1162 4126 Quia
1185 4057 1331 4114 conferunt
1354 4055 1485 4111 unionem
1507 4055 1735 4111 sacramentalem
1754 4057 1837 4128 panis
1854 4061 1883 4113 et

179 4146 273 4207 turos,
297 4147 323 4195 et
347 4149 440 4196 tamen
457 4160 516 4198 esse
536 4161 592 4199 non
610 4145 713 4199 desinit
731 4146 889 4202 mmtantia
906 4149 951 4202 sel
969 4167 1019 4202 na·
1045 4146 1167 4217 corporis
1185 4144 1288 4200 Christi
1307 4159 1370 4197 cum
1388 4141 1491 4197 unione
1508 4141 1648 4213 personali
1664 4141 1786 4198 dusmm
1800 4149 1881 4199 ustu-

175 4232 244 4280 ‘turs
257 4227 348 4296 panis
362 4236 388 4281 et
402 4229 468 4285 sini.
502 4228 688 4285 Bellarminus
704 4231 815 4302 reponit
834 4250 912 4289 suam
931 4251 1018 4290 cram-
1044 4251 1135 4289 rarum
1159 4231 1188 4285 in
1206 4230 1316 4286 Christo
1340 4246 1396 4284 non
1416 4233 1532 4299 propter
1552 4226 1663 4283 unionis
1680 4228 1835 4298 saisieris
1852 4230 1882 4286 in

179 4310 249 4377 ben,
272 4329 329 4383 per
354 4314 538 4370 ιιιόιιαιιιίαιιι
563 4317 687 4387 intelligi
708 4335 763 4372 non
786 4320 925 4374 intensam
954 4324 1017 4377 sal-
1044 4318 1145 4391 specie,
1164 4318 1214 4373 sed
1231 4324 1346 4389 propter
1364 4315 1583 4371 convenientiam
1600 4315 1771 4386 generalem,
1791 4316 1883 4372 idest
1907 4327 1912 4335 '

179 4400 312 4467 matium
327 4400 425 4472 panis,
442 4404 495 4457 seri
511 4405 675 4459 exteriorem
692 4412 825 4459 naturam
844 4415 871 4460 et
885 4411 1017 4478 proprie·
1044 4411 1158 4480 propter
1174 4401 1382 4457 similitudinem
1401 4400 1518 4456 duarum
1537 4416 1630 4456 rerum
1647 4402 1835 4473 praesentium
1853 4409 1882 4458 et

179 4493 258 4542 lates.
292 4485 382 4560 Atqui
409 4495 554 4544 contextus
579 4490 785 4547 evidentissime
808 4491 860 4548 hoc
878 4494 1019 4565 glossema
1042 4498 1157 4564 propter
1192 4504 1278 4543 unum
1310 4486 1484 4558 eundemque
1512 4486 1729 4558 praedicationis
1759 4488 1880 4544 modum.

178 4573 294 4642 refellit,
332 4573 479 4645 conjungit
509 4573 583 4630 enim
611 4573 741 4631 Gelasius
771 4575 957 4635 substantiam
989 4589 1018 4637 et
1042 4577 1170 4635 lustinus
1188 4573 1260 4645 spol.
1283 4577 1307 4629 2.
1327 4589 1353 4642 p.
1371 4577 1417 4627 ts:
1444 4570 1676 4641 inspiravisti
1702 4571 1789 4643 λόγου
1814 4576 1883 4630 sesi

177 4667 307 4716 naturam
325 4674 359 4715 ac
378 4659 485 4717 confert
502 4662 632 4718 unionem
649 4663 876 4720 sacramentalem
896 4667 1018 4736 corporis
1043 4665 1258 4732 oepxonornsslr
1268 4656 1374 4724 Ἰησοῦς
1388 4657 1531 4731 Χρισιόςο·
1544 4656 1723 4732 scalpimus
1734 4664 1781 4712 sol
1791 4658 1883 4730 reipsa

178 4752 208 4803 et
233 4744 377 4819 sanguinis
402 4744 506 4801 Christi
532 4763 595 4802 cum
621 4749 741 4805 externis
773 4749 920 4821 symbolis,
953 4768 1017 4806 cum
1043 4753 1089 4804 sal
1117 4744 1188 4822 αἷμα
1211 4745 1281 4816 ὑπὲρ
1303 4749 1438 4819 σωτηρίας
1456 4743 1535 4817 ἡμῶν
1553 4743 1646 4814 ἔσχεν·
1675 4743 1748 4799 odeas
1768 4749 1815 4799 sal
1831 4745 1884 4814 τὴν

167 4830 280 4890 ¹tutione
303 4831 441 4905 penendi
470 4832 581 4890 divinae
606 4841 635 4890 et
656 4835 793 4890 humanae
816 4844 940 4893 naturae
977 4839 1018 4893 at
1043 4834 1081 4891 δι’
1103 4835 1182 4904 εὐχῆς
1199 4831 1284 4903 lo'yov
1303 4835 1352 4886 rori
1372 4834 1441 4886 ieci
1455 4831 1522 4899 παρ’
1538 4829 1885 4904 αὐτοῦεύχαρισιηθεῖσσν

178 4937 262 4993 quam
285 4912 408 4975 absurda
432 4918 503 4975 haec
527 4919 638 4976 solado
663 4920 692 4975 in
717 4921 904 4994 disputatione
921 4930 1018 4979 conns
1042 4919 1159 4993 τροφὴν,
1190 4920 1218 4981 ti
1236 4908 1266 4986 ir
1284 4912 1355 4991 αἷμα
1373 4921 1419 4971 καὶ
1438 4914 1537 4987 σάρκες
1555 4913 1624 4970 sari
1642 4915 1801 4989 μεταβολὴν
1818 4918 1883 4988 spl-

178 5005 343 5079 Eutycheu,
368 5005 392 5060 si
411 5005 566 5075 statuisset,
591 5022 691 5078 mem
709 5008 893 5066 essentialiter
916 5011 1018 5065 mutari
1044 5025 1148 5081 φονιαι
1176 5005 1269 5080 ἡμῶν,
1299 5005 1406 5059 ἐκείνου
1434 5007 1484 5058 τοῦ
1513 5008 1767 5075 σαρκοποιηθένιος
1790 5005 1884 5073 Ἰησοῦ

179 5091 209 5149 in
232 5110 332 5165 corpus
355 5091 457 5150 Christi
482 5093 658 5148 manentibus
684 5094 773 5150 solum
799 5095 919 5151 externis
945 5097 1017 5151 aeci-
1042 5098 1089 5149 sal
1112 5093 1201 5167 σάρκα
1225 5097 1271 5146 sul
1295 5085 1366 5164 αἷμα
1390 5087 1578 5163 ἐδιδάχθημεν
1601 5089 1680 5145 εἶναι.
1724 5088 1883 5162 Cyprianus

178 5178 330 5235 dentibus?
370 5179 451 5246 Quod
489 5177 619 5235 Gelasium
655 5181 783 5253 subjicit,
821 5184 850 5236 in
891 5183 1017 5236 divinum
1042 5180 1100 5249 (vel
1117 5180 1276 5252 quicunque
1295 5179 1366 5232 alius
1384 5179 1490 5242 auctor)
1510 5192 1590 5231 serm.
1609 5176 1645 5231 ds
1662 5192 1751 5232 coena
1769 5193 1797 5248 p.
1815 5183 1883 5235 til:

178 5271 325 5321 transeunt
354 5267 516 5338 operatione
551 5265 677 5337 Spiritus
706 5286 729 5325 s.
758 5269 958 5339 abstentiam,
988 5269 1018 5324 id
1042 5267 1133 5322 Panis
1158 5269 1225 5335 iste,
1256 5282 1335 5336 quem
1362 5262 1511 5331 discipulis
1539 5263 1680 5317 Dominus
1704 5264 1884 5334 porripstas,

179 5365 235 5407 non
264 5352 298 5407 de
325 5352 466 5409 essentiali
494 5359 523 5408 et
551 5352 727 5408 substantiali
752 5354 833 5426 panis
860 5353 890 5409 in
917 5370 1017 5425 corpus
1042 5373 1097 5410 non
1116 5355 1225 5426 effipia,
1243 5353 1417 5406 redactura
1430 5357 1567 5417 ιιιιιιαιιιι,
1587 5350 1790 5420 omnipotentis
1804 5349 1886 5405 omli

177 5434 283 5495 Christi
298 5439 461 5508 mutatione,
481 5438 585 5496 sedda
606 5441 802 5498 sacramentali
821 5439 1016 5510 accipiendum
1036 5446 1139 5512 fartos
1159 5447 1200 5494 est
1216 5454 1298 5508 caro,
1324 5443 1350 5490 et
1372 5438 1444 5489 sicas
1463 5436 1494 5489 in
1517 5453 1641 5507 pesona
1660 5435 1769 5493 Olriaei
1783 5437 1884 5495 lasso-
