4004 6022
127 198 203 256 -ιιι
621 140 625 148 ’
705 186 828 246 cocus
844 184 1063 244 uersuros
1070 155 1270 245 escuinus

14 347 123 391 W·
177 347 202 399 s.
237 341 279 400 ut
301 346 395 397 sutem
416 340 512 398 concio
535 321 613 411 spud
631 341 745 398 Iatinon
763 359 815 413 pro
833 340 894 414 ipso
911 356 976 396 oon·
1003 342 1136 411 ιαιιιριιιιιι
1153 348 1254 410 amm,
1271 348 1397 399 sumunt
1412 349 1498 415 atses
1512 343 1598 400 tlon
1611 342 1841 415 usidemmstu

15 402 77 492 iiis
76 399 129 492 iii-⁰
143 435 228 485 ventu
252 432 281 483 et
297 444 349 498 pro
369 428 431 483 loco
448 433 600 482 conventus
619 432 782 498 usurpetur3
808 427 850 482 its
866 441 978 500 quoqne
1002 427 1104 496 spoliet
1119 428 1223 498 probos
1239 430 1317 484 siros
1334 429 1483 500 sepeliens,
1502 431 1554 485 boe
1572 438 1666 486 amem
1681 431 1841 503 mapniflcis

16 504 62 544 ω’·
142 514 398 585 munitumque
415 513 498 568 modo
516 512 652 583 sculpitur
668 519 729 568 tum
746 531 798 585 pro
814 519 896 570 coetu
914 529 978 567 con·
1002 513 1190 568 mommrilue
1215 523 1342 580 exornet,
1367 516 1418 571 loc
1442 533 1551 586 cuoprue
1569 517 1676 572 nemini
1693 518 1840 572 olseursm

143 605 253 670 roceto,
269 605 329 655 tum
347 598 430 654 etium
446 614 497 669 pro
516 597 637 668 loco,1n
656 615 712 671 quo
728 603 824 655 coetus
843 599 890 655 ille
904 597 977 669 cogi-
1004 606 1052 655 est.
1094 600 1222 664 Quodsi
1239 602 1290 656 ille
1308 608 1384 657 certo
1403 609 1566 670 ccpnoscat,
1583 603 1668 657 eliud
1682 604 1840 673 οααιααιαιιι,

143 691 197 741 tun
215 683 359 742 Demostle
375 699 426 755 pro
436 698 527 739 coron
546 685 575 740 ot
590 685 646 754 μὲν
659 683 804 756 πρυτάνεις
814 684 864 754 τὴν
874 683 980 754 poclis
1004 684 1088 738 σιιιιιι
1105 688 1236 756 templum
1254 703 1321 755 esse,
1338 688 1380 742 ὅτι
1397 685 1464 742 ἄλλο
1479 689 1555 744 lustr
1570 690 1701 758 ἐκκλησία
1713 693 1762 744 καὶ
1774 685 1840 745 itta

143 771 261 828 luiiovr
277 775 317 831 εις
333 770 363 824 sci
381 769 590 841 ῥσυιεαιήριον,
614 768 696 839 ὑμεῖς
711 770 745 825 δὲ
762 773 802 832 εις
818 770 867 838 τὴν
884 769 979 836 imin-
1004 769 1244 844 ἐκκλησιαστήριον
1274 774 1359 841 (num
1389 790 1424 827 eo
1455 789 1489 826 es
1517 774 1709 830 immaculatis
1738 776 1842 830 ommis

144 863 209 913 σιαν
228 854 406 930 ἐπορεύεσθε.
446 854 562 911 Ludere
582 855 612 910 iu
628 854 703 911 Disl
720 854 806 911 Mero.
824 860 853 911 et
871 855 978 927 Msjse:
1004 864 1125 926 constat,
1150 857 1202 911 loc
1225 865 1318 911 autem
1344 875 1377 912 αα
1396 859 1543 928 lapidibus
1561 867 1587 914 et
1603 860 1690 929 lipnis
1708 862 1841 930 maedsfi-

127 949 253 1014 σαίρειν
277 941 309 998 τὸ
329 941 490 1016 συμπόσιον
511 943 559 997 δεῖ
573 944 620 996 eal
637 939 846 1012 decerpsimus
867 939 914 1009 ιὴν
935 941 978 995 ιι·
1005 943 1112 1011 catur),
1132 943 1173 996 sic
1195 943 1329 1008 ααιιιιαισ,
1347 960 1409 997 eum
1426 946 1508 1007 finem
1518 946 1669 1013 facturum
1687 962 1748 1000 esse
1760 947 1842 1002 ιιισιιι

145 1033 260 1096 elnotus
280 1033 331 1084 etc
366 1028 467 1084 ”Pro
490 1032 631 1084 structura
646 1028 692 1084 rel
712 1026 852 1096 aedificio,
876 1027 978 1099 inquo
1005 1028 1161 1095 medendi,
1189 1029 1241 1082 loe
1264 1029 1414 1098 impensius
1437 1046 1521 1100 picam
1545 1047 1655 1086 necesse
1672 1032 1726 1100 sit,
1756 1035 1842 1088 ultor

144 1131 285 1171 sscrorum
302 1113 532 1170 celebrandorum
551 1129 636 1169 σιιιιι
653 1111 794 1169 conveniri
812 1114 890 1184 solet,
907 1114 978 1169 scci-
1004 1113 1051 1179 tis
1064 1118 1172 1188 χρείας,
1196 1115 1361 1170 ecornondi.
1399 1117 1497 1185 Neque
1518 1116 1593 1169 enim
1610 1117 1768 1185 parietum,
1792 1119 1842 1170 sed

144 1202 220 1272 pitur
244 1215 346 1257 nomen
370 1199 504 1256 ecclesise
525 1199 555 1254 in
577 1199 631 1256 titt
652 1199 720 1256 coo.
744 1199 779 1256 de
797 1200 978 1255 sscrosmctis
1005 1199 1165 1253 ammonem
1184 1217 1298 1254 causam
1316 1201 1445 1256 eoelestis
1465 1202 1526 1255 llec
1542 1201 1595 1254 buc
1614 1202 1696 1257 ααιιιι.
1734 1201 1843 1264 Quodsi

144 1287 285 1356 ecclesiis,
303 1286 338 1342 de
358 1285 392 1340 iis
413 1286 461 1357 qui
478 1285 515 1341 sd
534 1285 679 1341 eructem
696 1285 862 1356 confugiunt
879 1290 931 1341 stc.
949 1285 979 1339 in
1005 1285 1139 1354 ipnorare
1152 1287 1260 1356 finpat,
1282 1288 1361 1356 quod
1377 1287 1456 1356 dico,
1475 1286 1586 1340 etsbrnsi
1603 1286 1648 1340 uel
1666 1286 1841 1340 tardissimis

144 1373 261 1430 novellis
277 1372 388 1429 constit.
409 1371 610 1428 lastiniani*
649 1371 682 1425 Ιιι
706 1371 793 1426 sucus
810 1371 897 1427 literis
910 1371 979 1427 heec
1005 1387 1090 1439 quom
1114 1371 1234 1425 manime
1255 1370 1367 1426 clerum
1386 1388 1421 1424 ae
1439 1371 1618 1441 corupieuum
1635 1372 1686 1438 ιιι,
1708 1372 1843 1441 euempls‘s

145 1456 313 1532 dmificstio
331 1456 465 1513 ecelesise
481 1471 532 1528 pro
549 1457 609 1512 loco
626 1456 849 1529 congregetionis
866 1474 922 1512 non
938 1455 978 1510 fs·
1006 1456 1057 1511 loc
1081 1457 1232 1510 declarare
1254 1457 1384 1511 conabor.
1430 1456 1466 1510 Ut
1487 1456 1562 1510 enim
1585 1457 1669 1511 alneu
1691 1464 1733 1510 est
1753 1457 1842 1512 sacri·

144 1544 198 1601 cile
214 1543 346 1612 occurrit,
370 1540 529 1611 ”Unditb
544 1546 569 1610 6,
591 1559 617 1594 v.
638 1545 686 1597 20:
709 1541 815 1595 Postea
829 1557 896 1596 aero
916 1559 979 1596 con·
1005 1543 1112 1610 fidam,
1136 1543 1221 1597 aliud
1237 1542 1331 1596 altam
1339 1563 1352 1612 ,·
1376 1541 1461 1596 uliud
1477 1542 1666 1611 thymiamatis
1685 1542 1774 1612 lomes,
1791 1548 1844 1596 to·

144 1638 257 1687 uocatus
282 1637 323 1684 est
341 1629 431 1684 omnis
443 1627 571 1697 populus
589 1635 617 1681 et
634 1643 691 1696 per
707 1634 796 1682 totam
814 1635 921 1682 noctem
938 1628 980 1681 in·
1006 1627 1160 1701 μιαιήριον,
1179 1628 1265 1683 aliud
1280 1628 1450 1698 thymium
1478 1629 1561 1684 uliud
1578 1628 1784 1699 βουλευτήριον,
1802 1645 1843 1683 ss-

144 1725 192 1772 tra
215 1717 363 1773 ecclesiam
389 1722 541 1769 erasmum
560 1721 685 1784 petentes
712 1713 850 1768 auxiium
872 1731 891 1766 a
916 1715 979 1768 Deo
1008 1715 1148 1782 naculum,
1166 1715 1251 1769 eliud
1267 1722 1382 1770 ιαιισιιιι
1400 1715 1495 1782 (utcu
1511 1714 1585 1769 enim
1600 1714 1700 1782 locum,
1718 1715 1749 1767 in
1763 1729 1844 1784 quem

144 1803 247 1858 Isratl.
285 1800 341 1855 Hic
364 1815 464 1854 nomen
486 1799 620 1854 ecclesiae
636 1799 749 1869 ponitur
766 1815 817 1870 pro
834 1797 895 1870 ipso
911 1799 981 1864 loco,
1007 1805 1120 1869 coium,
1145 1800 1304 1870 sipnificat3
1331 1801 1376 1856 tte
1393 1807 1487 1855 aedem
1505 1800 1582 1855 uiros
1599 1789 1661 1865 eos,
1688 1799 1739 1867 qui
1756 1799 1844 1853 σσιιιι-

145 1889 175 1944 in
197 1904 253 1960 quo
269 1891 455 1958 congregetur
471 1884 599 1956 populus.
635 1885 739 1941 Verum
756 1884 826 1940 hese
842 1883 980 1955 significe-
1007 1885 1077 1939 lium
1094 1886 1199 1954 ineunt,
1216 1889 1259 1940 ad
1275 1903 1344 1955 citos
1356 1894 1382 1940 et
1390 1885 1551 1954 periculum
1562 1892 1589 1940 et
1600 1885 1679 1939 selus
1687 1885 1845 1953 pertinetlf

146 1974 185 2029 tio
202 1973 289 2028 rsrior
306 1976 349 2026 est
369 1971 398 2024 in
415 1969 502 2025 smris
521 1970 616 2038 literis,
636 1969 720 2040 Alpln
739 1969 980 2027 decrescunt.
1008 1973 1105 2026 eodem
1121 1973 1205 2026 modo
1224 1973 1260 2024 de
1272 1972 1375 2041 tempto
1387 1979 1413 2024 et
1426 1971 1543 2026 αασισιισ
1555 1972 1741 2025 uomendum.
1763 1971 1845 2034 Quod

147 2060 184 2113 ed
210 2076 236 2112 r.
268 2057 395 2112 haereses
425 2055 510 2110 verbo
538 2055 725 2123 ecclesia.)**
758 2055 808 2110 sed
834 2071 982 2126 progressu
1006 2059 1033 2110 si
1056 2073 1091 2111 ne
1116 2057 1157 2111 sie
1178 2057 1291 2126 quidem
1308 2074 1337 2111 se
1355 2056 1524 2111 intellenisse
1540 2056 1631 2125 dicat,
1652 2055 1731 2110 illud
1748 2072 1783 2110 eu
1801 2071 1844 2110 me

146 2143 278 2215 temporis
296 2142 409 2207 factum,
426 2148 458 2196 ut
474 2157 493 2195 s
509 2139 690 2210 scriptoribus
709 2139 902 2195 eeclesissticis
921 2146 981 2194 tun·
1009 2144 1115 2211 diecot,
1137 2147 1214 2214 proed
1232 2144 1426 2215 apostolorum
1443 2150 1579 2212 tempore,
1598 2159 1660 2195 cum
1677 2141 1799 2196 ecclesio
1817 2149 1844 2195 et

149 2229 211 2285 dem
228 2228 406 2299 reciperetur,
424 2226 496 2280 sicut
510 2224 619 2280 Gallico
636 2225 746 2280 nomine
757 2225 890 2294 templum
903 2241 982 2279 vocs·
1007 2229 1204 2300 spiritualibus
1231 2231 1335 2301 pretiis
1358 2229 1517 2282 abundaret
1543 2235 1569 2280 et
1595 2225 1669 2280 ritae
1690 2227 1844 2295 splendore

148 2319 195 2369 tur
214 2313 309 2384 eglise,
329 2319 358 2367 et
369 2311 566 2368 Germanicum
584 2311 678 2381 litut,
697 2317 755 2365 turn
772 2327 822 2381 pro
839 2311 901 2381 ipss
917 2327 981 2365 con·
1008 2317 1149 2385 afflueret,
1166 2315 1248 2370 nullo
1265 2315 1369 2386 templu
1387 2321 1476 2382 eram,
1494 2320 1525 2366 at
1541 2319 1640 2367 nostra
1657 2313 1763 2382 templo
1775 2313 1844 2383 plns

146 2400 309 2472 gregstione
326 2399 459 2467 fidelium,
476 2403 535 2454 tum
554 2415 604 2470 pro
624 2398 685 2453 loco
698 2396 922 2469 congregationis
935 2413 982 2451 sc-
1009 2419 1093 2472 psam
1112 2419 1171 2471 par
1188 2402 1238 2470 eit,
1269 2407 1405 2456 exornato
1423 2406 1500 2468 sunt,
1529 2398 1648 2453 ecclesia
1666 2407 1776 2467 maem,
1810 2415 1845 2453 ne

146 2485 257 2557 cipitur.
292 2485 325 2539 In
344 2486 408 2555 jure
433 2484 566 2540 canonico
592 2484 610 2538 l.
630 2490 654 2540 3.
675 2483 806 2541 curcul.
824 2483 921 2539 titulus
940 2488 982 2538 40.
1009 2488 1079 2559 quid
1102 2487 1219 2555 prosim
1242 2487 1352 2556 ιιίιααι,
1382 2486 1570 2560 κωμῳδεῖται,
1600 2485 1714 2539 comicis
1732 2485 1845 2540 canillis

145 2571 207 2644 egit
223 2571 258 2627 de
277 2571 485 2626 consecratione
503 2571 646 2625 eccleciae.
676 2569 718 2624 tit.
738 2576 780 2626 48.
805 2572 841 2623 de
858 2570 983 2624 coelestes
1008 2574 1163 2628 ιασαιιιιια.
1200 2573 1264 2642 Epo
1281 2588 1347 2628 uero
1365 2570 1479 2627 simili
1497 2572 1575 2640 optio
1595 2572 1722 2639 doruur,
1741 2578 1845 2642 tempo·

148 2657 338 2727 aedificandis
365 2657 408 2711 oet
439 2657 625 2726 reparandis,
655 2655 705 2710 ubi
730 2655 906 2710 menifestum
933 2661 983 2720 est,
1008 2660 1088 2713 rilm
1104 2659 1164 2713 illis
1183 2659 1274 2724 fuisse
1291 2658 1418 2722 mallem,
1441 2658 1472 2712 in
1489 2658 1589 2726 quibus
1607 2657 1711 2726 templa
1731 2658 1846 2727 quidem

147 2760 249 2800 nomen
267 2742 400 2798 ecclesiae
419 2741 507 2813 sccipi
526 2759 577 2813 pro
595 2741 665 2798 sede
683 2757 776 2810 sucre,
801 2741 830 2794 in
847 2757 903 2811 qus
919 2758 982 2811 per·
1008 2764 1065 2800 non
1082 2746 1205 2814 perinde
1228 2751 1330 2799 σιασισ
1357 2752 1453 2813 eram,
1482 2741 1600 2798 ecclesie
1627 2749 1719 2797 artem
1738 2743 1845 2797 ἀισιιιιι

147 2829 273 2886 ticulsris
296 2828 392 2900 ulique
413 2827 532 2884 ecclesis
548 2828 585 2882 sd
605 2827 731 2882 suditnm
749 2826 828 2883 verbi
845 2833 874 2881 et
892 2826 982 2881 cultus
1009 2850 1043 2885 oc
1076 2831 1239 2886 coelestibus
1261 2831 1363 2899 pretiis
1391 2829 1514 2899 undique
1540 2828 1633 2882 cincta
1656 2835 1683 2882 et
1708 2828 1845 2883 redimita

149 2914 403 2973 diviniexsrcitium
413 2915 547 2970 convenit.
565 2912 688 2970 Hebrsei
697 2916 798 2968 vocent
808 2901 902 2985 15ᾌῖ11,
913 2914 982 2979 niu,
1009 2925 1085 2985 pras,
1108 2934 1192 2987 poam
1217 2918 1261 2971 bis
1283 2917 1402 2985 nostres,
1434 2916 1465 2968 in
1485 2914 1585 2985 puilm
1610 2915 1715 2984 templa
1731 2904 1847 2984 q'uidem

148 3005 262 3059 domm
281 3001 518 3073 praedicationis.
559 3000 638 3055 Haec
661 2997 829 3072 significatio
855 2998 982 3054 vocabuli
1010 3004 1098 3057 omnis
1121 3002 1232 3071 pencris
1250 3001 1439 3056 marmoribus
1456 3002 1636 3055 cohonestatc
1654 3007 1733 3068 sunt,
1760 3001 1846 3054 eccle

148 3089 283 3145 ecclesiae
311 3088 432 3144 occurrit
462 3087 545 3142 etiem
570 3087 600 3140 in
627 3083 808 3157 scriptoribus
835 3084 982 3141 veteribus.
1009 3090 1054 3145 sia
1085 3096 1177 3142 autem
1205 3087 1400 3157 spiritualibus
1427 3087 1487 3140 iltis
1512 3086 1617 3153 pretiis
1645 3087 1724 3140 nuda
1751 3093 1796 3140 est
1820 3094 1846 3140 et

148 3174 285 3231 Eusebius
311 3173 360 3230 lib.
388 3178 412 3228 3.
439 3172 475 3228 de
500 3172 560 3227 vite
587 3171 680 3228 Const.
707 3187 767 3242 esp.
795 3177 837 3228 41.
863 3188 897 3225 ex
913 3188 982 3227 vers.
1008 3192 1107 3230 vacuo.
1147 3173 1225 3229 Hsec
1249 3173 1342 3228 omnis
1364 3171 1519 3240 Pelusiots,
1540 3187 1614 3242 ‚quse
1637 3170 1735 3227 merito
1760 3186 1846 3242 oppo-

149 3258 353 3331 Ohristophori:
377 3260 541 3329 Imperator
569 3258 769 3313 Constantinus
801 3258 832 3311 in
858 3254 984 3311 omnilu's
1010 3265 1113 3314 nuntur
1139 3257 1292 3315 Pontificiis
1311 3257 1425 3314 Eusebii
1448 3255 1523 3310 illius
1542 3255 1667 3328 vestigfis
1684 3256 1778 3312 sdhuc
1795 3257 1843 3313 bo·

145 3347 301 3418 prouinciis
319 3347 454 3401 ecclesias
469 3362 557 3398 nouas
568 3344 816 3414 exstruniteaspue
826 3343 983 3414 fecitprio-
1010 3346 1054 3401 dic
1092 3344 1292 3400 insistentibus.
1353 3343 1424 3399 (lum
1457 3341 1615 3397 Pelusiotae
1655 3341 1843 3413 disputatione

148 3433 226 3487 stuc
248 3434 330 3501 lonpe
351 3431 592 3500 praestabiliores.
631 3429 808 3501 Augustinus
827 3428 905 3500 epist.
928 3435 983 3484 151.
1009 3431 1138 3487 convenit
1157 3430 1227 3485 illud
1247 3428 1345 3500 Cyrilli
1366 3427 1546 3485 Alexandrini
1570 3426 1618 3483 lib.
1636 3433 1662 3482 4.
1680 3428 1710 3481 iu
1726 3428 1841 3483 Essiam

150 3518 317 3573 circumda
333 3516 915 3586 simtoppeltomurecclesiarcharum,
928 3534 984 3584 qua
1009 3523 1078 3573 oret.
1096 3523 1129 3572 t:
1161 3515 1230 3570 (lum
1247 3515 1393 3569 ecclesium
1410 3515 1542 3582 dicimus,
1562 3531 1618 3567 non
1636 3514 1769 3568 cirmini
1785 3533 1845 3569 mu·

151 3605 305 3658 continetur
309 3603 443 3673 populus,
458 3603 508 3672 qui
515 3620 577 3657 cere
587 3602 750 3672 appellatur
760 3602 886 3672 ecclesia,
898 3609 928 3655 ut
937 3619 985 3656 no·
1009 3620 1105 3657 rorum
1121 3602 1176 3656 uim
1192 3602 1277 3672 liujus
1297 3600 1432 3655 dictionis
1450 3600 1706 3662 accommodamus,
1732 3601 1785 3653 sed
1798 3602 1844 3670 pi·

151 3690 224 3744 mine
238 3689 380 3756 ecclesiae,
390 3689 410 3744 i.
418 3705 442 3744 e.
449 3688 561 3758 populi,
571 3688 621 3756 qui
629 3688 790 3756 continetur,
799 3689 986 3758 sipnificemus
1010 3708 1089 3746 orum
1103 3690 1201 3759 potius
1218 3690 1248 3743 in
1266 3705 1300 3742 ea
1316 3685 1520 3742 multitudinem
1537 3685 1744 3740 ισιισιιιιιιιιαιιι
1759 3688 1845 3756 sipni-

151 3774 458 3844 lotum,quicontinet,·
476 3775 517 3826 ita
530 3775 609 3842 quod
621 3773 734 3826 animae
748 3774 911 3843 corporibus
921 3792 985 3829 con·
1010 3779 1135 3841 ficamus.
1180 3775 1249 3830 Inde
1273 3772 1354 3829 Gerr.
1381 3774 1417 3828 de
1436 3777 1535 3844 potest
1554 3770 1651 3827 eccles.
1670 3773 1774 3828 consid.
1797 3779 1842 3829 13:

66 3859 986 3929 11.t.tinenturintellipicorporafiliorumpernomtnutasanimas
1011 3864 1077 3917 Non
1098 3862 1216 3916 ιιιαιιιιιν
1241 3860 1359 3915 ecclesia
1380 3876 1437 3928 pro
1461 3857 1564 3927 templo
1581 3859 1740 3924 materiali,
1770 3863 1846 3928 quod

145 3956 276 4019 possunt.
297 3946 344 4002 lib.
364 3952 387 4002 2.
407 3946 442 4001 de
459 3944 512 4000 civ.
524 3943 578 4000 Dei
588 3949 705 4014 cept&
725 3945 833 4014 Populi
845 3947 987 4015 confluunt
1010 3951 1163 4020 aedificare
1180 3949 1279 4004 melius
1293 3954 1386 4018 potest
1398 3947 1520 4000 latomus
1532 3963 1615 4014 quum
1627 3945 1779 4016 tleolopus,
1794 3948 1846 4001 sed

151 4037 194 4090 ad
202 4034 334 4090 ecclesias
349 4040 429 4088 casto
441 4031 609 4096 celebritate,
621 4031 737 4084 locuto
748 4032 986 4101 utrimquesecus
1011 4037 1207 4091 consideratur
1226 4034 1361 4097 ecclesia,
1382 4039 1412 4085 ut
1430 4038 1471 4086 eet
1489 4031 1618 4085 instituta
1632 4048 1652 4083 a
1668 4031 1780 4090 Chresto
1800 4051 1844 4086 ια-

151 4120 328 4189 discretione,
346 4124 397 4175 etc.
435 4117 490 4174 Sed
506 4116 623 4189 quilibet
633 4115 717 4184 videt,
736 4116 808 4171 hsnc
821 4118 984 4188 appellatio·
1007 4140 1062 4194 per
1077 4131 1190 4193 petram
1203 4123 1285 4192 fidei.
1321 4117 1505 4175 Bellurminus
1520 4117 1566 4172 lib.
1582 4124 1605 4172 3.
1618 4117 1743 4173 decultu
1756 4127 1844 4174 sanct.

149 4226 212 4264 nem
233 4223 294 4263 esse
312 4204 490 4276 improprium
510 4209 538 4258 et
555 4201 787 4275 καταχρηστικήν,
814 4202 879 4258 iude
896 4202 984 4259 Isido·
1011 4228 1034 4268 c.
1060 4217 1083 4265 4.
1106 4207 1135 4281 ἓ.
1154 4208 1275 4263 secundo
1294 4206 1411 4274 probsre
1428 4211 1558 4273 conetur,
1582 4203 1759 4258 Christianos
1777 4223 1844 4275 apo-

149 4311 197 4349 rus
212 4291 355 4348 Pelusiots
373 4287 563 4361 chrysostomi
580 4289 742 4359 discipulus,
764 4288 811 4360 qui
833 4289 983 4362 Augustini
1009 4297 1144 4350 stolorum
1162 4293 1330 4367 temporibus
1347 4291 1477 4345 latuisse
1494 4291 1639 4361 temptas
1653 4291 1776 4360 priuatis
1795 4295 1844 4348 dc-

150 4379 305 4454 σύγχρονος
321 4377 376 4434 fuit
394 4394 427 4432 ec
446 4376 530 4447 poulo
542 4380 606 4447 post
618 4375 768 4448 Augustini
786 4382 902 4432 mortem
918 4377 984 4432 scri·
1010 4381 1098 4435 miles
1110 4381 1254 4448 distincta,
1270 4381 1419 4447 eodemus
1431 4377 1565 4432 ecclesias
1579 4378 1669 4442 fuisse
1681 4378 1845 4446 appellatc;

148 4467 204 4539 ptis
228 4465 341 4530 claruit,
363 4464 436 4518 hunc
462 4461 583 4518 nominis
607 4461 838 4533 significationem
861 4480 894 4518 ex
922 4482 983 4535 pro·
1011 4484 1066 4539 quo
1084 4465 1140 4521 fine
1157 4465 1272 4521 adducit
1290 4464 1380 4519 locum
1402 4469 1422 4518 1.
1441 4463 1502 4519 Cor.
1526 4469 1564 4527 11,
1583 4481 1608 4516 ι.
1630 4467 1675 4519 ts:
1710 4462 1843 4519 Conueni-

148 4553 222 4609 iesso
250 4551 353 4607 refellit
373 4550 423 4606 lib.
448 4555 472 4605 2.
500 4549 579 4620 epist.
605 4554 664 4605 246.
687 4566 713 4620 p.
741 4554 801 4606 210.
821 4549 887 4604 edit.
922 4550 983 4605 Rit-
1009 4554 1116 4608 entibus
1135 4552 1210 4608 uotis
1229 4551 1259 4605 in
1278 4550 1425 4605 ecclesiam
1444 4553 1473 4605 et
1490 4566 1514 4605 c.
1536 4555 1575 4617 14,
1592 4566 1619 4605 v.
1638 4553 1683 4605 35:
1703 4549 1843 4603 Mulieres

149 4639 232 4695 tersh.
276 4638 380 4692 Discat
407 4635 517 4707 (inquit)
540 4636 681 4690 Eusebius
703 4636 911 4690 Pelusiotaoum
934 4655 983 4690 an·
1009 4642 1039 4694 tn
1057 4640 1182 4695 ecclesiis
1202 4645 1319 4692 taceant.
1356 4636 1412 4693 Sed
1431 4652 1475 4691 res
1493 4634 1705 4708 ipss'ostendit,
1723 4651 1779 4690 non
1797 4653 1842 4690 se·

149 4725 241 4792 tietes,
266 4724 336 4793 quid
358 4723 395 4776 sit
421 4722 547 4776 ecclesia.
587 4723 641 4776 Est
658 4721 983 4794 enimalsurdissimsun
1008 4725 1131 4781 dificium
1149 4723 1254 4794 templi,
1273 4724 1321 4779 sed
1341 4723 1429 4797 ipsum
1446 4724 1542 4796 populi
1558 4721 1706 4777 Christiani
1725 4738 1839 4795 congre-

150 4818 176 4864 st
194 4827 334 4880 perquam
355 4825 454 4878 proce,
482 4809 574 4878 speum
591 4823 624 4860 ne
643 4807 695 4861 loc
715 4807 828 4877 quidem
845 4810 982 4877 capnitum
1008 4811 1147 4883 gationem
1177 4809 1234 4865 sire
1260 4810 1420 4865 concionem
1442 4809 1576 4866 ecclesius
1600 4808 1711 4863 nomine
1738 4809 1842 4864 utrobi-

34 4966 38 4973 ι
149 4897 294 4951 latentem
311 4896 341 4948 in
360 4895 413 4948 lac
433 4894 564 4963 opinione
579 4893 703 4958 curari,
726 4900 756 4947 αι
775 4893 935 4964 episcopum
952 4913 981 4950 se
1008 4913 1062 4969 que
1086 4894 1214 4966 intelligi.
1253 4897 1294 4953 Ut
1312 4897 1384 4952 enim
1404 4913 1438 4952 ex
1457 4897 1536 4952 Actis
1555 4894 1712 4967 apostolicis
1731 4901 1759 4950 ct
1776 4896 1841 4951 scri·

150 4999 208 5037 esse
229 4983 370 5038 existimet.
400 4983 476 5035 Nam
494 4983 741 5050 puodsonetorom
754 4986 983 5037 coetuseureeta
1008 4981 1133 5054 ptoribus
1157 4982 1353 5039 vetustioribus
1382 4981 1509 5055 adeoque
1531 5001 1564 5038 ex
1585 4981 1743 5038 Pelusiotae
1766 4983 1842 5038 testi-

148 5071 207 5133 fide
230 5075 312 5138 atque
333 5069 441 5139 optima
458 5068 569 5122 uiuendi
583 5067 695 5121 ratione
714 5067 847 5121 collectus
865 5069 983 5123 ecclesia
1007 5067 1098 5123 monio
1122 5068 1204 5124 modo
1229 5069 1313 5125 ulleto
1337 5074 1459 5141 constet,
1484 5067 1633 5125 chruueni
1655 5067 1843 5141 apostolorum

150 5155 201 5224 sit,
225 5155 299 5209 inter
316 5170 363 5210 ecs
382 5162 504 5222 constat,
530 5154 580 5224 qui
603 5154 771 5223 sapientiam
790 5156 982 5222 depustorunt.
1006 5160 1129 5224 tempore
1152 5154 1274 5211 nondum
1295 5155 1453 5211 habuerunt
1467 5152 1581 5226 publice
1597 5155 1716 5227 templs,
1745 5156 1842 5212 sedin

149 5241 238 5303 lluod
259 5247 352 5296 autom
372 5242 424 5298 ills
447 5239 716 5309 loeipnoransrip
735 5238 983 5309 interludentes
1006 5239 1120 5312 privetis
1150 5241 1277 5298 domibus
1305 5244 1501 5298 convenerunt
1539 5237 1656 5296 Romen
1684 5246 1729 5304 16,
1752 5259 1779 5295 v.
1799 5247 1840 5299 23.

150 5343 223 5396 eom,
241 5341 312 5398 psas
328 5343 392 5383 cere
415 5336 455 5383 eet
473 5328 596 5397 melesio,
615 5335 729 5398 euertat,
750 5328 817 5380 dum
831 5328 981 5393 maleses-
1006 5327 1147 5399 spostolus
1180 5327 1279 5398 Csjum
1318 5331 1400 5382 voest
1436 5339 1518 5378 suum
1555 5328 1584 5379 et
1619 5329 1666 5393 τῆς
1698 5327 1842 5395 lustretur

149 5414 293 5485 smdicuti
319 5430 434 5469 causam
456 5415 592 5486 praeiet,
620 5414 650 5470 τὸ
678 5413 710 5469 st
734 5411 980 5490 ικκιησιασιήριαν,
1007 5412 1070 5478 διας
1096 5413 1247 5485 hospitem,
1272 5405 1472 5485 proculdubio
1492 5406 1559 5480 quis
1575 5409 1604 5466 iu
1622 5411 1739 5467 sedibus
1756 5411 1841 5485 hujus
