4004 6022
126 128 186 191 208
718 122 839 181 LOCUS
856 120 1059 181 woestuus
1077 120 1221 180 PRIMUS

124 278 276 343 nuntiatio:
302 284 327 335 2.
350 284 527 349 peccatorum
548 277 726 347 condonatio,
749 284 773 335 3.
799 276 864 334 fidei
883 274 952 333 obsi·
986 277 1021 333 de
1047 279 1149 349 poenit.
1176 296 1198 333 o.
1223 283 1253 333 3:
1281 278 1498 349 Quotiescunque
1521 286 1640 349 peecata
1668 276 1820 351 matur,

125 367 237 439 gnati03
260 372 284 421 4.
302 364 454 436 spiritualis
473 382 535 420 cum
555 363 665 418 Christo
682 363 831 436 copulatio.
865 363 958 419 Minus
985 365 1112 433 corporis
1135 366 1196 433 ojus
1222 372 1428 419 sacromentum
1452 364 1600 434 mamimus,
1627 373 1658 419 ut
1678 384 1732 436 per
1755 384 1820 422 san·

125 451 307 525 principales:
337 457 359 506 l.
379 451 497 506 foederis
517 450 546 504 in
565 449 703 520 baptismo
723 449 784 504 initi
804 452 958 519 renovatio;
983 450 1095 517 quinem
1120 451 1183 521 ejus
1207 454 1258 515 fiat
1277 460 1456 521 peccatoram
1478 452 1614 508 remissio.
1655 450 1767 525 Haymo
1790 453 1819 507 in

127 544 152 597 2.
171 538 207 594 ad
231 539 406 594 dilectionem
424 537 478 591 Dei
502 542 530 590 et
555 535 673 607 proximi
692 536 836 607 excitati03
866 543 890 595 3.
909 556 957 610 pa·
985 536 1086 593 Psalm.
1113 542 1157 593 tt:
1184 539 1248 592 Non
1269 538 1359 591 solum
1384 539 1533 594 Dominico
1560 556 1678 609 corpore
1701 557 1721 592 a
1739 541 1818 594 uitiis

126 624 240 681 tientiae
257 631 285 681 et
302 625 361 696 spei
383 622 566 687 confirmatio;
587 630 609 677 1.
624 624 830 678 resurrectionis
848 630 958 679 nostrae
984 626 1166 693 mundamur,
1190 624 1337 678 uirtutibus
1360 625 1514 694 replemur,
1540 626 1593 678 scd
1617 625 1700 680 etiam
1718 635 1819 681 cosdra

125 710 297 779 testificatio;
323 718 346 767 5.
366 710 438 764 seria
455 709 528 763 vitae
546 708 718 779 emendati03
737 715 762 766 6.
780 708 958 767 confessionis
985 727 1091 763 omnem
1111 712 1331 778 persecutionem
1358 717 1553 768 mutentamur.
1591 710 1641 766 lvo
1664 711 1744 782 epist
1770 717 1817 767 43:

126 797 288 869 publicatio.
297 797 328 831 *⁴²
986 794 1096 865 Corpus
1120 804 1145 849 et
1164 796 1280 867 sanpro’s
1299 798 1418 851 Domini
1436 806 1501 851 sunt
1518 805 1632 852 nostroe
1653 799 1818 852 reconcilio-

162 889 221 941 tlt.
258 882 383 939 Ducendi
410 899 496 938 causa
522 881 590 938 fines
608 881 791 938 eucharistiae
811 882 958 939 constitue·
986 881 1070 933 tionis
1093 890 1271 937 sacramento
1295 891 1322 937 et
1345 883 1491 937 resinarum
1514 892 1672 937 nostrorum
1696 885 1818 937 medico-

128 987 189 1025 mus
221 967 363 1041 duplices,
399 968 565 1041 principales
602 974 630 1023 et
661 968 751 1023 minus
783 969 959 1041 principales.
985 976 1077 1022 rnenta
1095 971 1303 1039 adadensium,
1328 968 1489 1036 bibendum,
1512 970 1542 1023 s'n
1559 970 1607 1023 sui
1624 988 1819 1025 commemora·

127 1055 299 1129 Principalea
327 1060 407 1112 sunt:
443 1063 463 1111 1.
483 1055 647 1127 Obsignotio
671 1056 859 1125 promissionis
878 1073 958 1111 evan-
985 1054 1087 1108 tionem
1097 1055 1268 1122 sumendam
1287 1056 1680 1127 aasipotnoomnsnctaso.”
1710 1054 1819 1129 Grego-

128 1142 234 1216 gelieae
262 1143 296 1197 de
323 1142 484 1199 remissione
508 1150 685 1214 peccatorum
710 1148 738 1197 et
759 1141 823 1196 fidei
849 1150 959 1198 nostrae
986 1139 1043 1194 rius
1060 1139 1088 1194 in
1109 1140 1182 1196 hom.
1202 1140 1327 1212 paschali
1344 1147 1372 1196 et
1390 1141 1492 1196 citatur
1509 1159 1533 1196 c.
1563 1140 1637 1207 Quid
1654 1142 1819 1215 aitsanguia
1833 1151 1914 1195 Lata

93 1256 97 1261 ·
128 1228 314 1297 confirmati03
334 1234 359 1286 2.
378 1228 470 1284 insitio
487 1228 516 1281 in
536 1228 675 1283 Christum
695 1236 723 1283 et
741 1228 892 1298 spiritualis
909 1248 959 1284 nu·
986 1227 1048 1284 dist.
1076 1232 1099 1283 t.
1125 1228 1159 1283 de
1183 1237 1346 1285 consecrat:
1385 1230 1543 1283 Providens
1568 1230 1709 1284 Dominus
1736 1230 1819 1285 dedit

127 1315 202 1371 tritio
221 1316 259 1370 ad
275 1314 360 1370 vitam
379 1322 526 1372 aeternam.
561 1314 608 1407 qld
633 1313 683 1368 hos
708 1313 775 1370 fines
792 1315 959 1386 principales
986 1312 1133 1368 nobishoc
1152 1324 1355 1370 sacramentum
1374 1316 1489 1384 salutis,
1512 1323 1542 1369 ut
1566 1314 1634 1386 quia
1658 1333 1710 1370 nos
1728 1316 1819 1386 quoti-

128 1402 266 1457 accedunt
283 1402 372 1457 minus
389 1400 557 1473 principales
575 1402 742 1471 complures,
766 1419 835 1473 quos
854 1403 959 1475 erposi-
986 1400 1033 1454 die
1057 1418 1205 1471 peccamus
1230 1411 1255 1456 et
1285 1403 1334 1457 ille
1356 1403 1421 1472 jam
1450 1402 1523 1456 mori
1548 1420 1603 1456 non
1628 1410 1735 1472 potest,
1763 1420 1819 1473 per·

126 1488 163 1543 tis
180 1490 258 1561 priua
276 1489 476 1561 principalibus
495 1489 590 1545 ordine
611 1496 708 1559 postea
726 1488 959 1560 percensebimus.
986 1488 1065 1540 istud
1089 1498 1291 1542 sacramentum
1312 1497 1492 1558 peccatorum
1516 1487 1706 1542 remissionem
1725 1506 1818 1544 conss·

127 1574 221 1631 Primo
239 1575 370 1645 dicimus,
395 1574 588 1630 eucharistiam
614 1575 666 1630 hoc
684 1575 739 1630 fine
757 1592 775 1630 a
792 1576 902 1631 Christo
919 1577 959 1631 in·
986 1591 1113 1644 quamue.
1148 1573 1224 1638 Quas
1252 1591 1316 1630 vero
1337 1573 1502 1645 praestigias
1526 1574 1600 1629 circa
1626 1575 1699 1630 huno
1717 1575 1818 1646 princi-

127 1662 252 1719 stitutum
271 1668 300 1717 et
317 1679 334 1715 a
353 1679 417 1717 vere
435 1661 611 1717 credentibus
630 1662 683 1716 hoe
700 1660 756 1718 line
773 1664 909 1733 usurpari,
928 1672 959 1717 ut
985 1659 1076 1731 palem
1096 1659 1279 1716 eucharistiae
1297 1660 1380 1715 finem
1401 1661 1434 1716 de
1452 1660 1637 1732 applicatione
1649 1662 1817 1717 remissionis

13 1798 15 1808 .
71 1804 77 1817 ,
128 1747 289 1821 evangelica
308 1749 342 1803 de
360 1747 518 1802 remissione
537 1754 714 1820 peecatorum
731 1750 876 1819 promissio
891 1750 958 1821 ipsis
985 1752 1161 1816 peccatorum
1185 1752 1213 1802 et
1238 1744 1302 1801 fidei
1321 1746 1528 1802 confirmatione
1546 1746 1729 1803 Bellarmiuus
1747 1748 1817 1803 veri·

126 1834 292 1907 obsignatur
310 1841 338 1889 et
356 1834 409 1888 hae
429 1833 534 1888 ratione
554 1833 622 1889 fides
640 1834 762 1906 ipsorum
774 1834 958 1909 confirmetur,
985 1832 1036 1887 tati
1055 1831 1190 1901 offundat,
1206 1832 1363 1888 videbimus
1382 1833 1504 1889 inferius.
1539 1840 1562 1889 2.
1575 1833 1722 1889 Promissio
1735 1851 1816 1889 evan·

127 1918 176 1993 qui
193 1927 235 1975 est
251 1919 326 1993 prior
343 1918 406 1973 finis
423 1919 606 1975 eucharistiae
623 1919 799 1991 principalis,
820 1922 856 1975 ad
875 1940 956 1994 quem
984 1918 1064 1991 gelli,
1095 1920 1171 1989 quod
1196 1919 1300 1984 omnis,
1330 1922 1379 1990 qui
1405 1922 1434 1974 in
1462 1921 1602 1975 Christum
1628 1922 1733 1991 credit,
1760 1940 1817 1975 non

125 2004 265 2078 pertinent
289 2013 434 2078 sequentes
453 2006 695 2061 corrsiderationes.
734 2015 757 2065 1.
776 2009 878 2064 Sacrae
898 2010 956 2065 lite·
979 2014 1093 2075 pier-cot,
1128 2008 1179 2061 scd
1206 2006 1307 2059 lrabeat
1334 2007 1420 2060 odom
1448 2014 1607 2077 aeternam,
1636 2014 1678 2062 eat
1704 2006 1816 2079 quidem

125 2106 173 2147 rae
190 2088 294 2163 passim
314 2098 459 2161 testantur,
478 2092 552 2163 quod
571 2091 698 2147 Christus
716 2110 815 2165 corpus
833 2112 913 2149 suum
928 2097 956 2150 in
985 2091 1161 2159 universalis,
1184 2092 1294 2147 interim
1314 2100 1420 2161 tamen,
1445 2093 1511 2165 quia
1535 2093 1633 2149 anxiae
1652 2097 1680 2147 et
1698 2092 1816 2164 peccati,

124 2261 272 2320 tradiderit
297 2272 325 2321 et
347 2265 511 2337 sanguinem
535 2282 615 2319 saum
638 2266 668 2320 in
687 2268 874 2323 remissionem
891 2287 955 2342 pee-
984 2265 1169 2321 conscientias
1190 2264 1301 2337 saepius
1324 2266 1464 2337 dubitant,
1489 2283 1525 2322 an
1547 2266 1584 2322 ad
1608 2284 1638 2324 se
1658 2284 1767 2339 quoque
1787 2267 1818 2321 in

125 2354 250 2407 uterum
267 2360 422 2407 nmtrorum
441 2350 578 2407 effuderit.
613 2351 675 2407 Hoc
698 2372 834 2409 sunimum
853 2356 956 2411 redem-
984 2351 1127 2406 individuo
1156 2351 1224 2407 haee
1255 2351 1399 2423 promissio
1428 2352 1579 2424 pertineat,
1610 2359 1643 2408 ut
1669 2368 1735 2408 sera
1760 2350 1817 2407 fide

124 2436 208 2493 tlonls
233 2444 345 2495 noemae
372 2440 506 2510 pretium,
535 2438 588 2495 hoc
613 2445 655 2496 est
679 2459 774 2496 vorum
800 2460 881 2497 suum
899 2461 957 2499 cor·
985 2455 1075 2493 coram
1094 2437 1148 2493 Dei
1169 2438 1275 2510 judicio
1299 2438 1395 2495 eadem
1414 2439 1465 2493 niti
1486 2456 1570 2511 aeque
1589 2444 1685 2494 contm
1703 2455 1816 2494 accusa·

125 2532 312 2597 propropter
335 2532 457 2581 nostram
485 2526 682 2583 redemtionem
710 2528 738 2583 in
764 2536 879 2584 mortem
903 2536 956 2585 tra·
985 2526 1086 2580 tionem
1106 2524 1189 2596 legis,
1215 2525 1323 2595 peccati
1342 2529 1371 2580 et
1390 2525 1509 2582 Satanae
1528 2543 1562 2581 ea
1580 2526 1686 2600 erigere
1704 2530 1816 2597 queant,

126 2611 214 2668 ditum
250 2618 278 2668 et
314 2629 409 2668 verum
449 2630 529 2666 suum
564 2614 728 2687 sanguinem
763 2623 877 2686 propter
910 2634 956 2670 no·
985 2611 1047 2666 ideo
1066 2610 1191 2667 Christus
1209 2611 1277 2682 ipsis
1297 2610 1326 2664 in
1345 2611 1489 2667 individuo
1502 2611 1815 2685 corpusctsanguiucm

125 2704 211 2755 stram
246 2698 443 2755 redemtionem
479 2698 508 2753 in
536 2716 585 2753 ara
614 2701 704 2755 erucis
734 2701 853 2756 effusum
881 2702 956 2758 Chri·
985 2716 1064 2752 suum
1094 2696 1248 2768 distribuit,
1281 2703 1313 2752 ut
1341 2710 1472 2770 tauquam
1501 2698 1515 2752 ὁ
1544 2694 1652 2774 pigisse
1679 2698 1695 2753 ὁ
1722 2697 1817 2760 πιστός

125 2792 185 2843 stus
218 2784 248 2842 in
286 2803 367 2841 saera
404 2802 491 2841 coena
528 2786 667 2841 mediante
707 2786 853 2843 benedicto
884 2806 957 2860 pane
985 2784 1072 2855 Apoa.
1097 2790 1124 2849 l,
1147 2802 1172 2837 v.
1195 2789 1218 2839 5.
1244 2787 1342 2838 contra
1364 2800 1457 2839 omnes
1474 2782 1612 2839 variamur
1631 2785 1816 2841 tentationum

125 2878 155 2930 et
169 2872 234 2929 rino
251 2872 331 2928 uobis
354 2872 448 2941 offert,
474 2872 587 2928 exhibet
611 2880 639 2927 et
657 2872 811 2939 distribuit,
840 2881 872 2929 ut
887 2874 957 2930 fides
985 2871 1101 2925 insultus
1120 2870 1195 2941 ipsos
1214 2870 1365 2937 confirmet,
1385 2871 1459 2943 quod
1473 2889 1536 2927 vere
1558 2871 1595 2927 ad
1612 2871 1687 2943 ipsos
1706 2887 1817 2946 quoqne

124 2966 220 3017 nostra
239 2958 274 3015 de
297 2958 457 3015 remissione
476 2965 653 3030 peecatorum
673 2956 798 3031 gratuita*
817 2958 956 3016 confirme—
985 2957 1122 3029 evangelii
1145 2957 1290 3028 promissio
1312 2964 1340 3013 et
1362 2956 1436 3014 bona
1459 2960 1487 3013 in
1507 2958 1605 3014 eadem
1622 2957 1717 3013 oblata
1734 2960 1816 3030 perti·

125 3050 179 3103 tur.
214 3042 288 3111 Quia
307 3046 380 3101 enim
399 3044 470 3099 illud
488 3045 579 3117 ipsum
596 3043 698 3101 Christi
715 3061 816 3118 corpus
842 3064 891 3116 pro
910 3064 958 3101 no·
985 3049 1083 3112 noant,
1110 3061 1172 3098 cum
1190 3060 1313 3115 corpore
1336 3043 1439 3100 Christi
1467 3045 1495 3100 in
1524 3050 1639 3101 mortem
1663 3044 1766 3101 tradito
1789 3054 1818 3102 et

125 3130 170 3189 blo
199 3130 229 3187 ln
253 3138 368 3187 mortem
391 3122 525 3187 traditum
548 3130 688 3187 mediante
713 3131 860 3187 benedicto
886 3150 957 3203 pane
985 3131 1120 3202 sanguine
1138 3132 1197 3201 ejus
1217 3148 1266 3201 pro
1286 3131 1409 3202 peccatis
1428 3130 1516 3187 effuso
1546 3133 1629 3204 (quae
1652 3137 1717 3186 sunt
1734 3148 1816 3189 cvan-

126 3219 325 3275 manducamus
344 3224 371 3273 et
389 3218 466 3273 illum
484 3217 575 3289 ipsum
595 3216 697 3273 Christi
716 3219 893 3291 sanguinem,
911 3220 957 3291 qui
985 3215 1091 3288 gelicae
1116 3216 1304 3289 promissionis
1323 3215 1385 3272 fons
1403 3223 1431 3272 at
1449 3216 1670 3286 fundamentum)
1690 3216 1719 3271 in
1738 3235 1818 3275 sacra

126 3324 177 3377 pro
194 3306 318 3377 peccatis
337 3304 438 3359 nostris
455 3304 560 3359 effusus
580 3310 631 3369 est,
648 3305 788 3360 mediante
806 3304 869 3359 rino
888 3305 958 3361 bibi·
985 3319 1071 3358 coena
1095 3302 1221 3358 cibantur
1247 3308 1290 3356 aa¹
1308 3308 1447 3373 potentur.
1483 3302 1562 3359 Haec
1586 3302 1738 3360 consolatio
1754 3322 1817 3376 pro·

127 3406 196 3461 mus,
215 3391 280 3448 inde
298 3390 367 3446 certi
384 3390 534 3457 reddimur,
553 3390 628 3462 quod
646 3408 679 3445 ex
697 3391 789 3463 gratia
805 3390 956 3463 perfidem
986 3389 1098 3460 ponitur
1116 3388 1145 3443 in
1163 3388 1217 3443 illis
1237 3387 1328 3443 verbis
1346 3388 1540 3459 institutionis,
1562 3390 1673 3462 qnando
1692 3388 1817 3445 Christus

126 3476 207 3533 nobis
230 3476 380 3541 donentur,
405 3494 587 3549 quaecunque
607 3477 754 3534 traditione
773 3478 816 3533 sui
835 3478 957 3551 corporis
985 3476 1067 3531 dicit:
1088 3476 1230 3545 Accipite,
1251 3476 1434 3542 manducate,
1454 3477 1544 3531 bibite.
1580 3476 1653 3544 Quia
1671 3476 1743 3533 enim
1763 3476 1817 3531 sin·

127 3570 156 3621 et
176 3562 309 3619 effusione
328 3563 371 3617 sui
389 3564 532 3635 sauguinis
552 3563 654 3619 Christi
673 3564 703 3619 in
721 3582 768 3619 ara
787 3566 877 3620 crucis
894 3582 957 3636 pro·
984 3562 1064 3633 gulos
1090 3560 1216 3616 Christus
1240 3561 1323 3633 jubet
1352 3562 1518 3619 manducare
1551 3580 1630 3618 suum
1661 3580 1761 3637 corpus
1790 3571 1819 3619 et

126 3650 239 3720 meruit,
264 3666 335 3721 quae
353 3655 417 3703 sunt
435 3648 557 3705 remissio
576 3658 767 3722 peccatorum,
794 3651 885 3723 gratia
903 3650 956 3705 Dei
984 3648 1080 3704 bibere
1106 3666 1186 3703 suum
1212 3647 1388 3720 sanguinem,
1418 3648 1481 3704 ideo
1506 3650 1541 3704 ad
1567 3668 1661 3705 omnes
1683 3650 1819 3708 beneficia

127 3743 156 3792 et
173 3735 232 3791 vita
248 3740 368 3793 actara.
405 3735 482 3790 Haec
501 3752 608 3790 summa
626 3736 776 3791 consolatio
795 3736 957 3808 proponitur
984 3734 1122 3806 evangelii
1152 3752 1203 3790 sua
1233 3735 1362 3807 passione
1392 3752 1425 3791 ac
1454 3744 1541 3791 morte
1571 3744 1652 3808 parta
1679 3737 1818 3809 pertinere

126 3822 156 3878 in
174 3822 241 3895 ipsis
255 3822 348 3879 serbis
362 3822 550 3888 institutionis,
568 3823 680 3895 quando
692 3822 818 3878 Christus
830 3829 957 3879 notanter
984 3826 1111 3878 testatum.
1146 3821 1216 3876 Inde
1234 3821 1382 3894 Philippus
1401 3822 1430 3876 in
1448 3838 1536 3879 exam.
1555 3829 1629 3878 recte
1646 3822 1724 3893 dicit,
1741 3823 1817 3895 quod

127 3908 211 3965 dicit:
240 3910 383 3979 Accipite,
401 3911 584 3980 sisanducatc,
609 3910 661 3963 hoo
682 3918 721 3963 est
740 3929 841 3980 corpus
860 3929 957 3977 mmrm,
984 3926 1072 3965 coena
1091 3908 1203 3963 Domini
1227 3908 1264 3961 sit
1284 3911 1471 3963 testimonium
1493 3910 1630 3965 exhibitae
1655 3919 1681 3966 ct
1704 3911 1747 3964 ad
1762 3912 1818 3965 ss'n·

126 3998 205 4067 quod
219 4014 275 4066 pro
292 3997 369 4050 vobis
388 3997 474 4049 datur
494 4004 518 4048 ct
529 3996 703 4066 sranpitur5
727 3997 822 4061 bibite,
849 3997 900 4050 loo
918 4006 956 4050 est
984 3998 1066 4066 pulos
1087 3996 1251 4067 applicatae
1270 3996 1470 4065 promissionis
1488 3998 1672 4067 eoanpelicaa
1710 3996 1818 4054 &Cor-

126 4083 242 4153 sasspm's
259 4098 343 4152 meus,
363 4082 483 4151 quipse
502 4083 577 4136 sobre
596 4083 750 4153 effunditur
770 4084 800 4136 in
818 4084 1037 4179 remissio-'pua
1057 4088 1182 4137 nostrum
1203 4088 1245 4137 est
1269 4082 1381 4159 νεκρόν,
1408 4084 1493 4137 morti
1516 4086 1676 4154 obnoxium,
1697 4094 1818 4156 propter

126 4186 188 4224 nam
211 4174 400 4239 parmarum.
436 4167 600 4222 Ambrosius
624 4168 653 4222 id
677 4168 768 4240 ipsum
796 4164 902 4241 colligit
925 4186 957 4224 ex
982 4179 1126 4242 peerotnm
1146 4168 1225 4224 Rom.
1243 4174 1274 4235 8,
1296 4189 1323 4225 v.
1342 4177 1381 4227 10.
1401 4173 1479 4241 qnod
1494 4173 1524 4226 in
1543 4173 1636 4243 nohis,
1658 4174 1710 4227 lsoc
1727 4181 1767 4227 cst
1788 4174 1817 4227 in

127 4252 219 4311 serbis
245 4252 363 4327 apostoli
393 4260 413 4310 1.
438 4254 500 4309 Cor.
530 4258 576 4323 11,
604 4271 629 4307 v.
655 4259 704 4309 td:
738 4255 958 4326 Quotiescunque
986 4276 1070 4313 carna
1087 4265 1198 4325 nostra,
1219 4256 1311 4310 adlsnc
1330 4258 1447 4329 satiras,
1466 4256 1544 4315 Rom.
1564 4265 1592 4329 l,
1610 4278 1637 4317 r.
1657 4265 1695 4316 ll.
1712 4267 1740 4313 et
1756 4260 1819 4329 lapi

127 4340 335 4397 manducabitis
348 4356 451 4411 panem
468 4340 540 4393 buno
558 4348 585 4394 et
606 4342 723 4395 calicem
745 4343 857 4412 bibetis,
886 4361 958 4397 mor-
986 4347 1084 4399 neentis
1108 4351 1220 4398 nostrae
1239 4352 1389 4414 repupnot,
1414 4362 1440 4401 v,
1460 4350 1502 4401 2³.
1530 4347 1599 4401 adeo
1618 4352 1649 4401 ut
1666 4362 1716 4401 aas
1735 4346 1817 4402 etiam

128 4437 183 4484 tsm
200 4426 321 4483 Domini
337 4426 551 4495 arinnntiahitis,
576 4428 665 4481 donec
681 4428 791 4497 renim,-
823 4430 863 4485 sic
886 4430 958 4485 enim
985 4432 1065 4488 feriat
1082 4429 1131 4486 illa
1150 4428 1296 4495 sententia,
1318 4434 1340 4484 1.
1358 4428 1421 4485 Cor.
1444 4436 1482 4500 15,
1500 4450 1525 4487 v.
1546 4439 1592 4490 50:
1614 4430 1689 4486 Coro
1710 4441 1736 4487 et
1752 4452 1817 4487 san·

119 4512 225 4571 'scribit
249 4513 298 4572 lib.
319 4521 343 4570 4.
368 4514 403 4569 de
428 4512 606 4568 sacramentis
629 4531 653 4569 c.
673 4519 697 4569 o.
716 4520 780 4569 tom.
800 4521 824 4571 4.
843 4533 871 4587 p.
891 4523 958 4575 440:
984 4519 1047 4587 puis
1077 4536 1132 4571 non
1163 4515 1379 4569 haereditabant
1407 4534 1521 4587 rcpnam
1549 4520 1617 4576 Dei.
1663 4518 1705 4575 Na
1733 4518 1817 4587 igitur

130 4600 351 4675 Quotiescunque
374 4600 540 4671 accipimus,
569 4609 683 4654 mortem
709 4602 828 4655 Domini
852 4621 957 4657 annun·
984 4612 1098 4676 propter
1123 4607 1269 4675 peecatum
1293 4600 1322 4656 iu
1345 4620 1427 4659 carne
1452 4612 1547 4660 nostra
1573 4603 1664 4659 adhuc
1687 4603 1816 4660 habitans

127 4689 239 4747 &mua
276 4688 311 4744 Si
329 4696 444 4744 niortem
461 4686 671 4750 annuruiamus,
699 4689 898 4744 annuntiamus
917 4708 959 4744 ro·
984 4698 1013 4747 et
1036 4697 1149 4763 propter
1172 4687 1244 4743 hano
1263 4697 1412 4746 extremam
1432 4699 1552 4747 nostram
1570 4691 1707 4749 miseriam
1725 4692 1815 4745 animo

127 4774 284 4831 missionem
295 4784 484 4847 peccatoram.
522 4774 557 4828 Si
573 4775 787 4843 quotiescunque
803 4778 958 4845 effunditur
984 4776 1064 4834 nimia
1082 4775 1252 4846 dejiciamur,
1272 4776 1334 4832 ideo
1346 4778 1472 4834 Christus
1484 4783 1610 4833 sunctum
1623 4795 1703 4832 suum
1716 4794 1815 4849 corpus

127 4862 253 4933 sanquis,
271 4863 302 4917 irs
319 4862 508 4917 remissionem
522 4868 704 4931 peccatorum
725 4860 886 4932 effunditur,
910 4864 958 4918 ds·
984 4865 1020 4919 ab
1035 4863 1107 4916 omni
1122 4862 1255 4919 fermento
1265 4867 1372 4937 peccati
1382 4866 1499 4923 liberum
1510 4870 1539 4919 et
1550 4864 1724 4935 impollutum
1736 4882 1816 4919 suum

128 4950 177 5003 beo
198 4948 280 5003 illuns
296 4964 405 5021 suaper
422 4948 562 5019 accipere,
581 4955 612 5001 ut
632 4964 739 5018 sempor
757 4948 826 5002 aiibi
841 4958 958 5019 pecccata
983 4949 1146 5021 sanguinem
1178 4952 1239 5023 (per
1269 4971 1341 5025 quae
1372 4955 1402 5009 in
1433 4968 1483 5007 ara
1510 4949 1599 5004 crucis
1628 4951 1814 5007 remissionem

128 5034 313 5092 dimittantur.
338 5036 388 5093 lib.
406 5042 431 5093 5.
448 5036 482 5092 de
500 5052 614 5092 sacram.
633 5052 656 5089 o.
671 5040 694 5091 3.
710 5053 737 5108 p.
750 5040 814 5091 tlt:
835 5008 1158 5108 anesin-lpeeesmrum
1176 5042 1204 5093 et
1222 5037 1339 5095 salutem
1357 5048 1497 5095 aeternam
1514 5034 1593 5090 nobis
1606 5037 1726 5108 peperit)
1739 5055 1814 5093 man-

127 5134 235 5193 easque
258 5121 343 5193 oua,
369 5124 559 5180 remissionem
576 5130 759 5193 peccatorum
782 5123 902 5195 accipis,
931 5134 958 5185 et
982 5122 1140 5179 ducandum
1158 5142 1192 5181 ao
1208 5124 1360 5181 bibendum
1377 5124 1407 5181 in
1424 5137 1504 5177 sacra
1523 5138 1610 5178 coena
1627 5124 1708 5180 nobis
1723 5124 1815 5195 offert,

127 5208 280 5264 inebriaris
304 5206 459 5280 Spiritus.
494 5208 618 5265 “taem
637 5210 801 5265 Ambrosius
817 5208 865 5266 lib.
881 5216 905 5265 4.
923 5194 958 5267 de
981 5208 1167 5281 recogitatio
1185 5211 1221 5267 ds
1238 5210 1404 5277 infirmitate,
1422 5205 1589 5277 indignitate
1609 5210 1812 5281 etimpuritate

128 5308 244 5353 msam.
262 5310 286 5351 a.
306 5300 334 5351 δε
362 5296 416 5359 Qui
432 5299 642 5353 manducaverit
660 5298 711 5352 hoc
730 5314 846 5366 corpus,
857 5298 911 5365 Jiat
931 5296 1091 5393 eiquoatrae
1115 5298 1206 5353 carnia
1230 5294 1314 5350 fidem
1331 5296 1436 5351 evertat
1453 5299 1502 5344 aut
1521 5292 1688 5364 labefactet,
1713 5295 1763 5349 ssd
1780 5302 1812 5351 ut

127 5382 255 5441 nsaism‘o
271 5389 449 5453 peccatorum
469 5391 495 5435 st
510 5404 565 5438 sion
586 5386 735 5439 innectitur
757 5382 786 5436 in
806 5389 955 5439 ostensam.
982 5380 1048 5437 certi
1074 5382 1172 5453 simus,
1203 5380 1388 5450 impuritatem
1413 5380 1523 5430 noemae
1542 5379 1632 5434 carnis
1649 5380 1810 5437 umbraculo
