4004 6022
84 250 101 277 ο
174 222 234 283 452
379 268 387 281 ,
734 210 856 268 Locus
873 207 1076 266 vscssluus
1094 207 1293 267 SECUNDUS

61 414 76 431 ‚
173 386 247 423 nane
255 377 296 422 est
306 369 336 420 in
345 368 471 422 eccbsie.
492 367 524 421 in
531 368 662 436 jurecan.
669 372 738 436 part.
749 363 840 421 1.dist.
849 369 890 419 65.
899 380 922 417 c.
930 369 954 419 2.
964 363 1025 433 de}
1076 368 1136 419 202.
1171 364 1213 417 Ex
1233 363 1335 434 quibas
1349 363 1477 418 omnibus
1490 362 1634 418 infirmitas
1647 361 1805 434 argumenti
1813 359 1878 416 Rel-

173 453 262 511 cernit
275 453 419 519 hiartiuus,
434 455 462 507 in
480 453 660 506 ordinatione
678 450 805 520 episcopi
822 466 914 503 omnes
930 450 1011 502 illias
1023 453 1025 535 4
1038 449 1204 519 larminiani,
1223 450 1298 521 quod
1314 467 1348 505 ex
1366 449 1442 506 hisce
1454 449 1658 521 hypothesibus
1670 449 1747 516 texit,
1767 441 1877 519 umido

173 540 338 610 provinciae
352 541 514 592 sacerdotes
529 538 745 591 edanensem.
772 535 847 604 Ergo
860 552 915 589 non
927 533 1161 621 habe-lapparet.
1204 543 1224 591 l.
1254 535 1394 592 Lathffius
1420 535 1563 590 ordinatus
1593 534 1647 590 suit
1673 535 1822 606 presbyter
1850 539 1879 587 et

174 632 221 680 tur
238 625 282 679 lex
303 624 439 696 quaedam
459 622 623 678 universalis
641 627 670 676 et
689 621 842 676 uniformis.
875 620 1024 697 Provocati
1038 620 1159 691 legitime
1185 628 1299 676 vocatus
1318 622 1413 675 estad
1433 627 1604 692 pastoratum
1623 619 1877 690 Witebergensem,

177 712 296 781 denique
310 709 493 764 bellarminus
512 709 547 762 ad
566 707 658 763 locum
673 714 694 762 l.
707 707 778 760 Tim.
792 715 817 773 4,
835 725 862 763 v.
878 712 921 761 tt:
941 705 1011 759 Noti
1022 702 1025 777 l
1037 708 1128 775 potuit
1153 707 1239 778 igitar
1262 709 1317 761 ritu
1344 708 1496 778 apostolico
1514 724 1577 762 cam
1597 707 1653 761 suis
1674 706 1703 759 in
1723 706 1878 760 ministerio

175 797 319 866 neplipere
336 798 466 863 qratiam,
486 811 559 863 qaae
577 796 606 847 in
626 803 651 847 te
671 802 719 861 est,
738 787 809 860 qnae
823 795 893 846 data
907 791 1011 844 esttibi
1023 782 1151 865 lcollegis
1183 810 1233 862 per
1263 793 1466 862 impositionem
1490 811 1621 848 manuum
1647 791 1715 846 alios
1738 791 1877 848 ordinare.
1890 800 1964 842 nco

176 899 237 935 mam
262 883 440 950 impositione
464 898 594 933 crannum
615 878 800 948 presbyterii;
828 896 861 932 ex
879 895 934 949 quo
952 875 1011 931 effi·
1037 881 1061 931 2.
1083 876 1227 931 Ordinatio
1252 895 1301 948 per
1325 886 1381 933 tres
1407 879 1550 949 episcopos
1574 886 1692 933 nonest
1712 877 1876 948 simpliciter

175 983 236 1022 cere
260 974 390 1034 conatur,
414 982 474 1021 esse
493 966 671 1036 apostolicam
694 965 878 1026 sanctionem,
900 963 1011 1018 sedhic
1038 968 1066 1016 et
1083 964 1207 1018 absolute
1225 966 1394 1034 necessaria,
1415 965 1556 1036 quianon
1577 972 1620 1019 est
1637 964 1745 1019 sanctio
1766 968 1877 1032 aposto·

176 1053 253 1108 locus
267 1053 429 1107 adversatur
438 1048 492 1121 ipsi
501 1051 544 1105 vel
555 1052 682 1119 maxime,
694 1050 815 1104 ostendit
827 1049 908 1113 enim,
920 1049 1012 1103 Timo·
1038 1047 1104 1116 lica,
1128 1049 1178 1104 sed
1204 1051 1364 1105 constitutio
1390 1044 1588 1107 ecclbsiastica.
1624 1049 1735 1105 Sufficit
1752 1056 1784 1103 ut
1801 1063 1877 1118 pres·

176 1137 243 1194 theo
265 1137 350 1192 fuisse
374 1154 471 1190 manus
492 1135 634 1206 impositas
653 1153 671 1189 a
688 1135 878 1206 presbyterio,
900 1135 952 1188 hoc
971 1140 1013 1187 est
1038 1132 1177 1204 byterium
1203 1152 1301 1190 manus
1319 1136 1444 1206 imponat
1463 1137 1616 1191 ordinando
1636 1137 1672 1190 ad
1693 1134 1877 1189 ministerium

177 1244 196 1279 a
223 1226 436 1294 conprepatione
452 1230 615 1293 pasturam,
643 1231 674 1277 ut
697 1223 810 1293 exponit
827 1221 1013 1291 Hieronymus
1039 1220 1254 1275 ecclesiasticum
1275 1221 1398 1292 legitime
1417 1229 1523 1289 vocato,
1544 1238 1577 1276 ea
1596 1222 1669 1276 enim
1681 1222 1790 1275 ratione
1802 1236 1876 1290 pres·

178 1327 197 1363 a
214 1311 382 1372 connectio,
402 1315 434 1363 ut
451 1314 563 1363 vertunt
580 1307 739 1373 Remenses,
754 1309 814 1377 jam
832 1324 897 1361 vero
917 1307 1012 1360 adver·
1039 1306 1130 1376 hyteri
1147 1307 1176 1360 in
1193 1307 1312 1362 ecclesia
1329 1308 1480 1378 apostolica
1498 1315 1563 1362 sant
1587 1307 1721 1371 ordinati,
1748 1307 1814 1360 Act
1838 1312 1877 1371 ts,

177 1396 242 1451 sarii
267 1396 376 1464 volunt,
401 1395 538 1465 episcopis
563 1394 699 1447 duntaxat
721 1399 878 1463 competere
894 1400 1012 1463 potesta-
1038 1409 1064 1448 r.
1086 1398 1127 1449 23.
1161 1398 1184 1447 1.
1202 1392 1273 1446 Tim.
1295 1399 1319 1460 t,
1343 1400 1380 1448 ts.
1417 1399 1442 1450 3.
1459 1392 1530 1448 dure
1549 1392 1643 1447 divino
1663 1392 1783 1464 quilibet
1801 1408 1876 1461 pres·

177 1489 233 1536 tem
252 1481 408 1537 ordinandi.
443 1480 607 1549 Respondet
626 1479 824 1545 Bellarminus,
846 1479 1015 1548 presbyterii
1040 1477 1122 1546 byter
1146 1485 1189 1532 est
1214 1479 1296 1533 etiam
1319 1479 1478 1548 episcopus,
1504 1478 1578 1550 quod
1597 1477 1670 1533 enim
1688 1476 1877 1532 Bellnrminus

176 1567 286 1623 nemisse
304 1568 385 1632 apud
401 1566 526 1618 Pandam
545 1565 669 1634 tnntttpt
688 1573 793 1618 coetum
811 1565 1013 1633 episcoporum,
1039 1562 1086 1617 lib.
1116 1571 1137 1618 l.
1164 1564 1198 1618 de
1222 1564 1331 1618 clericis
1355 1582 1379 1620 c.
1400 1571 1439 1621 15.
1457 1564 1569 1632 scribit,
1593 1572 1716 1633 tempore
1734 1564 1877 1633 apostolo·

177 1656 227 1724 qui
248 1654 332 1707 siccat
359 1671 419 1706 mam
444 1652 595 1704 ordinante
615 1669 714 1704 manw
734 1651 911 1719 imponebant
930 1668 1014 1718 snper
1039 1668 1100 1702 mam
1120 1653 1235 1704 nemim
1255 1637 1381 1720 episcopi
1398 1651 1596 1720 etpresbyteri
1611 1652 1702 1714 fnisse
1717 1650 1877 1704 communia

177 1749 262 1810 capnt
298 1739 470 1802 ordinandi,
509 1736 584 1807 quod
613 1737 713 1806 probat
742 1754 774 1791 ex
806 1736 1011 1806 chrysostomo,
1038 1737 1232 1790 sacerdotibus
1256 1744 1312 1790 tam
1339 1738 1496 1805 majoribus
1514 1753 1599 1805 msam
1616 1736 1784 1798 minoribus,
1810 1736 1876 1789 licet

176 1825 389 1896 Theophyiacto
413 1829 442 1878 et
469 1823 644 1879 Oecumenio.
687 1822 775 1893 Atqui
797 1822 866 1876 illud
890 1822 972 1876 facile
997 1838 1013 1875 a
1038 1840 1083 1875 res
1108 1824 1188 1892 ipsae
1208 1832 1233 1877 et
1248 1832 1403 1893 potestates
1422 1832 1511 1877 essem
1530 1823 1695 1890 distinctae,
1719 1821 1790 1876 illud
1809 1821 1875 1875 dici·

177 1913 257 1968 nobis
281 1911 458 1977 conceditur,
485 1911 508 1963 si
533 1926 632 1963 nomen
650 1910 841 1979 episcoporum
861 1908 1014 1978 accipiatur
1039 1914 1085 1962 tur
1101 1910 1189 1980 gratis
1207 1917 1236 1964 et
1253 1909 1360 1979 absque
1378 1909 1547 1980 probatione,
1565 1909 1680 1962 comissa
1698 1915 1764 1961 nant
1781 1925 1875 1960 reram

177 1999 270 2070 phrasi
296 1996 447 2068 apostolica
472 1997 506 2051 de
528 1995 660 2050 ecclesiae
679 1994 824 2057 ministris,
845 2010 901 2047 non
921 2000 1012 2048 autem
1039 2001 1121 2047 notae
1147 2003 1173 2047 et
1199 1997 1339 2063 symbola,
1365 1996 1387 2049 si
1415 2012 1481 2066 ergo
1505 1994 1589 2051 iidem
1608 1994 1742 2064 appellati
1764 1993 1877 2048 meunt

180 2084 276 2155 phrasi
288 2081 436 2138 Pontificia
454 2082 489 2136 dc
507 2081 611 2136 talibus
630 2081 776 2151 episcopis,
794 2080 840 2152 qui
855 2080 1012 2134 distinctam
1040 2081 1195 2151 presbyteri
1215 2086 1244 2136 et
1260 2082 1398 2152 episcopi,
1426 2081 1522 2152 utique
1541 2080 1624 2135 etiam
1645 2085 1801 2151 potestates
1822 2096 1876 2133 non

177 2169 283 2224 habeut
311 2173 476 2239 potestatem
502 2174 529 2220 et
549 2166 770 2236 jurisdictionem
797 2183 814 2219 a
836 2164 1013 2235 presbyteris.
1039 2164 1153 2221 fuerunt
1177 2168 1332 2223 distinctae.
1375 2166 1504 2222 Ostendit
1528 2167 1580 2221 hoc
1605 2182 1648 2221 res
1673 2167 1742 2235 ipsa.
1781 2166 1877 2233 Hajns

177 2256 242 2310 Act.
271 2261 318 2317 2⁰,
343 2272 368 2307 v.
394 2260 432 2308 tt.
451 2253 570 2307 accersit
587 2252 730 2322 apostolus
749 2252 883 2306 ecclesiae
899 2250 1014 2321 Ephesi·
1040 2254 1085 2305 rei
1109 2254 1204 2320 pratia
1230 2253 1336 2322 retiqai
1358 2261 1383 2306 te
1414 2253 1527 2316 Ονοιαε,
1554 2250 1651 2307 scribit
1673 2250 1817 2322 apostolus
1841 2250 1877 2302 ad

178 2357 230 2396 nae
248 2340 438 2412 presbyteros,
462 2356 530 2410 quos
549 2338 618 2392 dicit
635 2355 653 2390 c
673 2338 784 2406 Spiritu
803 2345 898 2391 sanato
915 2337 1014 2390 consc-
1040 2338 1134 2393 Titum
1159 2356 1183 2393 c.
1213 2346 1239 2406 l,
1265 2358 1289 2395 v.
1315 2347 1339 2393 5.
1364 2347 1395 2392 at
1414 2340 1568 2393 constituas
1581 2355 1637 2407 per
1654 2339 1782 2390 civitates
1795 2353 1877 2405 pres·

173 2433 252 2482 tutos
277 2427 429 2495 episcopos.
467 2423 571 2488 Quodsi
599 2425 721 2494 episcopi
743 2439 843 2477 nomen
861 2422 1015 2492 accipiatur
1041 2426 1166 2494 bpteros;
1185 2443 1209 2477 v.
1229 2432 1257 2480 b:
1274 2428 1300 2478 ai
1318 2427 1382 2494 qais
1398 2427 1459 2479 sine
1476 2425 1593 2478 erimine
1613 2432 1661 2491 est,
1678 2423 1764 2476 ansas
1780 2422 1878 2475 acoris

179 2513 272 2587 phrasi
290 2509 451 2579 Pontificia,
470 2526 641 2581 consequens
660 2509 756 2571 fuerit,
777 2510 805 2562 in
824 2524 880 2562 una
901 2506 1014 2561 civitate
1040 2513 1083 2562 air
1101 2517 1153 2564 etc.
1173 2519 1270 2580 postea
1288 2510 1434 2581 subjungit
1453 2529 1478 2564 v.
1501 2516 1531 2563 t:
1552 2517 1660 2578 oportet
1679 2511 1752 2562 enim
1769 2511 1875 2578 episco-

179 2599 265 2655 tuisse
284 2598 378 2668 plures
398 2596 555 2667 episcopos,
583 2596 658 2667 quod
680 2595 763 2664 juxta
786 2593 908 2664 ipsorum
926 2592 1013 2663 hypo·
1037 2615 1106 2666 pam
1136 2613 1196 2650 esse
1223 2599 1284 2651 sine
1314 2598 1430 2649 crimine
1460 2597 1532 2649 simet
1559 2595 1618 2649 Dei
1643 2596 1877 2664 dispensatorem.

179 2684 271 2741 theses
290 2700 424 2754 perquam
444 2688 486 2737 est
503 2681 662 2743 absurdum,
682 2680 730 2733 sed
749 2679 844 2749 phrasi
862 2678 1015 2749 apostolica
1041 2683 1138 2754 Finge,
1157 2683 1238 2737 aliam
1258 2689 1421 2753 potestatem
1439 2682 1525 2737 fnisse
1539 2680 1775 2752 presbyteromm,
1794 2681 1880 2736 aliam

179 2769 331 2825 obeundum
350 2785 406 2822 ¹1⁰ss
425 2775 475 2831 cst
493 2767 559 2837 quia
574 2767 656 2837 juxis
676 2783 736 2821 com
755 2765 838 2821 iidem
856 2772 920 2820 sunt
940 2782 1014 2835 pres·
1041 2770 1247 2839 episcoporum,
1281 2787 1336 2825 nou
1363 2768 1502 2823 constabit
1529 2766 1616 2822 textui
1643 2767 1800 2838 apostolico
1826 2785 1878 2822 saa

179 2855 270 2927 hyteri
295 2861 322 2910 et
346 2854 470 2923 episcopi
495 2851 564 2905 Phil.
594 2858 621 2918 1,
648 2870 671 2906 v.
695 2859 714 2904 1.
749 2851 805 2904 Tit.
828 2857 854 2918 1,
874 2869 899 2905 v.
921 2858 943 2906 5.
962 2857 1013 2905 etc.
1040 2857 1180 2910 connexio.
1218 2855 1248 2908 Si
1271 2854 1327 2909 aha
1346 2855 1552 2926 episcoporum,
1579 2853 1634 2908 alia
1650 2852 1877 2923 presbyterorum

179 2940 301 2997 Michael
319 2939 432 2994 Medinat
450 2939 566 3009 scriptor
583 2938 686 3007 alioqui
700 2936 862 2991 Pontificius
880 2936 928 2989 lib.
945 2943 965 2991 l.
979 2936 1014 2989 de
1040 2941 1287 3012 possessoque
1306 2942 1389 2996 etiam
1409 2941 1481 2995 aliae
1500 2938 1586 2994 officii
1595 2944 1698 3009 partes,
1717 2939 1774 2999 alja
1785 2939 1875 3009 requi·

179 3043 319 3083 sacrorum
346 3024 487 3079 hominum
505 3023 575 3094 orig.
594 3028 622 3077 et
640 3022 741 3077 contin.
761 3039 786 3078 c.
808 3029 831 3076 5.
850 3023 906 3075 late
924 3028 1013 3075 osten·
1040 3027 1102 3094 sita,
1120 3043 1152 3080 ac
1170 3027 1285 3097 proinde
1304 3028 1387 3082 etiam
1400 3028 1510 3082 diversa
1523 3027 1557 3081 de
1570 3031 1751 3096 utrorumque
1763 3041 1877 3080 munere

179 3114 229 3182 dit,
249 3130 305 3167 aon
323 3112 415 3165 solnm
428 3111 637 3178 Hieronymum,
657 3109 804 3162 sedetiam
818 3109 1014 3177 Aapnstinam,
1041 3119 1198 3183 praecepta.
1232 3112 1297 3168 Jam
1310 3130 1374 3169 vero
1386 3113 1441 3167 Tit.
1458 3120 1480 3182 l,
1499 3131 1524 3167 v.
1539 3119 1564 3166 5.
1578 3113 1618 3167 uti
1633 3111 1716 3166 etiam
1735 3119 1756 3167 1.
1769 3111 1842 3167 ttn.
1852 3118 1877 3179 3,

180 3199 335 3260 sedaliam,
355 3197 535 3263 Prinassum,
556 3195 789 3261 Chrysostomnm,
805 3194 1014 3261 Theodoratnm,
1040 3218 1066 3256 v,
1083 3207 1107 3255 2,
1126 3199 1222 3253 endem
1242 3199 1467 3270 praescribuntur
1484 3199 1623 3269 episeopis
1644 3202 1673 3252 et
1689 3197 1875 3268 presbyter-iu

180 3285 374 3340 Oecameniam
395 3292 421 3336 ct
440 3281 678 3350 theophylactum
696 3287 829 3346 natrsere,
856 3281 932 3348 qnod
949 3286 1013 3331 tcm-
1044 3292 1064 3341 l.
1085 3285 1156 3339 Tim.
1175 3290 1200 3352 t,
1221 3303 1245 3339 v.
1268 3291 1306 3340 14.
1326 3284 1471 3339 Timoth00
1491 3284 1647 3355 Ephesiuae
1668 3283 1802 3338 ecclesiae
1820 3283 1876 3353 cpi·

174 3387 248 3440 pore
269 3369 462 3437 apostolorum
481 3368 555 3421 idem
571 3366 661 3430 fucrit
673 3365 829 3432 Presbyter,
849 3364 899 3434 qai
910 3365 1013 3433 episco·
1041 3389 1124 3442 scopo
1142 3370 1244 3424 dicitur
1261 3371 1356 3438 pratia
1375 3373 1458 3434 data,
1484 3371 1537 3424 hoc
1556 3375 1599 3424 est
1617 3369 1739 3424 citimum
1757 3369 1875 3424 docendi

176 3475 240 3528 pne,
260 3472 331 3528 quae
351 3453 488 3508 sententia
507 3450 671 3522 Hieronymi
691 3457 719 3505 et
737 3450 864 3505 Medinae
879 3450 1014 3521 approba·
1041 3457 1228 3521 commissum,
1251 3473 1305 3525 per
1329 3457 1532 3526 impositionem
1550 3475 1683 3510 mannam
1696 3456 1874 3524 presbyterii.

179 3549 226 3598 tur
250 3541 362 3610 injure
384 3538 517 3593 canonico
540 3543 611 3607 part.
633 3543 654 3591 1.
674 3553 699 3590 c.
719 3544 741 3591 5.
762 3535 824 3591 dist
846 3543 887 3592 95.
909 3551 1015 3606 nosque
1041 3543 1116 3612 Ergo
1147 3543 1293 3612 episcopus
1323 3546 1416 3612 potest
1442 3541 1562 3596 ordinari
1587 3559 1604 3594 a
1627 3541 1812 3612 presbyteris,
1844 3547 1876 3594 ut

181 3628 210 3682 id
234 3645 267 3682 ex
291 3625 378 3680 sacris
404 3624 492 3677 literis
516 3639 565 3677 suo
590 3622 650 3677 loco
669 3622 861 3692 confirmatum
879 3621 1013 3677 dabimus.
1041 3628 1229 3698 Hieronymus
1247 3628 1276 3681 in
1294 3627 1373 3698 epist.
1394 3628 1429 3681 ad
1442 3628 1594 3698 Evagrium
1612 3634 1686 3683 recte
1707 3644 1741 3682 ex
1753 3628 1802 3682 illo
1816 3627 1876 3681 loco

181 3713 237 3771 Sed
256 3710 507 3768 conccdittandem
520 3709 580 3779 ipse
591 3707 784 3777 Bellarminus,
804 3710 949 3778 episcopos
960 3725 1015 3762 ooo
1042 3715 1156 3786 colligit.
1192 3715 1256 3771 Non
1272 3712 1394 3768 tollimus
1412 3715 1535 3768 ordinem
1554 3713 1627 3769 inter
1644 3714 1778 3769 ecclesiae
1798 3715 1876 3768 mini-

181 3815 240 3854 eest
262 3797 429 3867 dupliciter
447 3796 620 3849 neotericis
638 3796 667 3848 io
687 3796 866 3849 ordinatione
882 3794 1016 3863 episcopi,
1043 3809 1121 3865 atros,
1138 3801 1187 3855 sed
1206 3801 1354 3855 retinemus
1371 3800 1519 3855 discrimen
1539 3801 1612 3855 inter
1629 3802 1782 3871 episcopas,
1802 3816 1875 3871 pres-

180 3888 232 3940 ssd
256 3885 369 3938 abbates
391 3884 531 3951 insulatas
552 3898 637 3952 posse
654 3884 785 3951 supplere
803 3884 894 3937 locam
913 3883 1016 3951 episco-
1061 3894 1154 3957 yteros
1179 3892 1208 3940 et
1227 3887 1371 3953 diaconos,
1397 3885 1446 3940 sed
1470 3886 1552 3940 talem
1572 3886 1712 3957 quandum
1732 3886 1876 3955 potestatis

176 3988 281 4040 par-nm
305 3987 339 4023 ea
364 3970 575 4039 dispensatione
592 3976 712 4037 propter
730 3968 924 4036 episcoporum
941 3968 1016 4019 rori·
1042 3972 1248 4027 distinctionem
1266 3978 1294 4026 et
1312 3972 1368 4026 tale
1387 3971 1548 4039 discrimen,
1570 3972 1651 4042 quale
1671 3971 1813 4025 Pontificii
1830 3989 1875 4026 vo·

181 4065 273 4112 tatem
309 4056 455 4126 Agnoscat
473 4054 571 4125 igitur,
596 4069 630 4107 ex
653 4052 787 4106 ecclesiae
810 4051 1016 4119 consuetudine,
1042 4058 1113 4125 lunt,
1132 4074 1308 4129 nequaquam
1329 4057 1402 4111 inter
1419 4056 1479 4110 illos
1492 4057 1647 4111 statuimus.
1678 4057 1784 4122 Quodsi
1811 4074 1875 4128 ergo

181 4160 237 4198 non
260 4148 353 4197 autem
379 4156 412 4194 ex
437 4138 590 4209 apostolice
615 4138 757 4192 sanctione
786 4142 843 4192 tres
872 4137 1016 4208 episcopos
1042 4145 1188 4214 presbyter
1203 4144 1268 4213 jure
1286 4143 1380 4198 divino
1398 4150 1441 4198 est
1459 4144 1619 4214 episcopus,
1643 4151 1671 4198 et
1689 4160 1754 4198 vero
1772 4143 1875 4198 Luthc-

181 4229 291 4300 requiri.
332 4227 569 4297 Argumentamur
599 4230 693 4278 entem
714 4240 748 4277 ex
770 4223 947 4279 concessione
969 4223 1018 4277 ills
1042 4247 1089 4285 rus
1109 4248 1141 4285 ex
1160 4229 1332 4284 ordinatione
1349 4230 1492 4283 Romanae
1512 4229 1645 4285 ecclesiae
1656 4229 1710 4284 fuit
1720 4230 1875 4301 presbyter,

183 4313 343 4370 Bellarmini
373 4312 425 4367 hoc
455 4311 545 4365 modo.
594 4309 623 4362 Si
650 4315 692 4363 est
719 4308 844 4380 legitima
870 4310 1016 4372 ordinatio,
1043 4334 1110 4387 ergo
1129 4315 1265 4385 quidquid
1287 4322 1329 4369 est
1347 4315 1485 4386 episcopi,
1503 4315 1532 4368 id
1549 4316 1613 4384 J'ure
1631 4315 1724 4369 divino
1742 4316 1779 4370 ad
1798 4316 1875 4370 illam

183 4417 254 4471 quae
276 4399 310 4452 tit
334 4398 371 4454 ab
387 4398 517 4467 episcopo
533 4394 726 4466 praesentibus
748 4394 897 4449 abbatibus
915 4396 1015 4451 infula·
1041 4403 1169 4472 pertinet.
1205 4400 1285 4465 Quod
1310 4400 1382 4454 enim
1407 4400 1530 4470 episcopi
1553 4400 1725 4472 presbyteris
1745 4401 1773 4454 in
1790 4402 1874 4457 eccle

182 4487 227 4553 tis,
244 4484 340 4554 utique
359 4483 442 4538 etiam
461 4481 514 4536 erit
534 4480 657 4550 legitima
676 4480 822 4548 ordinatio,
842 4498 913 4551 quae
931 4482 963 4536 fit
979 4484 1015 4538 ab
1042 4490 1083 4543 sia
1102 4492 1167 4542 sunt
1184 4484 1313 4557 praelati,
1340 4486 1369 4539 id
1388 4486 1494 4540 factum
1512 4503 1544 4540 es
1562 4487 1734 4540 institutione
1754 4489 1875 4541 bumana

183 4572 313 4643 episcopo
340 4565 531 4639 praesentibus
557 4565 733 4636 presbyteris.
770 4567 853 4622 Ratio
871 4570 1020 4646 connexio·⁴
1039 4584 1104 4645 post
1123 4573 1314 4643 apostoloram
1332 4581 1458 4640 tempora
1478 4575 1519 4626 ad
1533 4573 1833 4638 tobenctascbismata,
1846 4581 1876 4628 at

183 4657 226 4711 nis
253 4662 295 4710 est
321 4653 480 4715 manifesta,
508 4652 574 4722 quia
599 4651 825 4723 presbyterorum
848 4655 1016 4713 officiumst
1043 4664 1124 4717 docet
1141 4660 1327 4730 Hieronymus
1347 4659 1375 4712 in
1395 4676 1418 4716 c.
1436 4665 1456 4714 l.
1478 4661 1557 4729 epist.
1577 4661 1613 4713 ad
1631 4660 1734 4714 Titum.
1776 4669 1801 4718 4.
1821 4663 1874 4720 No

182 4748 305 4813 potestas
323 4740 421 4794 nititur
437 4740 500 4810 jure
519 4739 621 4802 divino,
640 4739 689 4793 sed
707 4739 741 4794 de
753 4740 902 4796 abbatibus
917 4743 1015 4798 infula·
1041 4750 1090 4805 stri
1117 4745 1234 4801 ministri
1258 4744 1294 4799 ab
1319 4745 1435 4801 ecclesia
1455 4747 1536 4815 juxta
1554 4745 1707 4800 doctrinam
1732 4754 1759 4801 et
1778 4749 1874 4818 praxin

180 4829 217 4884 tis
242 4830 328 4883 altum
356 4828 384 4880 in
412 4825 562 4896 Scriptnris
590 4831 632 4880 est
660 4826 807 4881 silentium.
853 4835 876 4884 t.
898 4829 1015 4893 Quando
1041 4833 1227 4905 apostolorum
1245 4830 1368 4901 legitime
1389 4832 1479 4884 vocati
1496 4838 1524 4885 et
1543 4849 1560 4885 a
1577 4831 1750 4903 presbyterio
1765 4835 1875 4904 perim-

181 4923 274 4988 patres
291 4916 320 4969 in
341 4913 487 4969 haereticis
506 4912 666 4966 doctoribus
684 4912 823 4968 defectum
836 4915 1015 4970 successionis
1042 4919 1206 4992 positionem
1226 4934 1356 4972 manuum
1376 4934 1410 4970 ac
1427 4934 1523 4988 preces
1543 4918 1667 4988 legitime
1679 4919 1800 4975 ordinati
1812 4929 1875 4976 suut

182 5008 328 5071 accusant,
354 5001 505 5072 loquuntur
529 4998 720 5070 principaliter
747 5017 779 5054 ac
807 5001 956 5071 praecipue
981 5002 1016 5056 de
1043 5007 1098 5061 veri
1123 5004 1240 5057 ministri
1267 5019 1299 5056 ac
1317 5003 1374 5056 veri
1393 5003 1579 5072 apostolorum
1600 5021 1787 5068 successores,
1813 5007 1876 5062 licet

181 5088 355 5144 successione
374 5086 529 5149 doctrinali,
549 5093 581 5139 ut
600 5102 633 5140 ex
653 5086 736 5141 dictis
754 5087 876 5156 ipsorum
889 5088 1016 5157 superius
1042 5091 1078 5144 ab
1096 5089 1233 5161 episcopis
1253 5085 1403 5142 Pontificiis
1423 5104 1476 5142 nec
1496 5089 1669 5158 ordinentur,
1699 5107 1750 5144 nec
1770 5109 1875 5161 ungan-

180 5175 273 5229 allatis
289 5180 418 5228 constare
439 5178 538 5242 potest.
576 5172 706 5227 Incalem
726 5179 754 5227 et
767 5174 940 5243 personalem
955 5192 1015 5230 suc·
1041 5184 1100 5240 tar,
1123 5190 1174 5229 nec
1194 5173 1394 5229 confirmentur.
1431 5172 1474 5226 lili
1495 5174 1568 5227 enim
1585 5182 1781 5248 praeterquam
1802 5178 1875 5248 quod

180 5261 330 5314 cessionem
362 5260 443 5313 multi
473 5258 603 5313 haeretici
627 5259 680 5311 sihi
706 5259 854 5313 vendicare
879 5267 1016 5330 poterant,
1041 5262 1152 5316 nomine
1176 5261 1311 5315 duntaxat
1336 5261 1390 5314 sint
1408 5261 1530 5332 episcopi
1550 5262 1744 5331 ecclesiastici,
1768 5265 1876 5334 reipsa

180 5346 229 5399 sed
254 5346 321 5414 quia
343 5345 469 5399 doctrina
494 5346 601 5398 iliorum
621 5362 676 5398 non
696 5352 756 5398 erat
773 5346 938 5416 apostolica,
965 5364 1016 5417 pro
1043 5349 1179 5418 dynastae
1203 5347 1321 5417 politici,
1349 5349 1479 5418 quodque
1496 5347 1579 5402 fidem
1601 5349 1701 5403 Christi
1720 5355 1749 5403 et
1767 5358 1875 5420 aposto

180 5431 383 5486 successoribus
400 5432 587 5501 apostolorum
608 5432 721 5502 agnosci
741 5448 795 5484 nou
815 5439 971 5502 potuerunt.
1043 5434 1130 5488 loram
1148 5435 1296 5502 damnant,
1313 5450 1456 5504 nunquam
1473 5433 1567 5487 induci
1585 5435 1757 5505 potuissent,
1776 5441 1808 5489 ut
1827 5436 1875 5489 ali·
