4004 6022
789 275 1174 343 3333333-33333»,
1757 290 1805 357 re

122 424 269 479 rationem.
307 424 388 481 Idem
408 427 483 485 enim
503 427 725 505 33333313333333313Ι
743 429 856 485 additur
878 447 953 487 man·
981 431 1111 490 German.
1136 434 1173 491 de
1189 450 1243 489 neu
1261 432 1344 491 unius
1361 433 1464 506 speciei
1482 435 1511 489 in
1527 451 1605 493 33333
1623 451 1710 495 coena
1723 437 1807 506 jusu

122 509 264 566 1333313331
295 529 321 566 3.
347 517 396 571 lb:
435 511 653 586 declivemque
675 516 880 572 3333333αό113
899 536 953 587 po·
979 518 1098 590 episcop.
1117 525 1145 576 st
1163 519 1320 592 principum
1329 519 1670 579 RomenoOetboliecrum
1678 521 1806 580 11333313.

121 615 184 651 mem
200 599 280 666 333333,
294 607 407 655 mortem
416 601 536 656 Domini
548 603 759 658 ammsmiabs'tie.
784 602 867 658 Adde
878 604 953 674 quod
978 611 1125 662 33331565.
1143 606 1217 662 31133
1229 607 1314 664 1105.
1326 612 1386 664 301.
1398 607 1537 665 scribunt:
1557 608 1693 678 Officium
1703 609 1806 663 3313333

121 685 254 756 apostolis
272 686 377 743 dictum
393 687 443 743 eit:
467 690 530 743 Hoc
551 689 656 759 facite,
679 691 894 759 qnotieecstrque
912 692 950 745 bi·
977 698 1084 745 33333333
1107 711 1126 746 3
1145 692 1256 747 0331333
1280 694 1451 764 imetitsstnm,
1472 696 1508 749 dc
1532 694 1721 751 communione
1739 711 1805 751 3333

121 773 231 841 ieritis,
254 773 310 829 illie
329 790 396 848 erge
412 774 529 832 liberum
549 775 646 832 luisset
663 775 759 833 bibere
775 776 821 831 vel
836 791 892 832 uon
910 776 949 833 bi·
977 775 1115 831 laicorum
1144 778 1253 832 nullum
1278 779 1478 835 metitumcm
1503 798 1523 834 3
1550 778 1660 835 0331333
1682 781 1806 848 factust

119 858 184 915 bere
219 877 254 915 er
290 861 436 919 benedicte
464 862 568 933 calice3
598 863 673 935 qnod
702 862 862 919 absurdum.
910 863 950 920 Ut
976 862 1046 918 Itcm
1068 863 1088 919 1.
1109 869 1175 920 200:
1204 865 1285 929 Quod
1306 864 1405 921 33313333
1422 868 1640 922 communionem
1657 867 1804 938 3331333333,

118 946 229 1003 interim
259 946 329 1004 nihil
357 947 465 1005 dicetur
492 949 528 1005 13
556 965 604 1019 eo,
633 950 708 1021 qnod
736 949 873 1005 Pistorius
895 950 948 1006 sibi
976 951 1012 1005 de
1028 966 1063 1004 ec
1084 950 1224 1011 Christum
1242 951 1378 1007 31333333
1395 953 1468 1009 31331
1486 953 1650 1023 1333333133,
1666 954 1805 1011 uecordi·

119 1033 309 1089 contradicens
339 1033 424 1091 verba
451 1036 503 1090 bor
530 1036 621 1101 facite
654 1036 721 1092 alibi
752 1043 872 1108 exponat
899 1053 949 1108 per
973 1054 1071 1109 nosce,
1098 1036 1282 1108 peroratione
1305 1039 1388 1094 laicis
1415 1057 1501 1096 sucro
1524 1057 1611 1095 coena
1626 1040 1664 1097 rit
1683 1040 1805 1099 3313331ιί·

117 1118 271 1176 3333113333
292 1125 322 1177 et
341 1120 379 1175 ad
402 1121 541 1192 epoetolcs
560 1126 668 1179 33333333
685 1121 800 1189 3313333,
822 1139 856 1179 ec
874 1123 948 1195 quod
973 1126 1095 1178 33333313
1113 1129 1165 1181 etc.

116 1203 301 1263 Bellus-minus
339 1223 373 1263 ee
406 1208 572 1279 generaliter
602 1216 721 1280 exponat
751 1210 786 1265 de
821 1209 947 1265 omnibus
1008 1216 1049 1267 33.
1075 1209 1142 1282 Cep
1163 1217 1206 1268 27
1240 1210 1427 1268 Bellerminus
1451 1212 1506 1269 alie
1527 1211 1634 1269 reticue
1652 1212 1888 1286 infringeremus

116 1293 271 1350 uctionibus
288 1293 477 1365 apestolorum
495 1311 529 1349 sc
546 1302 674 1352 notanter
690 1295 806 1364 scribat,
836 1301 946 1367 aposto
972 1303 1088 1352 conatnr
1104 1302 1299 1369 argumentum
1317 1296 1353 1353 ab
1371 1297 1543 1353 iuetitutione
1556 1297 1658 1357 Christi
1676 1300 1803 1370 petitum
1815 1279 1929 1373 &121¹

117 1379 173 1435 lum
200 1398 258 1437 non
284 1382 450 1454 restringere
467 1383 537 1439 heec
553 1380 640 1440 verbe
659 1383 696 1438 31
714 1383 851 1440 actionem
869 1401 945 1439 mau—
972 1383 1043 1438 Cum
1066 1383 1139 1440 enirn
1166 1382 1314 1441 formasset
1331 1384 1384 1440 hoc
1402 1384 1591 1456 enthymema:
1616 1383 1770 1441 01313333
1760 1401 1802 1441 m·
1816 1392 1857 1423 ⁸¹⁰
1857 1382 1925 1435 ’βίον

116 1467 238 1523 ducendi
263 1473 291 1524 33
312 1468 440 1539 bibendi,
469 1469 519 1526 sed
544 1470 699 1540 exemplum
724 1487 827 1541 ponere
844 1469 873 1525 in
890 1488 946 1526 una
971 1469 1061 1525 stituit
1078 1487 1192 1527 coenem
1208 1472 1261 1528 sub
1280 1471 1385 1543 duplici
1403 1470 1504 1543 specie.
1538 1471 1613 1543 Ergo
1630 1445 1829 1578 subduplici:
1814 1445 1862 1579 n}
1851 1487 1918 1579 3333Ι

116 1552 240 1624 atione,
264 1554 447 1626 quodetiam
473 1554 568 1613 secere
592 1554 728 1627 potuisset
746 1557 782 1612 de
797 1556 859 1613 aliis
878 1556 946 1611 dne·
972 1557 1106 1612 sumenda
1134 1564 1193 1628 cst,
1227 1557 1331 1629 alioqui
1361 1576 1418 1615 uon
1447 1557 1501 1614 crit
1527 1574 1627 1628 coena,
1660 1557 1710 1614 sed
1736 1549 1829 1630 parsn
1814 1548 1875 1631 ,ζ’ζ,
1874 1548 1929 1630 ⁰⁰„i

116 1640 168 1697 bus
186 1640 380 1708 (benedicendi
397 1640 647 1713 aedistribnendi).
664 1641 739 1715 Ergo
752 1641 946 1713 erhypothssi
971 1660 1086 1714 coenec;
1118 1645 1174 1701 3313
1205 1644 1350 1716 subjungit
1371 1658 1548 1716 responsum:
1579 1645 1613 1699 Si
1629 1647 1748 1717 proprie
1775 1652 1860 1734 “i-⁵:
1815 1642 1931 1734 Ὓᾶ·

115 1726 273 1783 Pistoriana
295 1744 466 1800 consequeus
486 1728 572 1794 13333,
596 1746 652 1784 nen
669 1745 776 1800 semper
794 1729 945 1785 benedicti·
971 1732 1124 1786 secumdum
1142 1731 1316 1800 eeampeliam
1334 1731 1413 1800 loqui
1428 1732 1558 1801 velimus,
1582 1748 1669 1787 coeno
1686 1731 1805 1789 Domini
1815 1743 1899 1795 specte.

115 1829 196 1869 onem
214 1829 248 1870 ac
265 1814 513 1872 ‹distributionem'
505 1834 535 1872 m
551 1834 632 1873 sacre
648 1834 736 1872 coena
753 1815 864 1887 requiri,
881 1834 945 1871 cum
971 1834 1027 1871 3333
1051 1825 1161 1872 conetot
1177 1816 1236 1872 miei
1254 1834 1287 1871 33
1305 1834 1363 1871 amo
1380 1819 1479 1887 specie
1515 1819 1592 1872 Nam
1611 1818 1679 1873 1333.
1698 1817 1803 1875 23313

116 1900 151 1955 de
175 1899 231 1954 11113
254 1902 339 1958 etiem
360 1903 513 1959 actionibus
532 1903 619 1961 verba
639 1902 758 1971 Christi,
778 1903 830 1957 333
847 1904 946 1972 facite,
971 1904 1102 1972 lepimm:
1139 1903 1328 1960 Ooemotibrse
1353 1903 1414 1958 illie
1443 1904 1552 1973 accepit
1578 1904 1665 1959 Jeme
1684 1901 1800 1975 pieres,

114 1985 220 2043 intente
241 1986 409 2045 Bellermino
435 1989 491 2045 siut
512 1988 702 2062 intelligentie
739 1988 831 2060 Magis
855 1989 946 2045 edbuc
972 1996 999 2044 et
1021 1993 1198 2060 postmodnm
1224 1991 1320 2046 maltis
1342 1991 1499 2060 ieterjrsctr'e
1521 1991 1652 2047 3133311333·
1677 1998 1705 2047 ct
1733 1991 1803 2049 ecli-

114 2071 216 2129 1313313
251 2081 294 2131 333
330 2075 493 2132 Β31133331331
536 2075 664 2149 argutia,
714 2072 791 2145 'quod
834 2077 945 2130 verbum
973 2093 1047 2142 cem,
1068 2086 1221 2147 postquam
1237 2078 1372 2133 coercet.
1410 2080 1493 2132 [131.
1514 2076 1646 2133 033113
1666 2074 1804 2133 &metim

116 2158 245 2223 3133113333
275 2161 477 2232 acceptionem,
510 2181 566 2218 non
597 2171 689 2218 333333
722 2163 945 2218 distributionem
972 2171 997 2218 ct
1024 2165 1156 2230 calicem,
1183 2173 1334 2235 poetqssom
1362 2164 1496 2218 coartavit
1530 2162 1631 2232 Itaque
1658 2163 1689 2217 iss
1715 2179 1803 2219 333333

115 2247 215 2303 calicis
242 2255 331 2317 33331,
367 2266 429 2303 cum
455 2248 583 2305 cerem
604 2268 661 2304 3333
682 2250 804 2319 freperit
830 2249 945 2305 calicem
971 2268 1028 2304 mom
1046 2253 1126 2306 dedit
1141 2252 1199 2306 em
1216 2251 1416 2306 eucharistiam
1435 2250 1485 2305 3331
1501 2250 1595 2319 specie
1609 2249 1706 2320 persis,
1729 2264 1801 2320 mene

114 2335 200 2398 (31333
233 2336 357 2406 ponem)
389 2353 439 2390 mcc
464 2335 593 2390 3113333313
617 2335 676 2406 ipre
708 2337 945 2405 discumbentibus,
969 2338 1088 2407 proprie
1115 2341 1266 2408 respondet
1293 2355 1396 2393 coerce
1418 2337 1563 2391 Jedetcac
1592 2344 1618 2390 et
1644 2352 1719 2406 opero
1744 2353 1802 2406 po·

114 2422 167 2475 3331
190 2422 302 2477 dederit
328 2422 479 2492 inteprnm,
513 2430 544 2477 333
567 2440 638 2477 urere
665 2423 752 2477 313333·
773 2424 945 2494 porrigeret,⁸
971 2425 1078 2490 ectali,
1097 2433 1166 2494 poet
1190 2442 1304 2479 coemam
1330 2430 1422 2478 3333333
1445 2421 1526 2477 dedit
1552 2423 1676 2478 calicem.
1722 2423 1803 2479 Unde

115 2512 144 2562 et
165 2507 219 2564 bec
237 2509 345 2565 33313333
362 2508 439 2570 δόσις
456 2526 520 2565 cum
538 2510 621 2565 mode
638 2509 742 2571 163333
760 2509 945 2565 confunditur.
972 2511 1056 2565 etiam
1076 2511 1236 2580 0333313333
1258 2527 1338 2566 serm
1365 2514 1393 2566 5.
1416 2511 1451 2565 eie
1470 2508 1560 2579 lapsis
1577 2509 1661 2576 dicit,
1685 2508 1803 2565 calicem

115 2591 225 2651 Sufficit
243 2594 339 2660 nobis,
365 2591 504 2651 Christum
522 2595 656 2666 similiter,
674 2594 816 2667 vincirem,
836 2595 945 2652 dedisse
970 2597 1070 2666 offerri
1094 2597 1192 2653 debere
1211 2595 1409 2665 praecentibus
1436 2602 1502 2665 poet
1530 2594 1641 2664 repleto
1663 2595 1802 2664 solennia,

115 2680 243 2745 calicem.
270 2681 343 2737 sicut
360 2698 461 2753 panem
484 2681 619 2749 dederat,
640 2682 708 2740 licet
724 2683 822 2739 medus
841 2683 945 2744 δόσεως
970 2683 1022 2738 boc
1045 2692 1086 2739 eet
1102 2684 1189 2754 finito
1205 2684 1272 2751 jam
1291 2683 1386 2738 ors'ese
1423 2680 1645 2753 Respondemus:
1666 2681 1735 2739 nihil
1753 2698 1802 2755 pc

115 2768 261 2840 utrobique
284 2769 380 2826 variet
415 2768 527 2825 Perstet
548 2787 615 2841 ergo
635 2771 779 2827 immotum
798 2786 945 2842 argumen-
970 2776 1043 2826 terat
1072 2770 1219 2828 ebsurdiue
1252 2786 1270 2824 e
1294 2768 1464 2825 Bellarmiue
1489 2768 1554 2825 dici
1592 2775 1613 2826 l.
1633 2768 1717 2827 Enim
1738 2786 1802 2829 ccu-

115 2862 184 2912 tum:
221 2854 347 2913 Christus
370 2856 455 2928 jussit
476 2855 528 2912 hoc
549 2857 641 2913 iecere
660 2857 689 2912 in
709 2873 812 2915 coenae
829 2857 944 2915 admini-
970 2856 1085 2914 tredicit
1112 2858 1167 2913 sibi
1193 2855 1262 2929 ipsi,
1290 2855 1429 2930 eiqmdem
1457 2872 1482 2913 3.
1510 2861 1551 2913 11.
1586 2856 1670 2927 hujus
1703 2856 1752 2915 lib.
1774 2859 1802 2929 §-

114 2941 261 3012 3333313333,
287 2941 363 3015 quod
385 2942 453 2999 iecit
475 2943 545 3014 ipse.
589 2944 677 3017 Atqui
699 2945 760 3015 ipse
781 2963 838 3001 nou
857 2945 945 3001 solum
970 2948 1089 3017 utreque
1111 2943 1240 3001 coneedit
1259 2946 1316 3001 deso
1335 2944 1390 3001 tue
1408 2944 1509 3015 31333,
1532 2943 1662 3000 uidelicet
1679 2945 1800 3016 33331331

114 3028 290 3087 benedictum
312 3046 428 3100 panem,
458 3030 508 3087 331
532 3031 615 3087 331333
635 3031 814 3089 benedictum
831 3031 945 3089 calicem
967 3032 1055 3101 parsit
1073 3039 1100 3086 et
1119 3032 1239 3102 epeciem
1254 3031 1329 3103 cirri,
1353 3048 1412 3087 3333
1429 3038 1528 3102 portes
1546 3031 1701 3100 ieteornlm
1716 3032 1802 3102 3333133

114 3116 263 3174 mnibus
310 3117 385 3188 urge
413 3116 493 3173 nobie
523 3117 608 3175 etiem
633 3118 686 3174 hoc
709 3118 868 3175 iaciendum
895 3126 944 3176 est
970 3120 1149 3177 recrementi.
1175 3136 1200 3175 c.
1227 3123 1271 3176 33.
1294 3135 1366 3190 resp
1390 3119 1476 3176 313
1500 3134 1559 3190 arg.
1576 3117 1678 3176 diserte
1696 3118 1801 3190 scribit,

115 3204 256 3260 Particule
286 3200 415 3265 ὡσαύτως
450 3204 614 3263 bibitionem
643 3223 707 3263 eum
731 3207 945 3263 manducatione
971 3213 1176 3263 recrementum
1205 3207 1256 3261 3333
1278 3205 1391 3277 duplici
1412 3205 1504 3277 specte
1528 3205 1702 3276 institutum
1733 3221 1866 3277 qno-1.»

113 3298 246 3364 tunquam
279 3290 395 3348 alteram
430 3291 514 3364 hujus
549 3292 712 3349 sacrementi
748 3299 855 3364 partem
882 3310 944 3350 con-
971 3292 1054 3347 modo
1072 3291 1158 3364 igitur
1177 3291 1345 3349 eucherietie
1361 3308 1417 3347 uon
1438 3291 1545 3346 nisiex
1562 3291 1801 3362 unaspecisecu·

113 3378 208 3448 nectit,
225 3383 322 3448 penten
333 3377 445 3450 unique
457 3377 647 3451 subjungitur,
665 3380 823 3449 hocfecite
851 3379 944 3444 Quod·
970 3378 1075 3435 stabit?
1110 3385 1134 3451 3,
1152 3377 1323 3435 contradicit
1341 3376 1457 3434 coneilio
1477 3375 1698 3447 dementent,
1717 3379 1798 3449 culm

115 3482 226 3536 cunque
253 3481 320 3537 ergo
349 3471 393 3521 eet
418 3481 483 3535 pers
511 3466 691 3533 sacramenti,
727 3466 797 3522 illud
827 3465 945 3520 ministri
971 3467 1039 3522 haec
1056 3465 1223 3523 3333333133
1239 3482 1307 3521 sess.
1326 3469 1373 3522 13:
1407 3464 1485 3519 le’cet
1502 3462 1630 3521 03313333
1646 3462 1801 3521 imtitsserr't

114 3551 247 3609 ecclesiae
279 3550 445 3609 distribuere
481 3557 510 3608 33
539 3554 773 3611 communicantes
807 3552 945 3623 succipere
971 3562 997 3608 ct
1023 3552 1135 3607 dederit
1156 3558 1365 3607 recrementum
1384 3558 1454 3619 port
1475 3567 1593 3607 3333333
1615 3550 1668 3604 eol
1682 3557 1801 3620 3333333

115 3645 244 3696 tenentur
260 3638 287 3694 vi
307 3639 457 3711 praecepti,
475 3640 527 3696 1333
544 3642 642 3706 facite.
677 3642 742 3698 iam
761 3656 826 3697 vere
846 3638 946 3696 bibitio
972 3640 1064 3711 specie
1082 3639 1240 3709 dempster,
1258 3640 1310 3694 1333
1328 3646 1420 3692 temes
1431 3655 1488 3692 mors
1501 3639 1627 3693 cleonte
1640 3641 1693 3693 etc.
1721 3634 1801 3693 idem

114 3726 169 3783 vini
188 3724 365 3784 eucharistici
383 3733 507 3799 estpars
525 3729 703 3797 sacramenti,
730 3727 797 3799 quie
812 3743 863 3798 per
882 3743 944 3798 par·
971 3726 1073 3798 repetit
1090 3725 1188 3783 concil
1212 3724 1337 3782 Trident
1355 3741 1422 3781 sees.
1441 3729 1482 3780 21.
1502 3740 1525 3780 c.
1547 3729 1570 3781 1.
1590 3728 1619 3780 et
1636 3728 1661 3779 3.
1693 3727 1721 3780 3.
1729 3721 1801 3779 0333-

115 3813 228 3871 tedam
258 3810 387 3874 testem
417 3813 625 3871 manducationi
657 3814 822 3871 annectitur.
869 3812 944 3886 Ergo
971 3812 1085 3868 tredicit
1119 3810 1358 3869 manifestissimae
1390 3809 1507 3867 33313331
1545 3808 1696 3865 'I'estantur
1725 3809 1799 3866 enim

114 3899 207 3957 einum
239 3898 451 3956 eucharisticum
479 3900 596 3957 ministri
619 3901 752 3958 ecelesiae
779 3900 945 3957 distribuere
971 3899 1173 3972 evangelistae,
1197 3897 1338 3954 Christum
1362 3915 1418 3955 non
1441 3897 1530 3952 solum
1556 3912 1656 3968 cerpus
1675 3897 1800 3953 suumin

114 3993 142 4043 et
163 3986 395 4045 communicantes
421 3988 561 4058 suscipere
589 3993 725 4045 tenentur.
761 3985 945 4060 Nugatorium
971 4002 1052 4042 secra
1070 4003 1156 4043 coena
1174 3984 1315 4042 mediante
1332 3983 1479 4041 benedicte
1494 3999 1566 4055 pens
1577 3982 1801 4039 manducandum

113 4073 196 4144 plane
221 4077 278 4144 eet,
307 4073 382 4145 qnod
409 4073 593 4131 Bellarminus
620 4075 718 4131 addit:
746 4075 858 4129 Paulus
882 4093 944 4130 cnm
970 4073 1124 4129 instituisse
1148 4075 1177 4129 et
1203 4071 1346 4144 discipulis
1370 4071 1530 4139 tradidisse;
1557 4069 1607 4126 sed
1634 4068 1717 4126 etiem
1739 4084 1799 4126 sau-

114 4163 137 4216 1.
166 4162 231 4217 Cor.
262 4164 304 4219 11.
336 4161 438 4215 133333
463 4163 581 4216 enodem
603 4161 779 4232 perticulam
805 4161 945 4230 eimditer,
971 4161 1084 4234 guinem
1117 4176 1197 4214 enum
1229 4158 1377 4215 mediante.
1391 4157 1538 4215 benedicto
1560 4155 1625 4212 vino
1644 4155 1800 4214 bibendum

114 4267 168 4302 3333
193 4256 285 4303 tomen
307 4247 390 4305 labet
413 4249 510 4319 dedit,
534 4250 586 4303 sed
607 4248 698 4304 tolum
714 4249 830 4317 accepit.
865 4250 944 4320 Erpa
970 4255 999 4305 33
1020 4247 1173 4303 instituisse
1190 4252 1219 4302 33
1235 4245 1393 4303 cedidisse
1425 4246 1525 4317 ’13333
1541 4244 1610 4301 beet
1628 4243 1699 4315 duo,
1723 4259 1799 4301 mun·
1891 4240 1894 4245 ’

113 4334 189 4391 stud
210 4333 341 4403 3133111333
362 4352 419 4389 mon
439 4342 530 4404 potest
545 4335 654 4403 referri
671 4336 711 4391 ad
727 4335 838 4390 verbum
857 4337 944 4391 dedit.
972 4335 1082 4390 ducatio
1105 4333 1210 4388 scilicet
1233 4340 1261 4388 et
1279 4332 1390 4403 bibitio,
1416 4349 1466 4404 per
1484 4330 1649 4403 perticulam
1667 4328 1800 4392 nicosiense

113 4420 200 4494 Atqui
227 4419 282 4477 hac
302 4421 411 4479 ratione
434 4439 469 4477 cx
491 4420 678 4477 subordinatis
696 4421 768 4476 liunt
782 4421 944 4493 pugnantia,
969 4421 1010 4477 ita
1032 4425 1249 4487 connectuntur,
1277 4426 1309 4475 ut
1335 4419 1417 4475 unius
1435 4417 1617 4490 ejusdemque
1633 4413 1797 4473 sacramenti
1896 4464 1900 4473 .

115 4507 243 4565 01113333
266 4508 399 4564 mediter
420 4509 530 4580 accepit
545 4508 675 4577 calicem,
700 4515 732 4564 ut
748 4525 849 4579 panem
866 4526 943 4566 ecce-
968 4514 1062 4580 partes
1080 4505 1240 4579 integrales.
1273 4503 1798 4577 31331333333311331033133313.
1877 4558 1888 4579 ,1
1900 4508 1912 4523 ”

118 4601 211 4667 perat;
237 4594 370 4650 similiter
387 4594 464 4650 dedit
483 4594 611 4659 calicem,
642 4602 673 4649 ut
692 4610 793 4665 panem
812 4596 943 4666 dederat,
970 4592 1209 4651 manducationem
1241 4597 1270 4646 et
1298 4590 1459 4649 bibitionem
1485 4595 1620 4661 perpetuo
1645 4586 1797 4660 333133ιεὶ3

117 4681 179 4738 ideo
202 4680 232 4736 in
257 4679 443 4751 descriptione
458 4681 618 4752 posterioris
635 4681 723 4752 partis
740 4682 816 4752 apud
836 4682 942 4738 Lucam
969 4689 993 4738 5.
1013 4680 1095 4746 Quod
1110 4679 1236 4735 Chdstus
1256 4677 1351 4733 multis
1370 4676 1656 4748 interjectiscalicsm
1673 4673 1797 4731 euchari·
1851 4688 1869 4731 ·.·.

114 4783 147 4825 ex
164 4768 255 4839 priore
272 4772 352 4838 parte
367 4768 518 4838 repetenda
535 4773 601 4824 eunt
611 4768 698 4825 verba
716 4768 810 4838 λαβὼν
830 4769 942 4840 lieres,
968 4767 1069 4824 sticum
1093 4765 1239 4838 discipulis
1264 4764 1384 4837 dederit,
1410 4769 1508 4835 aperte
1530 4763 1632 4820 falsum
1649 4769 1706 4831 est;
1731 4761 1837 4834 quin]¹

112 4855 186 4926 quud
212 4852 260 4925 qai
284 4860 417 4926 uegetum
435 4853 469 4925 it,
500 4855 525 4909 ie
542 4861 641 4927 negat,
665 4856 752 4913 solem
773 4856 803 4911 iu
827 4855 942 4912 meridie
969 4855 1040 4910 inter
1073 4851 1295 4910 distributionem
1329 4850 1469 4907 benedicti
1499 4850 1580 4921 penis
1611 4853 1641 4904 33
1667 4847 1798 4905 11333113-
1837 4874 1854 4885 ··
1908 4866 1912 4873 ·

112 4939 211 4998 lucere
249 4939 343 5011 Atque
369 4939 439 4996 haee
458 4946 523 4997 sunt
541 4941 704 4999 Bellarmini
730 4941 851 5013 effugia,
882 4942 942 5014 qui·
968 4941 1071 4996 tionem
1095 4937 1235 4995 benedieti
1252 4937 1347 4993 3311313
1364 4936 1436 4993 nihil
1453 4936 1614 5010 quicquam,
1629 4950 1669 4991 ne
1685 4933 1722 4992 31)
1739 4950 1797 4992 unc

114 5025 164 5083 bus
186 5025 319 5097 impetum
335 5024 454 5082 Achillis
476 5026 563 5083 nostri
584 5027 637 5096 (ita
657 5028 730 5084 enim
748 5028 872 5100 appellet
889 5027 942 5084 hoc
968 5027 1081 5100 quidem
1098 5024 1276 5098 evangeliste,
1294 5023 1384 5081 medio
1402 5024 1464 5080 loco
1482 5021 1656 5093 interjicitnr,
1672 5021 1722 5078 331
1738 5027 1799 5083 tole
1833 5028 1843 5047 '·
1856 5020 1868 5043 '¹

111 5120 305 5185 ugnmffltum
329 5130 362 5171 ex
387 5112 479 5169 verbis
501 5112 682 5171 institutionis
702 5114 864 5186 deductum)
882 5133 942 5171 sus·
969 5130 1063 5170 sacrae
1086 5128 1188 5168 coense
1210 5110 1263 5167 sub
1286 5116 1405 5185 3333333
1427 5109 1519 5181 specie
1537 5106 1674 5169 1333313313
1698 5114 1727 5166 st
1748 5106 1798 5165 ed·

112 5200 200 5259 tinere
235 5204 320 5272 atque
351 5199 388 5257 ab
416 5216 450 5256 eo
476 5216 507 5256 se
532 5205 623 5257 tutum
648 5208 790 5272 praestare
817 5209 941 5259 conetur.
969 5199 1151 5268 ministratio,
1175 5198 1254 5254 relnt
1267 5215 1340 5254 unus
1356 5202 1386 5254 et
1403 5195 1550 5253 continent
1567 5200 1647 5253 actus
1664 5193 1796 5253 describi·

111 5285 183 5343 Selie
211 5285 343 5358 apostolis
367 5287 471 5343 dictum
495 5293 591 5357 putet,
618 5288 701 5343 3313133
720 5307 754 5344 ec
773 5290 824 5346 loc
841 5309 942 5361 omres,
967 5294 1022 5344 tur.
1068 5285 1114 5342 Sic
1138 5284 1212 5340 enim
1236 5284 1323 5341 habet
1344 5283 1495 5355 descriptio
1518 5282 1699 5341 institutionis
1722 5281 1799 5355 apud

111 5374 174 5432 ideo
192 5374 227 5432 de
244 5374 490 5431 communicatione
506 5373 639 5430 laicorum
652 5374 704 5430 sub
721 5381 838 5448 utreque
850 5377 942 5449 specie
967 5371 1065 5430 1133313.
1082 5389 1107 5427 c.
1125 5377 1167 5451 23,
1185 5389 1210 5429 v.
1230 5377 1276 5430 26:
1295 5370 1481 5428 Coenomibue
1499 5370 1563 5427 illis
1584 5371 1693 5442 accepit
1712 5371 1798 5427 Jessss

111 5478 145 5519 ex
175 5460 267 5525 verbis
298 5460 450 5545 11133111
483 5460 612 5518 concludi
643 5478 744 5534 posse,
772 5463 888 5536 perinde
910 5472 943 5521 ut
963 5478 1069 5533 penem
1096 5468 1122 5515 et
1145 5460 1286 5516 3333131333
1308 5476 1342 5513 oc
1363 5457 1476 5528 333333,
1492 5458 1626 5528 deditque
1649 5456 1798 5528 disciptslit

110 5547 392 5623 333313ρΡ333333
414 5548 451 5607 31
474 5546 549 5607 haut
568 5563 627 5607 rem
649 5548 752 5613 delecti
777 5550 808 5609 in
831 5552 936 5624 scripto
967 5553 1026 5607 3313
1059 5549 1172 5607 &ceum
1200 5546 1332 5618 33313133,
1362 5545 1522 5617 comedite„
1540 5543 1593 5603 boo
1622 5551 1663 5599 est
1692 5560 1796 5615 corpu
