4004 6022
278 252 350 325 esp·
840 240 961 302 mous
979 238 1402 309 victuma-smus

278 398 341 454 bitu
359 397 497 466 caudari,
520 397 609 468 maris
633 398 805 455 conueniente
821 398 948 467 satrapis
965 404 992 452 st
1010 396 1108 452 militi·
1135 396 1217 453 lando
1243 396 1342 453 recitat
1360 395 1426 453 Joh.
1445 395 1558 456 literas
1579 395 1628 456 lib.
1645 402 1670 455 3.
1696 396 1734 457 de
1754 397 1894 470 praestig.
1913 398 1969 454 dne

279 485 329 539 bus
353 501 438 553 mam
459 484 593 552 personis
610 484 801 553 repularibus,
820 492 846 539 et
864 485 1010 538 intendunt
1027 500 1108 536 cena·
1134 502 1205 542 mon
1229 502 1289 555 cap.
1308 493 1331 541 t.
1360 503 1389 555 p.
1411 486 1506 543 288.**
1548 485 1665 543 Possent
1692 484 1746 540 hnc
1772 484 1810 539 de
1835 501 1868 541 re
1894 482 1969 554 longe

278 570 397 624 tionibus
415 577 442 622 et
459 569 691 638 aucupationibus
707 571 798 639 maqis
817 587 900 639 quum
918 570 1023 640 officiis
1038 569 1108 623 dioi-
1134 571 1226 641 plures
1246 570 1350 625 adduci
1375 571 1502 640 querelae
1533 588 1567 625 ex
1588 569 1730 626 vetembns
1757 577 1789 625 et
1816 569 1968 624 recentiori·

277 657 336 723 nis,
358 657 432 708 unde
457 655 485 708 si
506 673 562 710 non
579 657 786 724 reformantur,
812 656 1002 709 discoloratur
1020 662 1109 708 status
1134 655 1195 724 bns,
1214 662 1283 726 puta
1300 655 1479 727 Hildegardis
1495 655 1694 725 prophetissae,
1722 671 1800 726 quae
1819 657 1968 708 exstinctae

277 740 447 795 uniuersalis
465 741 607 794 ecclesiae.
642 739 810 807 Alexander,
829 738 877 809 qni
895 738 1108 795 subWilhelmo
1134 742 1280 809 reliqionis
1310 741 1412 796 clerum
1438 740 1592 804 accusavit,
1617 739 1734 795 Roberti
1757 739 1966 802 Lincolniensir,

278 827 442 895 imperatore
467 825 593 880 Romano
620 831 663 882 28.
696 825 756 882 sedi
786 824 953 894 apostolicae
979 824 1108 894 praefuit,
1135 827 1183 895 qui
1206 826 1293 882 seculi
1317 826 1360 880 sni
1388 833 1512 896 pastores
1538 825 1648 879 vocavit
1673 824 1854 879 dmolatores
1874 833 1968 894 urrac,

277 910 353 982 apud
375 911 544 966 Aventinam
567 911 690 967 Bavares
714 910 857 982 episcopos
881 915 910 964 et
932 908 1045 965 elericos
1067 910 1108 964 sic
1134 913 1228 980 qreqis
1246 911 1381 966 dominici
1396 911 1581 980 dispersores,
1598 911 1696 963 uineae
1712 911 1924 964 dilaceratores
1939 930 1968 964 ac

276 996 438 1068 alloquitur:
470 999 525 1052 Vos
551 998 714 1066 corruptela
741 1005 767 1051 et
793 997 944 1052 cummunis
969 997 1109 1065 pernicies
1135 1000 1297 1067 deportares
1304 1018 1315 1064 ,-
1328 994 1446 1051 Mersilii
1455 995 1593 1063 Patavini,
1602 995 1742 1050 iohannis
1752 996 1967 1067 deRupescissa

276 1082 423 1152 relipionis
437 1083 617 1138 Cicutianae
636 1084 718 1151 estim-
735 1083 859 1152 populus
874 1081 960 1135 uestri
976 1099 1032 1134 non
1052 1081 1107 1134 dis·
1133 1082 1211 1137 Petri
1229 1082 1265 1139 de
1281 1081 1394 1150 Aliaco,
1411 1080 1575 1149 Cassandri,
1592 1079 1783 1138 Saronsrolae
1800 1088 1831 1138 et
1849 1083 1967 1151 aliorum,

276 1168 378 1223 nmilia
400 1168 469 1222 odia
495 1176 589 1221 cestra
608 1169 775 1223 aemulatur.
811 1168 939 1222 Licentia
956 1166 1109 1220 dumiores
1134 1169 1185 1237 sed
1202 1167 1269 1240 qnid
1287 1185 1371 1238 opus,
1390 1165 1461 1221 hanc
1483 1166 1651 1220 camminnm
1670 1165 1790 1223 ulteritm
1807 1169 1938 1223 movere?

276 1255 351 1316 facti
367 1257 440 1323 estn,
459 1254 542 1323 capra
558 1269 651 1306 rerum
669 1271 718 1308 uos
737 1253 872 1321 corrupit,
885 1270 940 1322 per
951 1267 1109 1307 coenoman
1169 1260 1228 1311 266.
1262 1252 1411 1309 Monachus
1436 1268 1470 1306 ac
1494 1251 1627 1306 moniales
1651 1251 1688 1306 ab
1708 1253 1843 1306 ordinum
1863 1270 2000 1342 ιιιοιιιιιιη1

277 1341 337 1392 Dei
356 1340 430 1394 mals
448 1338 536 1406 audd,
557 1337 701 1393 amana
718 1354 866 1407 pauperes,
885 1339 1004 1391 caeduis
1022 1345 1047 1390 ct
1065 1354 1109 1390 oc·
1134 1340 1251 1410 regulis,
1280 1340 1397 1394 maxime
1420 1353 1487 1391 vero
1514 1354 1531 1390 a
1554 1337 1666 1408 pietatis
1694 1337 1796 1408 regula
1820 1355 1840 1391 a
1865 1338 2000 1394 Christo

169 1438 215 1482 m
230 1438 262 1481 rs.
276 1422 416 1478 cicitur*
459 1421 606 1478 Duarenus
633 1422 681 1477 lib.
707 1428 729 1477 1.
756 1422 791 1475 de
814 1438 885 1479 sacr.
913 1422 980 1478 eccl.
1006 1423 1107 1475 minist.
1135 1425 1305 1495 praescripta
1332 1423 1490 1496 longissime
1515 1423 1661 1478 recessisse
1689 1423 1805 1494 ipsimet
1835 1423 1967 1479 Pontifici

276 1527 300 1564 c.
314 1516 339 1565 4.
356 1508 492 1579 intrepide
504 1508 678 1579 pronuntiat,
695 1508 843 1578 pterosque
858 1510 1107 1579 episccposnastro
1134 1516 1346 1582 conqueruntur.
1393 1509 1495 1566 bahan.
1523 1513 1627 1564 Gerson
1655 1509 1684 1562 in
1712 1516 1794 1565 tract
1821 1509 1967 1565 decnmtio

275 1605 396 1665 tempore
422 1613 440 1648 a
462 1596 600 1664 reiipione
626 1602 652 1648 et
676 1595 767 1648 sacris
787 1612 869 1664 quam
889 1596 1000 1663 quosvis
1016 1604 1107 1648 satra·
1134 1596 1235 1651 defect.
1253 1597 1349 1653 eccles.
1369 1596 1475 1664 scribit,
1495 1597 1622 1650 claustra
1639 1597 1810 1649 monialium
1831 1612 1894 1650 esse
1906 1614 1968 1667 pro

270 1688 370 1750 par-et
378 1681 524 1750 principes
533 1681 678 1749 profonas
691 1680 773 1750 lonae
782 1681 946 1744 abismarus,
964 1697 1013 1734 nec
1025 1680 1109 1733 aliud
1132 1683 1235 1736 stibula
1255 1684 1436 1737 meretricum.
1471 1682 1505 1736 In
1525 1681 1595 1737 libro
1613 1680 1658 1736 cni
1676 1680 1777 1736 titulus
1795 1681 1878 1735 Onus
1891 1684 1967 1736 ecclc

273 1769 315 1823 ers
329 1784 415 1822 curae
433 1782 502 1832 esse,
521 1783 604 1835 quam
616 1772 646 1819 ut
658 1766 779 1819 ditiones
796 1766 1020 1835 etpossessiones
1032 1783 1106 1831 suas,
1131 1769 1191 1822 siae
1214 1769 1255 1823 sic
1278 1769 1391 1840 legitur:
1432 1768 1504 1823 Sunt
1524 1767 1662 1821 nonnulla
1687 1767 1863 1821 monialium
1879 1787 1967 1822 mona

272 1871 325 1926 quo
340 1855 409 1924 jure
426 1869 514 1922 quare
532 1851 655 1921 injuria,
679 1860 819 1907 tueantur.
854 1851 1001 1907 Albericns
1020 1851 1106 1906 aRo-
1131 1857 1218 1909 steria
1235 1857 1308 1908 adeo
1322 1855 1495 1924 propatulo,
1517 1862 1548 1908 ut
1564 1854 1629 1923 ipsa
1645 1853 1709 1906 ioca
1736 1853 1857 1907 Veneris
1871 1857 1965 1923 prasci

273 1946 333 1997 sate
351 1939 380 1995 in
397 1938 485 1994 lexico
507 1939 536 1993 in
561 1953 628 1992 voce
646 1936 790 1993 Decimae:
817 1938 950 1991 Praelati
967 1945 993 1991 et
1010 1938 1108 1991 clerici
1133 1942 1196 1996 bula
1216 1942 1271 1994 sint
1289 1941 1442 2002 similiora,
1467 1956 1551 2008 quam
1569 1940 1628 1992 Dei
1645 1939 1795 2005 sacrario,
1823 1939 1892 1992 binc
1906 1958 1965 2008 pro·

272 2028 407 2081 uiolenter
431 2033 456 2078 et
479 2024 632 2078 crudeliter
655 2033 815 2094 extorquent
842 2026 966 2079 decimos
993 2042 1011 2077 a
1032 2042 1106 2094 pau·
1132 2028 1253 2093 cacitas,
1270 2034 1404 2095 stuprum,
1422 2027 1543 2077 incenia
1559 2024 1708 2078 mulierum
1724 2041 1891 2093 tamarum,
1911 2027 1965 2078 binc

269 2114 385 2183 peribus
402 2111 515 2165 mesticis
533 2118 558 2164 et
576 2110 729 2172 melioribus
749 2109 899 2165 dubitaret
917 2109 1064 2179 indebitas,
1081 2112 1108 2164 si
1133 2129 1239 2181 quaque
1265 2113 1387 2165 emenda
1413 2111 1552 2165 scandala
1580 2117 1606 2163 et
1634 2111 1812 2181 offendicula
1843 2113 1989 2165 oriuntm

267 2207 402 2267 possunt,
427 2215 483 2252 non
501 2205 532 2250 ut
549 2214 597 2251 eas
615 2197 786 2253 distribuant
799 2197 991 2266 pauperibus,
1008 2199 1059 2251 sed
1077 2205 1107 2250 ut
1133 2216 1215 2268 quam
1242 2198 1376 2267 plurima.
1420 2195 1624 2251 “emender
1648 2195 1678 2250 in
1704 2197 1827 2254 consult.
1856 2207 1907 2253 art.
1929 2203 1962 2253 u.

272 2284 432 2339 concubinis
458 2292 485 2338 et
507 2283 677 2349 fornicariis
700 2284 759 2337 suis
782 2290 810 2336 et
832 2283 901 2346 filiis
929 2282 1107 2350 adulterinis,
1133 2302 1160 2354 p.
1178 2289 1244 2339 236:
1271 2283 1334 2344 Qua
1357 2284 1439 2351 lonqe
1458 2283 1640 2336 monachatus
1660 2283 1747 2338 bodie
1766 2301 1786 2337 o
1801 2285 1906 2351 prima
1922 2301 1963 2336 nn

272 2373 348 2440 quad
371 2387 434 2425 uere
456 2369 597 2425 Dominus
622 2386 680 2436 nan
702 2369 841 2438 relinquet
869 2368 1002 2435 inultum,
1031 2367 1107 2420 alias
1134 2369 1242 2437 oriqine
1267 2367 1477 2437 depeneraoerit
1499 2376 1525 2420 et
1549 2370 1662 2437 quomis
1680 2369 1819 2422 omniun
1843 2369 1962 2423 contami·

272 2455 639 2525 mentiremursuipturae
664 2455 786 2517 diuinae.
822 2452 922 2508 Orator
940 2451 1107 2523 reipublicae
1132 2464 1214 2510 natus
1231 2464 1258 2509 et
1274 2457 1451 2519 deformatus
1466 2455 1510 2520 sit,
1528 2455 1597 2508 satis
1611 2472 1665 2524 per
1679 2473 1709 2509 se
1726 2457 1963 2525 estmanit'sstun,

274 2538 855 2607 veneucedPsulumv.desscsrdotibus
863 2537 1108 2594 Venetseditionis
1133 2559 1197 2595 nam
1218 2541 1362 2609 perstatim
1382 2541 1484 2609 reliqio
1501 2557 1570 2594 uera
1588 2548 1614 2593 et
1633 2541 1730 2595 solida
1748 2543 1780 2596 in
1798 2543 1963 2612 superstitio·

272 2628 329 2683 tale
345 2627 401 2684 fert
419 2627 552 2698 elogium:
583 2625 706 2694 Utinam,
726 2624 881 2681 musicae
896 2631 989 2694 pater,
1009 2630 1107 2679 nostra
1134 2646 1194 2683 nem
1218 2635 1243 2680 et
1267 2629 1379 2681 inanem
1404 2625 1523 2695 speciem
1547 2625 1695 2694 reliqionis
1718 2643 1863 2682 conuersa
1888 2634 1963 2682 suet

273 2714 339 2767 baec
357 2721 436 2767 aetas
452 2713 524 2766 tales
541 2712 834 2776 sacerdotesbaberet,
849 2712 996 2779 dequibus
1009 2711 1107 2763 merito
1134 2714 1352 2768 accrescentibus
1376 2713 1475 2781 opibus
1499 2712 1621 2766 deuenit
1641 2713 1738 2781 pietas
1756 2721 1783 2767 et
1803 2715 1839 2767 in
1857 2714 1914 2784 eico
1929 2713 1963 2767 tc

273 2801 333 2855 dici
350 2807 459 2870 posset,
485 2799 581 2853 Nolite
608 2806 721 2868 tempere
748 2798 869 2856 Christos
892 2804 982 2852 meos!
1007 2797 1109 2851 nullibi
1133 2819 1195 2855 cum
1218 2800 1315 2853 larvae
1343 2798 1562 2865 ceremoniarum
1583 2807 1792 2864 succaesemnt,
1821 2802 1854 2854 in
1877 2801 1962 2870 paon

274 2903 369 2941 eorum
397 2885 523 2954 diqnitas
545 2885 640 2953 major
663 2901 747 2953 ςιιιιιη
767 2885 846 2952 apud
863 2901 914 2937 nos
929 2885 1014 2948 sord.
1051 2884 1109 2938 Sed
1132 2901 1214 2940 uerae
1228 2886 1347 2955 pietatis
1366 2884 1496 2954 operibus
1509 2899 1602 2954 paene
1613 2884 1877 2952 neqlcctissumma
1891 2888 1962 2939 totius

273 2989 319 3029 rer
339 2973 420 3042 lcum
437 2988 515 3028 secus
533 2987 562 3024 se
581 2971 669 3039 labet,
688 2989 772 3041 quam
785 2971 957 3040 poenierim
968 2976 1039 3034 sunt,
1058 2970 1109 3040 qui
1133 2973 1281 3040 reliqionis
1298 2972 1446 3026 constituta
1463 2980 1518 3039 est,
1545 2988 1665 3040 quarum
1683 2973 1910 3026 ceremoniarum
1928 2973 1962 3025 ie·

274 3059 394 3126 ordinis,
415 3058 538 3113 munau
557 3065 582 3110 ct
600 3075 748 3112 sacrarium
767 3073 910 3121 memores,
929 3057 972 3110 isti
989 3058 1107 3122 deceret,
1133 3061 1197 3113 anis
1222 3058 1378 3113 obseruatio
1401 3074 1487 3128 usque
1509 3059 1581 3111 adeo
1607 3073 1704 3111 ueram
1723 3060 1809 3129 apud
1823 3059 1962 3128 plerosque

274 3151 396 3213 actuum
408 3151 502 3214 aqum,
514 3159 598 3214 quam
610 3151 709 3198 contra
722 3143 812 3208 multi,
830 3143 880 3210 qui
894 3159 950 3197 non
962 3159 981 3195 a
992 3142 1106 3210 stupris,
1133 3148 1280 3200 monachos
1297 3144 1461 3215 relipionem
1478 3144 1615 3197 imminuit
1631 3151 1658 3196 et
1677 3143 1859 3213 obscuravit,
1876 3151 1907 3226 qt
1922 3143 1963 3196 mi·

273 3248 329 3290 non
348 3232 383 3284 ab
402 3229 562 3299 adaberiis,
581 3247 637 3283 non
656 3247 676 3283 o
692 3230 830 3294 caedibus,
849 3246 904 3283 non
924 3246 943 3281 a
959 3228 1107 3297 ueneficiis,
1133 3250 1195 3285 rum
1214 3250 1269 3288 non
1288 3231 1334 3299 sit,
1352 3230 1379 3284 si
1394 3230 1554 3299 cujusmodi
1570 3247 1645 3282 nunc
1659 3229 1724 3296 fere
1746 3237 1787 3283 est
1805 3232 1866 3284 cita
1880 3247 1962 3284 mona·

272 3334 330 3377 non
353 3334 372 3370 u
393 3316 565 3385 parricidiis
586 3315 757 3385 abstineant,
785 3322 835 3369 out
858 3315 885 3368 si
903 3315 974 3384 quid
992 3315 1106 3383 pravius
1132 3320 1217 3387 suco,
1234 3318 1385 3372 multorum
1403 3317 1470 3370 odio
1489 3324 1515 3369 et
1531 3315 1744 3384 reprehensioni
1761 3314 1963 3386 seponatur.**

269 3410 362 3471 potest
375 3402 535 3471 excapitari.
570 3399 659 3458 Nicol.
672 3400 787 3456 &mmm
803 3401 833 3456 in
851 3398 1052 3471 antipersenesi
1070 3399 1107 3453 ad
1132 3403 1235 3458 Petras
1247 3398 1487 3458 deAliecoinlib.
1501 3398 1656 3454 dereform.
1669 3399 1824 3457 ecclesiae:
1837 3397 1964 3456 Maeuii

273 3489 349 3547 eard
368 3487 520 3551 Beroninm
538 3486 650 3549 Penni
670 3502 743 3543 anno
763 3492 836 3543 1616.
856 3485 921 3545 edit
937 3503 965 3556 p.
985 3492 1031 3541 to:
1051 3486 1107 3539 His
1132 3489 1191 3543 suis
1202 3486 1387 3543 immunditiis
1405 3485 1551 3539 ecclesiam
1569 3486 1822 3545 commacularunt.
1851 3486 1963 3558 Brigitts

272 3574 439 3644 temporibus
462 3574 604 3644 cupiditas
627 3581 710 3641 arpa
733 3573 857 3627 auiditas
881 3572 1047 3626 clericorum
1074 3589 1106 3626 eo
1132 3575 1161 3630 in
1179 3573 1264 3630 revel.
1282 3573 1382 3628 statres
1396 3570 1462 3626 istos
1480 3579 1585 3639 pentem
1596 3566 1774 3640 pomposiam,
1796 3591 1909 3640 comm,
1925 3589 1962 3624 su

272 3660 363 3728 mapis
391 3660 520 3723 emerit,
545 3677 599 3728 quo
617 3659 810 3727 facultatibus
837 3666 862 3713 et
883 3658 1017 3728 potentiis
1042 3667 1106 3712 sunt
1129 3662 1249 3731 perham
1267 3665 1360 3716 vocet.
1393 3657 1566 3713 Erasmusin
1579 3656 1681 3714 enchir.
1695 3657 1753 3711 mil.
1766 3656 1963 3729 Christp.³1:

273 3745 365 3814 mauis
382 3746 466 3800 aucti.
499 3744 667 3801 ”Erasmus
684 3744 713 3798 in
733 3750 826 3800 annot.
848 3750 868 3800 1.
884 3744 1005 3801 Panis:
1024 3747 1106 3799 Nunc
1138 3748 1268 3802 Videmus
1287 3745 1397 3815 passim
1421 3743 1592 3799 monadaia
1617 3744 1659 3795 ad
1680 3759 1773 3797 mores
1795 3746 1866 3814 plus
1889 3760 1964 3814 quam

274 3832 469 3900 episcoporum
491 3831 589 3898 culpas
610 3830 683 3884 nibil
701 3831 784 3884 aliud
800 3831 883 3884 audit
901 3832 937 3883 ab
955 3839 1105 3886 assentato-
1130 3835 1272 3904 profanos
1290 3835 1479 3901 depencrasse.
1517 3830 1592 3884 Olim
1611 3846 1734 3883 secessus
1753 3839 1821 3884 erat
1839 3832 1898 3885 rita
1914 3848 1962 3883 mc

272 3917 350 3971 mom
368 3919 458 3971 doctis
476 3917 533 3970 nisi
552 3917 691 3986 dominia,
711 3917 844 3981 ditiones,
863 3917 986 3985 qladios,
1007 3918 1106 3985 claves,
1131 3920 1299 3988 nocherum,
1321 3934 1394 3971 nunc
1410 3917 1458 3971 illi
1476 3923 1612 3969 uocantur
1630 3915 1777 3984 monachi,
1803 3918 1856 3988 qui
1873 3917 1924 3970 toti
1938 3916 1964 3968 is

268 4012 434 4074 potestates,
459 4012 541 4073 atque
563 4004 626 4056 binc
645 4004 741 4068 fastus
762 4005 939 4072 quorundam
953 4005 1105 4073 plusquam
1131 4006 1289 4060 meditullio
1308 4002 1870 4071 mundanorumnepotiorumrersantw,
1883 4004 1964 4073 plane

271 4092 374 4160 reqiru,
386 4090 504 4145 saeuitia
512 4089 665 4160 plusquam
676 4089 831 4158 tyrannica.
858 4089 995 4147 Formosus
1008 4095 1106 4145 contra
1131 4093 1308 4162 tyrannidem
1330 4091 1474 4160 mundam
1496 4089 1526 4141 in
1549 4089 1632 4142 rebus
1651 4088 1783 4142 bumanis
1804 4098 1962 4144 mmcntu.

268 4175 350 4246 jabil.
375 4193 452 4232 cona.
477 4174 593 4233 Norint.
617 4191 647 4244 p.
673 4180 720 4234 διε
754 4177 826 4230 Ena
850 4193 906 4235 non
929 4193 961 4230 eo
985 4177 1105 4246 inficias,
1132 4180 1172 4232 Et
1194 4185 1287 4230 tamen
1310 4176 1335 4229 ii
1364 4175 1398 4229 ob
1421 4173 1542 4239 cultum,
1573 4174 1607 4228 ob
1633 4173 1744 4227 titulum
1770 4175 1868 4230 nescio
1893 4192 1962 4247 quem

271 4280 328 4317 non
345 4262 575 4330 abnuo,utalim
594 4262 854 4332 instaurarem
873 4263 1106 4317 tamenintanto
1132 4271 1239 4317 tontum
1259 4269 1396 4328 arroqant
1417 4259 1617 4314 sanctimoniae
1634 4259 1701 4328 sibi,
1721 4266 1752 4313 ut
1772 4270 1883 4316 ceteros
1898 4275 1963 4332 pras

272 4348 356 4418 eopia
372 4348 443 4402 uitia
460 4365 495 4400 oc
512 4347 653 4402 scandolo
672 4347 765 4415 cipere
784 4348 815 4400 in
833 4348 908 4402 clero
926 4351 1105 4409 nostroPon·
1130 4367 1160 4403 se
1187 4367 1243 4404 nou
1268 4349 1388 4402 labeant
1410 4364 1468 4416 pra
1494 4344 1669 4399 Christianis.
1713 4344 1797 4400 Idem
1826 4347 1857 4402 in
1886 4347 1961 4404 metu

271 4435 365 4499 nicio.
390 4433 577 4490 Selmeronins
597 4438 663 4490 tom.
676 4439 702 4489 9.
721 4438 801 4489 tract.
815 4439 840 4490 9.
852 4451 880 4504 p.
897 4439 944 4488 ιιι
965 4434 1057 4488 Modo
1075 4437 1105 4489 in
1132 4435 1214 4491 theol.
1231 4452 1259 4504 p.
1282 4439 1342 4490 189:
1362 4434 1428 4488 Nan
1444 4432 1530 4486 aliter
1546 4440 1609 4486 sunt
1626 4439 1704 4485 cetra
1716 4435 1871 4504 mundum,
1887 4452 1962 4505 quam

266 4520 398 4588 pluribus
417 4519 611 4575 sacerdotibus
629 4527 654 4573 et
673 4519 827 4588 relipiosss,
851 4519 901 4587 qui
919 4521 954 4573 de
969 4521 1105 4589 patrimo·
1130 4538 1211 4577 renes
1229 4528 1308 4574 estro
1325 4536 1429 4588 corpus
1447 4519 1604 4573 animantis.
1638 4520 1854 4591 p.139:1psis
1871 4522 1963 4574 mundi

270 4607 317 4660 nio
345 4606 481 4671 Cincitici
503 4607 610 4665 vicunt,
639 4605 716 4659 illud
738 4604 929 4674 propheticum
960 4605 1104 4677 inpletur:
1130 4607 1281 4662 anseribus
1307 4605 1425 4660 immisti
1451 4606 1598 4660 monachos
1622 4621 1652 4657 se
1676 4614 1779 4659 uacant
1807 4615 1835 4661 ct
1861 4609 1962 4676 repium

273 4693 408 4747 Smaraci
423 4709 476 4759 eos,
492 4699 518 4745 et
534 4691 672 4746 moechati
688 4697 751 4743 cunt
766 4698 793 4743 et
807 4691 838 4744 in
851 4691 933 4745 domo
949 4693 1104 4745 meretricis
1131 4695 1224 4748 lunum
1241 4694 1402 4762 affectantes
1420 4693 1626 4747 mendicitatem
1638 4700 1821 4760 praetemunt.
1856 4693 1902 4750 De
1916 4695 1962 4749 hoc

271 4778 500 4846 lumsriabantur,
517 4777 580 4834 Jer.
599 4780 628 4832 b.
661 4776 705 4832 De
722 4775 807 4830 trane
825 4775 953 4830 Cornelio
970 4778 1104 4832 monacho
1116 4756 1118 4837 l
1130 4779 1324 4835 monachorum
1341 4778 1408 4833 luxu
1425 4783 1514 4834 exstat
1530 4776 1705 4848 proverbium
1723 4776 1863 4835 Friderici
1883 4782 1961 4854 impe

270 4864 356 4922 refert
373 4863 532 4920 Metersnus
554 4867 627 4933 pert.
652 4866 677 4916 2.
701 4860 763 4916 hist.
784 4861 864 4932 Belg.
888 4861 935 4917 lib.
956 4868 979 4921 8.
999 4881 1026 4933 p.
1044 4864 1241 4920 385.¹ratoris:

270 4951 345 5024 qnod
364 4966 438 5005 anno
460 4948 562 5005 Christi
583 4952 657 5003 1578.
693 4948 1031 5033 Bmpnsormmnmmn
1048 4951 1118 5003 uir-i
1205 4952 1265 5006 Vise
1282 4949 1487 5017 monasterium,
1506 4950 1533 5004 si
1549 4949 1591 5003 cis
1607 4967 1774 5019 capnoscere
1794 4953 1900 5009 lumem.

269 5037 379 5107 modus
397 5045 423 5090 et
440 5034 603 5089 mulieribus
614 5050 671 5103 pro
684 5035 815 5087 concione
828 5036 1013 5103 persuaserit,
1031 5043 1062 5088 ut
1073 5051 1102 5087 se
1129 5037 1303 5092 Hermennus
1322 5036 1351 5090 in
1368 5035 1495 5089 chronico
1513 5035 1586 5106 quod
1604 5032 1766 5091 inscmbitur
1779 5036 1880 5095 Floras
1900 5048 1963 5096 tem·

270 5131 328 5179 toto
344 5138 460 5192 corpore
480 5122 604 5175 mucimus
621 5120 656 5172 ab
675 5120 729 5174 isto
747 5119 826 5173 birca
844 5121 943 5184 fereda
964 5121 1102 5174 lenissime
1127 5141 1226 5195 porum
1243 5123 1279 5178 de
1296 5120 1428 5178 coenobio
1444 5119 1598 5176 Erestheim
1616 5119 1656 5176 sic
1676 5121 1793 5180 scribit:
1818 5126 1900 5181 Prota
1920 5130 1963 5180 do

267 5210 380 5280 percuti
395 5213 573 5279 paterentur,
592 5207 670 5275 quod
686 5214 711 5260 et
728 5206 831 5259 multae
848 5207 985 5270 fecerunt,
1003 5207 1102 5277 quibem
1129 5210 1181 5276 lor,
1200 5216 1281 5264 tanta
1297 5210 1430 5262 meduna
1449 5215 1569 5277 tempore
1584 5208 1613 5283 in
1627 5208 1725 5262 eodem
1737 5211 1875 5284 coenobio
1887 5214 1963 5278 facto

271 5296 332 5365 ipse
352 5293 511 5365 persuasit,
537 5292 614 5367 quod
637 5291 667 5343 in
689 5292 742 5345 boc
767 5299 925 5360 spontanea
949 5294 1103 5347 nudatione
1129 5303 1169 5349 est
1186 5295 1301 5348 mutabo
1322 5295 1502 5347 nondectroe
1512 5291 1635 5359 Excelsi,
1653 5286 1706 5346 sed
1718 5296 1962 5362 potiussinistras

272 5380 400 5450 corporis
416 5387 548 5449 tanqrram
560 5375 727 5433 humilitatis
738 5376 818 5444 nono
831 5378 903 5431 bona
913 5380 1102 5457 poenitentiqe
1128 5381 1239 5450 diaboli
1255 5381 1412 5448 maledicti,
1436 5382 1467 5433 in
1485 5386 1593 5461 tantum
1610 5382 1688 5453 quod
1705 5382 1804 5458 potirer
1824 5386 1888 5439 dici
1900 5403 1963 5457 pos·

269 5482 341 5538 pars
365 5467 531 5529 σοιιείιιιιιι,
574 5461 669 5525 Simile
694 5462 850 5535 exemplum
868 5478 902 5518 ex
919 5463 1009 5519 Paulo
1027 5465 1099 5543 Gril-
1127 5468 1164 5522 sit
1175 5468 1365 5537 prosumslum
1379 5468 1513 5542 lascivias
1527 5460 1655 5521 camelis
1666 5484 1751 5547 quam
1763 5474 1963 5528 memorerm
