4004 6022
807 241 860 304 DE
879 242 1072 307 emansit„
1724 254 1784 316 477

90 404 164 464 alia.
200 405 266 463 Pari
286 405 391 462 ratione
409 402 548 462 Pontifioii
567 404 698 462 deitatem
717 405 745 459 iu
764 405 865 459 malim
877 403 926 457 mi-
953 412 1029 457 retro
1053 403 1156 457 maiis
1183 400 1213 456 in
1232 411 1289 457 trss
1306 411 1397 457 sectas
1411 402 1508 469 sitisse
1523 403 1644 474 dioisom
1667 401 1787 459 Esseno-

90 502 176 549 natm
201 493 274 549 Deos
300 493 500 563 dispertiuntur
525 509 559 547 ac
577 498 713 547 certorum
732 490 926 547 beneficiorum
952 507 1030 549 rum.
1063 489 1276 543 Saducmorum
1305 498 1332 542 et
1359 490 1589 545 Pharisaeorum.
1637 490 1742 544 Esseni
1768 507 1786 544 a

91 580 270 651 elargitioues
290 585 484 649 certatumque
507 596 599 634 rerum
624 578 832 649 procurationes
856 577 928 630 inter
954 576 1092 628 communi
1111 576 1252 628 hominum
1274 575 1406 629 reumate
1429 576 1558 644 separati
1574 576 1713 639 meabant,
1731 577 1787 642 sa·
1816 639 1821 651 ‚

90 671 206 720 sanctos
231 664 408 720 distribuunt.
444 663 490 719 Sic
513 664 709 734 christophoro
732 663 927 717 commiserunt
954 661 1072 715 cultates
1089 662 1225 715 habebant
1241 678 1410 726 conrmunes,
1430 678 1531 714 osores
1548 661 1578 713 in
1595 678 1674 715 saum
1691 677 1786 716 coeno·

90 750 307 821 prohibitionem
320 749 479 821 repentinae
493 749 596 814 morus,
615 749 778 806 Sebastiano
792 756 820 803 et
829 747 926 802 Rocho
954 747 1029 799 mum
1054 764 1110 800 non
1133 747 1331 814 admittebant,
1358 748 1455 801 erebro
1478 748 1645 815 jejunabant
1665 755 1691 800 et
1714 749 1788 802 banc

90 838 190 907 pestis,
221 836 344 892 Antonio
368 836 442 908 ignis
466 836 537 890 sacri
558 841 611 891 etc.
650 836 694 890 De
716 834 815 890 Stoicis
843 834 925 889 etiam
953 833 1027 885 uitae
1065 834 1202 886 rationem
1237 851 1292 902 pro
1328 841 1404 886 statu
1435 834 1622 901 perfeetionis
1659 835 1788 888 vendico-

90 927 227 977 memorat
250 921 425 993 Augustinus
447 922 495 976 lib.
518 928 557 978 19.
578 922 614 976 de
631 922 683 978 civ.
703 921 756 976 Dei
775 940 798 977 c.
817 928 842 976 4.
867 928 926 973 tan-
954 918 1019 970 bant
1044 924 1095 973 etc.
1140 918 1200 972 Illis
1229 924 1309 972 muta
1340 917 1521 974 similitudine
1550 920 1692 989 conjuncti
1723 928 1789 975 sunt

90 1017 151 1062 nrm
169 1010 316 1079 superbiae
334 1016 475 1077 saporem
492 1009 523 1060 in
541 1007 602 1060 illis
611 1008 718 1073 saissa
745 1014 776 1060 ut
792 1024 926 1059 amomum
953 1003 1095 1071 monachi,
1120 1010 1152 1059 nt
1175 1004 1314 1058 Eusebius
1339 1005 1387 1059 lib.
1410 1011 1433 1059 2.
1452 1004 1514 1059 hist.
1535 1004 1631 1061 eccles.
1652 1024 1676 1062 c.
1700 1012 1739 1061 lb.
1759 1007 1787 1060 iu

91 1095 195 1148 bonum
222 1096 253 1147 in
277 1112 306 1148 se
333 1095 389 1147 sibi
410 1111 468 1148 esse
494 1095 633 1161 dicerint,
660 1110 742 1163 seque
764 1112 783 1145 a
809 1093 926 1162 seipsis
953 1106 1072 1144 errorem
1100 1107 1151 1158 per
1182 1091 1259 1145 illam
1284 1090 1492 1146 similitudinem
1517 1091 1647 1146 inductus
1675 1098 1788 1162 statuat,

91 1182 189 1234 beatos
201 1182 270 1250 fieri
287 1181 455 1250 moverint,
472 1197 506 1234 sc
524 1179 571 1234 lib.
585 1180 619 1233 de
630 1179 775 1249 Epicureis
786 1183 815 1233 et
827 1178 926 1233 Stoicis
952 1175 1072 1231 Essenos
1095 1177 1171 1241 illos,
1197 1193 1313 1248 quorum
1339 1177 1471 1232 enadda
1497 1177 1578 1232 Philo
1601 1185 1629 1233 st
1647 1178 1787 1251 losephus

92 1268 123 1320 in
143 1266 185 1319 his
204 1265 393 1337 reprehendit,
424 1270 502 1336 quod
523 1268 609 1320 uitam
633 1267 742 1320 matam
764 1283 819 1336 per
838 1267 927 1319 animi
953 1262 1125 1331 describunt,
1149 1263 1236 1318 fulsse
1258 1263 1443 1332 Christianos,
1472 1280 1535 1317 cum
1560 1264 1658 1318 itidem
1683 1273 1714 1318 ut
1731 1284 1786 1320 mo·

90 1353 210 1407 mrtutes
234 1354 348 1422 acquiri
370 1354 538 1422 putaverint.
582 1354 627 1407 Ita
651 1369 762 1423 quoque
787 1352 926 1407 Pontificii
953 1349 1038 1403 nacti
1053 1351 1172 1404 uiaaint
1189 1352 1219 1403 in
1236 1351 1430 1418 monasteriis,
1457 1351 1599 1403 camarina
1623 1353 1786 1421 antiphona

93 1439 210 1502 docent,
229 1438 378 1493 virtutibus
401 1447 429 1494 et
445 1438 575 1509 operibns
595 1455 732 1510 quemque
749 1439 806 1493 suis
827 1439 925 1492 summi
953 1437 1129 1490 deseruerint
1143 1437 1310 1501 facultates,
1335 1437 1454 1504 legeint
1474 1436 1654 1506 Sumpturos,
1672 1440 1787 1505 suerint

91 1525 160 1580 boni
185 1524 424 1595 participationem
449 1525 555 1579 mereri
590 1524 661 1579 Cum
685 1525 778 1581 Stoica
802 1524 925 1592 inebria
953 1524 1133 1586 continentes,
1156 1524 1335 1578 conuenae-int
1355 1524 1396 1575 ad
1415 1530 1544 1595 asperior
1562 1525 1667 1578 orandi
1682 1527 1785 1594 pratia,

92 1611 289 1680 cognationem
305 1609 390 1665 babet
409 1610 605 1665 monachorum
618 1609 761 1684 ieropyla,
781 1627 843 1664 cum
854 1609 925 1665 Stoi·
953 1609 1154 1662 celebraverint
1177 1609 1359 1677 poententiam
1383 1610 1519 1678 pasobale
1537 1610 1652 1677 hymnos
1671 1619 1785 1665 cantan-

93 1712 189 1750 corum
212 1693 410 1768 κατορθώμασι
437 1697 579 1765 pemuado
602 1696 770 1751 monachalis
793 1697 829 1751 de
851 1701 926 1750 statu
952 1704 1008 1757 tes,
1037 1696 1185 1749 bahumnt
1214 1697 1351 1749 diaconos
1379 1704 1405 1748 st
1434 1697 1588 1764 episcopos.
1629 1696 1684 1752 Sed
1711 1696 1786 1751 hunc

93 1782 274 1852 perfectiouis
303 1788 331 1836 et
357 1782 486 1852 operibus
510 1783 763 1853 supererogationis
789 1788 841 1837 etc.
883 1783 926 1837 De
952 1781 1066 1837 Eusebii
1092 1796 1211 1836 errorem
1236 1781 1413 1835 validissimis
1439 1782 1611 1852 argumentis
1639 1782 1788 1853 castigavit

94 1867 239 1937 Epicureis
257 1875 360 1936 notum,
379 1867 454 1938 quod
471 1867 654 1937 inuoluptate
671 1885 807 1923 summum
824 1868 925 1923 bonum
952 1865 1066 1937 Jossph.
1084 1866 1209 1937 Scaliger
1227 1867 1256 1921 in
1276 1867 1333 1922 suis
1348 1866 1640 1929 ammadversionibus.
1672 1867 1786 1924 Eusein

95 1954 302 2018 consutuerint‚
331 1954 535 2024 providentiam
566 1954 686 2008 divinam
716 1962 745 2008 st
773 1954 926 2009 animarum
953 1952 1138 2022 patrocinium
1167 1958 1262 2007 nostro
1291 1959 1416 2022 tempore
1447 1953 1570 2023 suscepit
1603 1953 1664 2010 Nic.
1697 1953 1785 2008 Seras.

95 2039 330 2094 immortalitatem
353 2039 525 2110 negaverint.
562 2038 617 2095 Sed
641 2040 721 2093 multi
738 2040 881 2110 pontifices
900 2047 928 2096 st
953 2038 1062 2093 lesuita
1088 2037 1270 2109 Mogentiana
1300 2039 1329 2092 in
1359 2037 1405 2093 lib.
1439 2039 1630 2094 trihaeresium
1659 2056 1719 2112 cap.
1748 2047 1787 2098 tt.

95 2126 213 2195 praeisti
230 2126 259 2179 iu
278 2125 395 2180 ecclesis
412 2125 539 2179 Romana
556 2126 614 2180 vita
633 2131 661 2179 et
677 2126 799 2181 moribus
819 2144 848 2181 se
861 2128 927 2197 Epi·
953 2124 1003 2178 sed
1029 2124 1199 2195 argumentis
1224 2124 1329 2195 oppido
1346 2123 1485 2189 leviculis,
1513 2132 1545 2180 ut
1566 2126 1681 2182 cuilibet
1699 2127 1788 2197 prImo

94 2230 191 2268 eureos
214 2229 274 2267 esse
295 2212 390 2266 testati
410 2217 488 2274 sunt,
515 2212 589 2266 unde
612 2210 826 2266 Panormitanus
852 2213 927 2283 dicit,
954 2210 1055 2265 intuitu
1084 2217 1209 2281 apparet.
1250 2210 1316 2266 Vim
1345 2211 1455 2265 illorum
1485 2211 1538 2266 hac
1564 2212 1626 2268 vice
1655 2230 1712 2268 non
1742 2231 1787 2268 ex-

41 2307 81 2350 to.
95 2299 199 2352 mades
216 2299 364 2367 pontr'jices
391 2298 530 2365 ejusmodi
553 2299 641 2350 uitam
660 2316 758 2365 apere,
784 2308 814 2352 ut
832 2300 928 2352 ruisi
954 2297 1121 2366 pendemus,
1150 2297 1199 2352 sed
1222 2296 1327 2351 sufficit
1349 2296 1447 2367 nobis,
1470 2296 1612 2352 monachis
1635 2298 1788 2355 Pontificiis

95 2385 163 2437 mite
190 2400 246 2436 non
273 2383 324 2447 sit,
351 2383 418 2436 iilos
442 2384 484 2436 uel
507 2384 738 2437 recausationem
758 2393 928 2439 anonumum
954 2388 1059 2436 mutam
1077 2399 1141 2437 cum
1161 2382 1274 2438 Essems
1293 2383 1486 2452 cognationem
1504 2383 1688 2451 intercedere,
1706 2391 1739 2440 ut
1758 2387 1787 2441 in

95 2472 141 2525 uei
160 2472 246 2523 uitam
264 2478 408 2522 aeternam
425 2471 547 2524 medere.
592 2467 745 2524 ”Gerson
763 2477 832 2541 part.
851 2477 876 2527 3.
894 2471 929 2525 ds
954 2468 1078 2523 ordinem
1102 2486 1182 2523 suum
1208 2475 1308 2540 sponte
1326 2469 1436 2524 eosdem
1456 2476 1593 2541 coeptant.
1630 2468 1787 2527 Sadueaeo·

97 2559 189 2611 indus.
211 2555 298 2610 cord:
327 2554 511 2609 Commutaeit
529 2555 648 2609 cutam
664 2557 766 2610 maltos
784 2559 928 2625 aemilium
953 2572 1014 2608 rum
1031 2555 1124 2624 opinio
1144 2560 1212 2624 erat,
1230 2571 1294 2608 cum
1311 2568 1425 2625 corpore
1443 2555 1582 2627 exstingui
1596 2557 1709 2626 ammas,
1727 2573 1784 2612 non

93 2646 183 2710 ritrss,
213 2661 269 2695 non
299 2659 346 2695 eos
370 2644 484 2711 penitus
511 2644 669 2706 auferendo
696 2649 748 2699 etc.
792 2644 928 2699 Manius
953 2657 1013 2696 esse
1042 2639 1186 2711 angelum,
1217 2655 1269 2694 noc
1298 2639 1440 2710 spIritum,
1474 2658 1527 2697 nec
1556 2643 1785 2698 resurrectionem

93 2739 160 2785 tom.
181 2734 205 2783 2.
231 2729 321 2785 annal
346 2745 418 2782 anno
442 2727 545 2784 Christi
565 2735 623 2784 200.
643 2746 719 2786 unm.
739 2737 763 2785 t.
781 2739 927 2802 postquam
953 2733 1122 2782 mortuorum
1141 2725 1203 2782 Act.
1223 2731 1265 2794 23,
1283 2743 1309 2782 v.
1328 2733 1350 2782 8.
1386 2728 1481 2796 Hujus
1500 2735 1593 2783 sectae
1608 2731 1697 2800 pauci
1714 2739 1786 2800 sant,

94 2815 262 2887 agnovisset,
281 2813 353 2868 tales
372 2814 585 2870 consuetudines
603 2816 633 2869 iu
651 2816 747 2886 primis
765 2816 927 2872 Christianis
953 2813 1044 2883 inquit
1062 2811 1212 2884 bosepbus,
1229 2814 1281 2866 ssd
1297 2814 1362 2876 fere
1382 2814 1519 2881 dipsitate
1535 2817 1700 2885 prascspai,
1719 2831 1786 2871 con·
1900 2843 1903 2849 ·

94 2901 188 2956 adhuc
217 2917 250 2954 ex
275 2898 445 2954 Ethnicismo
469 2901 590 2972 reliquas
618 2908 740 2972 tempore
764 2902 928 2958 Tertulliani
953 2905 1010 2954 stat
1024 2899 1106 2964 enim,
1125 2899 1260 2970 quosdam
1272 2914 1393 2953 summos
1405 2900 1563 2956 sacerdotes
1575 2904 1652 2974 apud
1663 2903 1787 2958 iudaeos

94 2986 175 3060 gravi
192 2985 277 3041 fuisse
296 3001 414 3040 censura
430 2991 560 3055 notatas,
577 2987 656 3041 addit
672 2996 778 3057 nmen,
801 2989 927 3044 consideo
953 2985 1039 3040 muse
1063 2985 1230 3043 saducaeos.
1267 2985 1391 3041 (lenistri
1417 2987 1504 3057 igitur
1521 2996 1637 3057 possunt
1652 3006 1716 3044 cum
1736 2991 1785 3044 Sa·

89 3083 193 3145 postea
211 3074 400 3126 introductum
419 3074 519 3138 vidui,
537 3082 568 3126 ut
584 3092 656 3143 quae
674 3085 756 3130 erant
772 3077 928 3146 pentitstias
954 3073 1067 3128 ducaeis
1082 3070 1229 3143 pontifices
1247 3072 1375 3137 Romani,
1394 3089 1510 3144 quorum
1528 3073 1666 3146 flagitiosa
1678 3076 1737 3130 rita
1748 3075 1786 3130 ab

95 3158 301 3230 arpastdionis
319 3159 426 3229 officia,
445 3163 544 3213 eadem
560 3162 621 3215 ceri
638 3163 698 3214 Dei
712 3164 790 3216 cada
806 3165 929 3226 senodi-
953 3159 1091 3214 historicis
1112 3158 1250 3228 descripta
1266 3159 1394 3228 ostendit,
1412 3159 1480 3231 qnid
1499 3160 1660 3215 deminae
1678 3161 1786 3215 immor·

96 3256 163 3301 cata
180 3264 210 3299 rn
228 3261 311 3298 uerae
330 3245 476 3313 religionis
494 3247 598 3300 cauum
613 3248 844 3316 impenderentur.
879 3248 929 3314 (Et
953 3245 1074 3314 talitats,
1103 3245 1302 3300 resurrectione
1331 3250 1502 3299 mortuorum
1534 3251 1562 3300 et
1590 3245 1648 3300 vita
1673 3252 1786 3302 aetem

96 3340 172 3388 certe
194 3330 234 3385 sic
257 3330 346 3384 visum
373 3329 427 3384 tuit
449 3340 560 3401 postea,
585 3349 640 3387 non
663 3333 700 3387 ab
724 3333 802 3388 initio
825 3335 927 3389 Ethno
954 3337 1093 3394 sumunt,
1121 3331 1188 3402 quin
1205 3331 1261 3384 imo
1279 3329 1392 3401 quidam
1409 3346 1443 3385 ex
1460 3331 1527 3402 ipsis
1548 3330 1706 3388 Seducaeas
1722 3334 1785 3389 illas

95 3415 223 3489 phronis,
256 3416 291 3470 de
321 3433 436 3487 quorum
462 3416 570 3472 haussi
593 3417 784 3474 Dmucenns
805 3420 868 3475 libr.
892 3421 928 3474 ds
954 3417 998 3488 op'
1022 3417 1095 3472 'oum
1126 3417 1236 3471 dimrtis
1260 3415 1351 3471 verbis
1376 3417 1542 3489 quandoque
1568 3425 1634 3473 suut
1659 3419 1786 3489 professi.

96 3504 202 3558 haeres
229 3510 258 3557 et
282 3502 396 3558 Nicetes
422 3502 484 3557 libr.
510 3509 535 3557 4.
561 3503 682 3559 thesaur.
705 3505 775 3559 orth.
799 3505 845 3562 fid.
863 3507 928 3562 hae·
1022 3502 1151 3558 Iohanne
1175 3502 1286 3558 XXIII.
1315 3502 1462 3557 concilium
1487 3503 1698 3560 constantiense
1730 3505 1786 3561 tale

96 3606 148 3644 res.
166 3594 210 3646 42.
229 3588 302 3660 quod
323 3606 386 3642 eum
405 3589 530 3670 gentium
546 3590 674 3644 instituta
692 3599 880 3662 sequerentur,
899 3592 928 3646 in
954 3591 1060 3662 proteri
1082 3590 1216 3661 elogium:
1252 3590 1343 3659 Saepe
1366 3597 1394 3644 st
1415 3591 1529 3659 saepia
1553 3605 1649 3645 eoram
1667 3592 1787 3647 diuerm
1798 3602 1835 3644 xl.
1848 3600 1895 3644 att.

96 3676 159 3731 aliis
183 3674 288 3730 ineunt
307 3674 457 3729 Christiani
479 3676 625 3745 gentilium
652 3676 756 3731 rituum
783 3685 812 3732 et
834 3695 928 3748 super·
951 3677 1094 3749 praetatis
1112 3684 1139 3730 et
1155 3677 1224 3731 aliis
1240 3676 1364 3730 benedis
1381 3685 1408 3730 st
1423 3679 1521 3747 probis
1543 3679 1613 3732 uiris
1631 3680 1786 3748 pertinaci-

97 3761 242 3817 stitionum
259 3761 468 3828 imitatores.)**
954 3773 997 3819 ter
1015 3765 1131 3818 diabdo
1148 3765 1285 3817 meademe
1304 3763 1376 3816 dicit
1395 3771 1420 3817 et
1437 3765 1557 3818 assernit
1575 3772 1600 3818 st
1616 3767 1786 3835 dopmatisa·
1824 3829 1827 3833 ,

48 3874 64 3904 ι
133 3854 192 3905 229.
226 3849 254 3902 A
277 3847 395 3902 iudaeis
419 3848 554 3918 quosdam
577 3848 647 3902 ritus
665 3849 810 3903 eeclesiam
828 3851 928 3906 Boma-
954 3851 993 3903 uit
1009 3858 1038 3903 et
1055 3851 1205 3913 adstruant,
1222 3849 1308 3903 uitam
1327 3856 1469 3902 mnam
1487 3867 1543 3903 non
1561 3867 1628 3920 esse,
1646 3853 1787 3920 quinimo

41 3917 84 4008 ff„
97 3953 162 3992 nam
181 3940 335 3989 mutuatam
355 3951 415 3990 esse
432 3950 488 3989 nou
505 3933 659 3989 diffitentur
675 3935 788 4006 qnidam
806 3952 839 3991 ex
856 3938 929 3993 Pon-
955 3938 1028 3989 dicit
1045 3944 1072 3989 et
1083 3936 1271 4004 pertinaciter
1288 3935 1428 3999 madida,
1446 3936 1568 3988 animam
1587 3938 1707 3992 hominis
1724 3954 1786 3991 arm

41 4020 196 4112 gamans
231 4019 414 4075 Bellarminus
441 4020 502 4077 libr.
528 4026 552 4077 3,
582 4020 616 4074 de
643 4020 709 4077 cult.
736 4031 822 4077 sanct.
854 4040 878 4079 c.
904 4030 928 4080 t.
955 4038 1074 4092 corpore
1095 4023 1216 4076 hmnano
1240 4023 1316 4074 mori
1340 4029 1366 4075 et
1390 4022 1529 4090 cenaeus·
1552 4026 1593 4075 ad
1615 4023 1707 4076 instar
1726 4018 1786 4077 ani-

41 4143 43 4151 ·
98 4127 202 4181 amram
228 4107 400 4161 haerediolum
424 4109 535 4174 confert
559 4125 621 4160 cum
648 4125 724 4176 aqua
751 4111 930 4177 probationis
955 4112 1072 4164 matium
1090 4110 1245 4175 mutorum,
1276 4109 1416 4178 dicitque,
1440 4115 1579 4162 mortuam
1598 4109 1683 4163 semei
1701 4111 1785 4163 etiam

99 4199 181 4252 Num.
203 4199 228 4248 b.
256 4201 281 4246 et
306 4194 475 4263 expiationis
493 4193 577 4249 Num.
596 4196 638 4248 19.
670 4193 821 4248 Durandus
840 4196 869 4249 in
887 4211 929 4250 ra·
950 4198 985 4250 in
1003 4197 1150 4251 murima
1168 4197 1215 4249 die
1225 4195 1338 4248 minime
1351 4210 1410 4248 esse
1421 4203 1650 4249 resurrecturam.
1676 4196 1735 4252 Leo
1748 4195 1785 4252 X.

98 4282 194 4338 tionali
213 4279 275 4335 libr.
295 4285 317 4335 1.
343 4296 367 4335 e.
389 4286 409 4335 l.
433 4278 610 4334 luminarium
629 4296 709 4334 mum
728 4297 761 4334 ex
779 4280 814 4336 V.
832 4280 866 4341 T.
886 4298 929 4336 ar-
955 4283 1095 4353 ingentem
1123 4282 1302 4352 pecuniarum
1331 4280 1492 4336 messurum
1520 4281 1654 4337 mrdinsli
1681 4281 1786 4339 &mbo

98 4368 194 4426 cessit:
223 4366 408 4419 illuminatur
431 4365 550 4418 ecclesio
573 4366 683 4436 (inquit)
713 4383 746 4420 ea
769 4371 931 4438 praeceptis
955 4368 1102 4423 ostendens
1126 4366 1249 4422 dicebat:
1282 4367 1368 4436 Vide,
1392 4376 1525 4436 quantum
1543 4369 1623 4421 nobis
1640 4369 1787 4438 pensem

97 4454 231 4521 Domini,
259 4454 334 4506 ande
362 4453 391 4504 in
420 4453 523 4506 Exodo
550 4454 671 4521 lepitar:
698 4455 833 4523 praecipe
860 4456 930 4519 filiis
946 4454 1057 4522 sabula
1087 4455 1123 4506 de
1151 4453 1269 4506 Christo.
1304 4452 1461 4509 Pharisaeis
1485 4452 1599 4509 clericos
1624 4452 1785 4508 Pontificio·

95 4545 212 4605 Aaron,
244 4547 274 4592 ut
299 4540 418 4609 offerant
447 4540 536 4592 oleum
559 4542 595 4592 de
617 4541 765 4594 arboribus
791 4541 929 4594 olivarum
950 4543 1011 4612 jam
1034 4539 1100 4594 olim
1122 4539 1293 4609 comparavit
1316 4538 1459 4597 Jomnnes
1485 4538 1708 4611 Sarisberisnsis,
1736 4542 1784 4613 qui

92 4627 291 4699 purissimum
315 4634 346 4677 ut
370 4627 472 4678 ardmt
492 4626 608 4678 lacerna
626 4643 736 4694 semper
753 4629 783 4679 in
802 4628 929 4681 sabeme-
953 4629 1028 4683 cuca
1045 4641 1147 4680 mum
1159 4624 1262 4680 Christi
1281 4631 1354 4682 tito.
1373 4626 1401 4679 in
1420 4643 1469 4682 suo
1480 4626 1639 4697 policratico
1651 4627 1687 4682 de
1699 4627 1783 4699 nugis

95 4714 160 4768 ario
180 4712 336 4766 usdmonii.
372 4710 460 4766 Totus
477 4718 590 4766 ornatus
608 4711 764 4766 mhsaticus
775 4708 1098 4768 mmusmrisunalium
1126 4711 1165 4766 sic
1193 4710 1303 4766 scribit:
1331 4712 1437 4766 Sedent
1461 4714 1492 4766 in
1518 4714 1636 4767 secusia
1654 4707 1788 4769 Romana*

95 4797 282 4854 tenuem
300 4797 475 4852 sacerdotum
492 4798 621 4851 restitum
639 4804 690 4852 etc.
708 4757 942 4883 nummulari-l
955 4801 1071 4856 Scribas
1098 4808 1124 4852 et
1146 4799 1300 4852 Pharisaei
1321 4807 1454 4868 ponentes
1481 4816 1568 4853 onera
1594 4801 1785 4870 importabilia

96 4901 146 4939 cus
161 4885 208 4940 lib.
228 4890 252 4940 2.
272 4883 308 4937 de
326 4881 400 4937 offic.
418 4882 570 4936 ecclesiast
587 4899 612 4939 c.
627 4887 668 4939 tt.
688 4883 764 4951 dicit,
782 4885 984 4941 ecclesiam'in
1010 4889 1139 4941 humaos
1162 4886 1308 4938 hominum.
1354 4885 1490 4951 Pontissa
1517 4904 1636 4956 magnus
1662 4887 1786 4942 omnsbm

95 4973 256 5025 uestimenta
286 4988 370 5024 sama
403 4972 538 5038 ναυαγίαι
567 4973 608 5022 ad
634 4971 725 5024 instar
752 4975 929 5026 sacerdotum
953 4974 1048 5042 mauis
1072 4981 1097 5027 et
1118 4989 1211 5040 paene
1233 4971 1420 5025 intolerabilis
1444 4979 1495 5041 est,
1522 4975 1562 5026 ita
1580 4974 1786 5028 merceantur

98 5058 246 5111 Mosaicee
269 5058 348 5124 lepis.
385 5055 445 5112 Nec
469 5058 557 5109 solum
580 5054 648 5108 ritus
673 5056 807 5126 quosdam
826 5075 859 5112 ex
880 5059 928 5113 ab
954 5061 1017 5129 ejus
1034 5060 1136 5127 zenan,
1154 5075 1189 5112 ae
1205 5060 1233 5110 si
1250 5059 1292 5110 ad
1304 5058 1514 5127 stapeliandam
1531 5059 1675 5112 ecclmiom
1695 5076 1785 5128 sprer-

97 5151 194 5215 rogato
213 5144 242 5197 in
261 5143 295 5199 N.
313 5143 347 5197 T.
365 5142 489 5197 Invideo
501 5142 663 5205 sacerdotio,
681 5142 730 5196 sed
749 5141 831 5197 etiam
845 5160 928 5214 qnae·
953 5164 1000 5199 sus
1020 5147 1059 5198 sit
1078 5145 1169 5200 Satan
1191 5163 1209 5196 a
1225 5145 1305 5209 facie
1324 5145 1450 5198 Domini.
1488 5147 1595 5198 Nocent
1619 5146 1733 5215 saepius
1758 5155 1785 5202 st

98 5230 163 5285 dam
187 5228 319 5301 dogmata
342 5229 378 5284 ab
400 5228 517 5284 ecclesia
534 5227 656 5282 iudaice
672 5228 870 5297 posterioribus
887 5247 928 5285 se·
954 5234 985 5286 in
1002 5249 1033 5286 eo
1058 5231 1173 5286 diabolo
1194 5238 1266 5283 mnt-
1276 5230 1451 5300 persimiles,
1476 5232 1556 5299 apud
1580 5247 1626 5284 eos
1642 5233 1785 5301 judicium

99 5316 168 5370 culis
187 5321 317 5385 corrupta
334 5315 370 5368 ad
388 5331 417 5370 se
433 5313 804 5385 uanstnlernntPapicoiae.
833 5315 930 5373 Refert
954 5319 1026 5372 mna
1051 5325 1090 5371 est
1118 5317 1175 5370 nisi
1197 5315 1313 5385 publiea
1339 5330 1453 5372 maces.
1501 5316 1651 5378 Quaestum
1679 5316 1785 5375 omnem

99 5401 237 5472 Iosephus
262 5402 307 5457 lib.
328 5408 368 5458 ta.
390 5402 475 5472 antiq.
501 5401 612 5458 duduc.
637 5417 660 5456 o.
679 5407 704 5457 2.
728 5408 757 5455 et
781 5401 828 5457 lib.
847 5409 871 5459 2.
894 5404 930 5459 de
954 5410 1085 5474 reputare
1096 5403 1239 5471 pietatem,
1257 5403 1476 5471 iristificantpro
1491 5404 1784 5478 muneribusimpium,

101 5487 172 5547 bello
196 5488 314 5543 ludaico
341 5505 364 5542 c.
389 5494 413 5543 7.
448 5489 578 5541 ludaeos
604 5488 670 5556 jam
698 5489 765 5541 inde
789 5505 809 5542 a
825 5470 1080 5560 >malamina
1096 5497 1216 5557 prorant
1234 5488 1436 5557 condentes,
1454 5500 1526 5543 auro
1544 5497 1570 5545 st
1588 5488 1703 5562 meanto
1721 5508 1783 5549 oste·
