4004 6022
872 224 926 298 tis
944 216 1136 300 tuentem.
1425 213 1430 221 ¹
1789 228 1847 312 m

157 398 183 452 ³.
199 382 319 454 veteres
337 398 511 470 nequaqnam
532 398 739 460 contemnimus,
759 397 809 453 ssd
828 416 875 453 eos
893 405 924 452 nt
941 414 989 468 pe·
1020 401 1201 453 sacrationem
1219 398 1278 452 suis
1289 396 1441 469 dismprslis
1453 390 1609 453 tradidisse
1617 398 1695 471 pane
1709 383 1852 456 lineata&

156 490 214 537 tras
246 482 389 538 habemus.
438 481 466 539 Si
495 483 561 554 quid
590 489 748 554 proponunt
778 483 839 537 voci
865 483 991 538 coelestis
1018 491 1044 537 et
1065 504 1130 539 mou
1147 488 1243 550 macto
1262 491 1344 554 atque
1363 483 1527 547 distributo,
1551 500 1606 539 non
1624 482 1695 538 enim
1714 479 1852 541 &nedixit

155 564 250 624 Patris
275 586 438 638 consonum,
465 568 534 624 illud
558 569 633 625 fideli
656 569 789 641 obsequio
807 577 991 640 acceptamus,
1017 578 1124 625 tantum
1142 578 1167 623 et
1186 570 1340 625 reservavit
1359 568 1389 623 in
1406 570 1568 639 maranum,
1585 568 1734 638 ne'csreqit
1745 564 1851 627 tanasni

156 657 200 710 sin
231 656 371 711 dissonum
403 654 508 727 aliquid
539 665 709 727 proponunt,
740 672 835 710 vocem
865 654 991 711 coelestis
1017 665 1042 709 et
1069 658 1206 728 reposuit,
1235 658 1289 712 sed
1303 659 1435 726 fractum
1462 657 1555 712 statim
1578 650 1728 711 distribuit.
1772 651 1851 713 Unde'

155 735 249 797 Pistris
268 741 456 813 praeferimus.
485 741 628 796 Habemus
647 759 693 797 ecs
710 749 742 797 ut
756 743 945 820 lumina,‘non
960 747 992 796 ut
1018 743 1180 796 Alexander
1204 745 1321 811 Mortqr
1348 751 1375 797 et
1402 742 1487 812 Papa
1514 740 1632 804 Quintus
1658 744 1695 796 ab
1720 742 1850 813 apostolo

155 828 272 882 numina
278 849 290 898 ;
315 834 347 883 ut
366 827 432 883 fldei
448 832 534 883 testes
552 845 584 883 ac
605 829 727 891 indices,
753 845 809 883 non
826 834 858 882 ut
867 828 989 898 judices.
1016 829 1102 883 Petro
1116 829 1278 898 passionem
1298 830 1417 884 Domini
1427 829 1553 883 inserens
1564 829 1669 882 canoni
1680 824 1782 884 maiae
1793 828 1850 884 ait:

155 904 296 970 Lutherus
319 915 348 968 in
368 930 391 968 c.
411 920 435 969 2.
453 913 553 970 Gener.
572 931 637 985 pag.
660 921 706 969 il:
738 915 862 968 Labores
876 922 989 983 patrum
1017 914 1080 969 Hoc
1105 917 1319 984 quotiescunque
1344 915 1483 982 secordis,
1508 913 1560 969 boc
1585 916 1626 967 esi
1647 914 1850 984 benedixeritis,

156 1001 289 1056 uenerari
305 1003 395 1069 decet,
413 1003 538 1070 suerunt
556 1001 655 1071 maqni
670 1001 738 1063 oiri,
764 1003 816 1054 sed
832 1009 923 1054 tomen
943 1001 990 1053 lto·
1008 1001 1160 1070 freqeritis
1178 1010 1204 1054 et
1222 999 1437 1068 distribueritis,
1456 1001 1486 1054 in
1512 1002 1567 1054 mei
1583 1001 1745 1055 memoriam
1754 1001 1849 1069 facie-

156 1089 258 1154 mines,
281 1090 332 1157 qui
351 1086 430 1158 lapsi
447 1095 511 1141 sunt
529 1095 559 1142 et
569 1094 721 1157 potuerunt
738 1086 813 1153 labi,
836 1104 870 1139 ne
889 1087 990 1156 effera·
1017 1087 1065 1152 tis,
1092 1088 1159 1157 quia
1184 1088 1328 1156 quodlibet
1348 1088 1447 1141 borum
1469 1089 1554 1141 trium
1576 1087 1643 1156 piat,
1671 1086 1778 1143 saliret
1802 1084 1851 1142 aui

155 1184 217 1228 mut
243 1190 289 1228 eos
309 1175 382 1228 sie-sd
400 1173 543 1241 monachi,
566 1174 617 1242 qui
634 1173 675 1226 sic
692 1174 816 1226 adorant
834 1174 928 1225 omrsio
946 1188 989 1224 eo·
1016 1171 1168 1227 benedictio
1186 1174 1246 1226 sine
1262 1175 1405 1240 fractione
1417 1178 1443 1227 et
1455 1173 1659 1239 distributione,
1677 1177 1728 1227 a'ut
1737 1174 1850 1243 fractio

155 1279 232 1329 rum,
251 1262 335 1330 quasi
349 1279 405 1315 non
420 1261 565 1330 potuerint
580 1276 701 1329 peccare
720 1266 772 1316 etc.
808 1259 919 1313 Certum
938 1262 989 1327 est,
1015 1261 1074 1312 sine
1098 1260 1285 1312 benedictione
1309 1268 1335 1313 et
1356 1259 1552 1313 distributione
1569 1258 1728 1329 perfectam
1750 1276 1849 1315 memo·

156 1349 227 1404 inter
254 1346 441 1419 apostolorum
466 1345 637 1402 vocationem
666 1351 694 1401 et
719 1351 829 1416 patrum
858 1361 988 1416 msgmm
1015 1345 1089 1397 riam
1104 1344 1212 1398 Christi
1227 1352 1495 1416 nonrepraesentat,
1512 1342 1850 1401 sicutdistrs‘litstionuila
1936 1379 1942 1388 -

157 1442 218 1488 esse
236 1433 396 1496 discrimen,
417 1448 466 1487 cur
481 1431 566 1496 initur
584 1432 687 1502 scripta
704 1439 812 1503 patrum
831 1431 989 1486 aestimare·
1015 1432 1075 1483 sine
1102 1432 1289 1486 benedictione
1315 1440 1341 1486 et
1362 1432 1514 1496 fractione.
1557 1428 1690 1486 Erasmus
1715 1431 1745 1486 in
1768 1437 1848 1489 tract.

156 1537 217 1574 mus
246 1518 433 1590 apostolorum
464 1519 574 1589 scriptis
605 1517 703 1588 paria?
750 1523 774 1573 t.
798 1517 827 1575 si
851 1511 989 1571 pontificii
1016 1518 1051 1572 de
1080 1517 1196 1572 amicsb.
1221 1517 1318 1572 eccles.
1341 1515 1483 1573 concord:
1523 1518 1660 1586 Tempore
1684 1519 1786 1572 retnis
1806 1535 1849 1574 ec·

154 1606 252 1660 nolunt
275 1605 372 1659 haberi
397 1611 580 1661 contemtores
603 1611 727 1675 patrum,
756 1603 868 1675 quaudo
888 1601 990 1674 scripta
1016 1604 1117 1658 clasiae
1140 1604 1267 1674 populus
1297 1623 1353 1658 non
1384 1603 1540 1657 cursitabat
1565 1605 1607 1656 ad
1631 1604 1782 1659 uidendum
1808 1604 1849 1673 id,

155 1709 250 1747 eorum
279 1690 432 1761 subjiciunt
457 1691 564 1761 judicio
587 1689 703 1745 Romani
726 1688 877 1760 pontificis,
902 1688 989 1742 multo
1016 1692 1092 1758 qrend
1108 1693 1241 1743 sacerdos
1260 1686 1394 1756 ostendit,
1420 1691 1472 1741 sed
1487 1689 1641 1758 prostratis
1659 1689 1737 1743 bumi
1753 1690 1850 1761 corpi-

156 1778 246 1832 minus
274 1793 324 1847 pro
352 1775 566 1831 contemtoribus
592 1777 701 1847 patrum
726 1774 824 1830 haberi
847 1773 988 1842 debemus,
1015 1776 1105 1842 ribam,
1136 1777 1239 1828 animis
1271 1776 1301 1828 in
1331 1776 1438 1829 coetum
1469 1776 1566 1828 erectis
1594 1774 1704 1843 qratias
1732 1774 1850 1845 aqebdsit

155 1864 266 1934 quando
291 1863 529 1932 interpretationes
554 1868 582 1916 et
606 1861 736 1933 dogmata
759 1877 854 1915 eorum
877 1858 989 1928 subiici·
1016 1859 1126 1915 Christo
1143 1862 1308 1929 redemtori,
1329 1861 1380 1930 qui
1397 1878 1446 1913 nos
1464 1878 1516 1913 sua
1534 1867 1622 1915 morte
1638 1860 1762 1918 redemit.
1801 1860 1849 1917 Se·

154 1966 216 2003 mus
241 1949 355 2019 Spiritui
379 1956 474 2002 sancto
499 1948 528 2002 in
544 1947 693 2018 Scripturis
713 1952 745 2001 et
765 1964 816 2017 per
833 1945 988 2015 Scripturas
1015 1964 1131 2019 quantur
1150 1948 1236 2018 igitur
1253 1945 1356 2002 Christi
1374 1938 1573 2001 ordinationem
1593 1954 1621 2001 et
1638 1942 1848 2013 institutionem,

155 2035 286 2105 loquenti.
336 2034 391 2102 Sed
420 2050 514 2087 verum
541 2035 626 2103 prius.
671 2032 798 2088 Duraeus
824 2033 854 2087 in
881 2031 986 2087 consui.
1015 2034 1061 2106 qui
1085 2051 1147 2088 cum
1174 2034 1366 2089 benedictione
1391 2040 1420 2089 et
1443 2030 1640 2088 distributibtie
1661 2027 1848 2090 mundititia

154 2138 225 2191 resp.
246 2117 363 2172 Witscls.
383 2122 433 2171 rat
455 2125 486 2173 t:
526 2119 628 2171 Patres
644 2135 700 2171 non
721 2125 866 2171 censentur
880 2126 987 2187 patres,
1015 2137 1076 2174 nem
1101 2119 1276 2174 eucharistici
1298 2119 1378 2190 panis
1398 2118 1556 2175 immediate
1575 2120 1733 2190 conjunxit,
1759 2126 1787 2175 et
1803 2116 1848 2175 ei·

153 2224 216 2258 casm
242 2222 321 2258 sumn
349 2205 475 2272 aliquid,
505 2205 582 2272 quod
606 2204 642 2255 ab
668 2203 786 2256 ecclesia
814 2202 877 2269 (hoc
902 2208 945 2257 est
970 2219 987 2256 a
1013 2206 1131 2277 spirabit
1158 2205 1308 2276 disputatio
1334 2204 1368 2260 de
1392 2203 1583 2275 permanentia
1605 2205 1729 2276 cdrpatis
1747 2203 1849 2260 Christi

153 2291 297 2363 pontifice,
324 2297 356 2347 ut
376 2291 457 2345 docet
474 2291 596 2360 analysis
614 2289 739 2360 superius
756 2289 912 2360 proposita)
930 2308 986 2342 non
1014 2295 1042 2346 in
1062 2291 1239 2356 eucharistia,
1259 2291 1282 2344 si
1301 2298 1457 2345 asservetur
1475 2290 1504 2345 in
1524 2290 1631 2362 aliquot
1644 2288 1710 2346 dies.
1744 2288 1847 2346 Notissi-

153 2386 334 2449 aeceperunt,
362 2377 405 2431 uel
429 2377 566 2444 seminent,
592 2377 634 2429 uel
659 2377 765 2431 docent.
803 2373 987 2430 Bellarminus
1014 2380 1078 2433 dum
1097 2395 1170 2447 vero,
1190 2381 1314 2448 ipsique
1332 2372 1656 2433 illudBellsrmih'iandnt
1669 2374 1848 2434 derenorstn

152 2466 201 2521 iib.
222 2470 246 2520 t.
266 2464 301 2519 de
320 2463 417 2520 concss.
437 2478 460 2518 c.
478 2468 522 2518 lt:
548 2463 717 2529 Pontificum
733 2461 845 2514 mereto
857 2462 986 2514 dissentia
1014 2484 1030 2520 a
1049 2466 1129 2520 nobis
1152 2480 1243 2519 errore
1260 2463 1424 2520 Nestoriano
1441 2479 1497 2518 non
1514 2462 1661 2519 contenire
1677 2478 1739 2518 cum
1756 2462 1849 2520 verbis

152 2552 309 2620 scrtpmrne
329 2566 444 2613 sacrae,
467 2556 498 2602 tt
522 2549 731 2613 distinerentur
750 2564 769 2600 α
782 2549 932 2616 profanes,
961 2557 987 2601 ss
1013 2551 1138 2607 lesuitse
1155 2550 1273 2616 suarez,
1292 2550 1340 2621 qui
1358 2557 1423 2606 tom.
1442 2557 1466 2606 ι.
1487 2546 1558 2620 disp.
1578 2551 1619 2606 tt.
1643 2566 1668 2621 q.
1689 2548 1729 2605 75.
1751 2557 1803 2605 nrt.
1825 2558 1847 2608 ι.

153 2639 311 2704 canonicae,
330 2646 360 2689 ut
379 2636 588 2701 distinquantur
605 2650 622 2687 a
637 2635 752 2702 scriptis
762 2633 852 2686 sacris
862 2643 985 2704 patmum,
1013 2644 1078 2692 nect,
1103 2644 1126 2693 8,
1174 2636 1396 2693 protestantibus
1418 2635 1534 2707 primam
1556 2634 1654 2690 emitis
1672 2634 1745 2689 illius
1765 2634 1847 2708 origi.

152 2740 224 2795 quae
253 2743 309 2778 non
338 2733 401 2777 sunt
427 2722 556 2791 requies,
591 2738 640 2774 nec
666 2721 766 2774 hubent
792 2720 986 2774 orsctoritatem
1013 2738 1075 2779 nem
1100 2723 1206 2779 tribuit.
1243 2723 1311 2777 Atia
1336 2722 1449 2794 (inquit)
1468 2722 1593 2775 tamesis
1610 2720 1651 2775 est
1667 2720 1765 2775 horum
1782 2720 1847 2776 iiii·

153 2812 307 2881 obliqandi.
353 2808 530 2879 stapletonus
554 2806 603 2862 lib.
630 2812 668 2863 tt.
692 2806 809 2878 princip.
834 2820 858 2860 c.
885 2811 924 2862 11.
945 2823 985 2860 re
1010 2827 1111 2880 porum
1130 2813 1246 2875 docens,
1270 2808 1468 2863 meborlstiam
1492 2814 1580 2878 nepte
1604 2804 1774 2862 servandam
1789 2802 1850 2863 esti

153 2897 314 2968 capiendam
351 2911 410 2948 esse
447 2893 516 2948 dicit
550 2894 744 2963 episcoporum
781 2898 807 2946 et
841 2895 986 2947 doctorum
1013 2899 1042 2951 in
1064 2897 1168 2960 altari,
1192 2910 1279 2965 neque
1306 2894 1592 2963 circumqestonddm,
1617 2884 1705 2965 ni‘que'
1722 2896 1847 2950 adordiri-

153 2983 287 3037 ecclesiae
312 2980 567 3048 interpretationem
590 2978 727 3032 adhibitis
750 2979 795 3032 tis
819 2979 986 3032 conditioni·
1013 2987 1093 3048 dam,
1122 2984 1207 3053 hujus
1232 2991 1330 3037 auctor
1354 2983 1459 3036 dicitur
1482 2996 1542 3036 esse
1561 2978 1703 3051 Bucerus,
1727 2991 1757 3037 ut
1773 2980 1847 3053 litti-

153 3074 218 3123 tus:
242 3072 265 3122 1.
283 3068 310 3122 si
331 3069 414 3121 modo
432 3067 462 3118 in
482 3066 588 3118 unitate
612 3065 752 3119 catltolica
768 3063 985 3134 permanserint,
1013 3071 1117 3139 ardus,
1137 3070 1256 3138 Hosius,
1274 3068 1386 3134 t'anro,
1409 3067 1577 3136 Cocblacus,
1597 3065 1744 3122 Sdnderus
1765 3066 1848 3134 asili·-

152 3158 205 3211 boc
226 3163 266 3208 est
282 3155 310 3208 si
325 3153 489 3207 auctoritati
502 3152 646 3220 pontificis
662 3168 692 3206 se
709 3152 800 3220 quiete
813 3140 986 3220 placideque
1012 3164 1095 3213 „rant

151 3240 329 3296 minuatne
354 3246 406 3295 etc.
450 3236 525 3308 Ergo
547 3237 683 3307 posterius
705 3250 816 3308 quoque
840 3235 986 3291 admitten-
1048 3249 1106 3298 tta.
1130 3241 1222 3297 XVII.
1248 3241 1421 3308 Eurycliam·
1441 3242 1609 3307 denserent,
1633 3242 1717 3292 enam
1740 3256 1799 3294 esse
1816 3238 1892 3296 titt
1903 3244 1973 3296 num

152 3329 233 3382 dum..
1017 3331 1125 3387 Christo
1152 3336 1295 3394 naturam,
1322 3327 1461 3394 referente
1489 3325 1663 3380 Tbeodoreto
1688 3323 1735 3379 ltb.
1763 3330 1787 3380 i.
1859 3297 1973 3388 iiim.

68 3421 130 3460 aas·
188 3418 247 3469 222
268 3410 347 3468 XVI
367 3413 477 3466 Eodem
495 3419 619 3478 tenpore
637 3412 753 3471 firmant
770 3410 874 3477 aliqui,
894 3411 988 3463 tercio
1015 3420 1117 3470 iceret.
1144 3415 1206 3478 fab.
1253 3413 1385 3467 Eandem
1418 3410 1470 3465 boc
1503 3418 1625 3480 tempore
1652 3411 1896 3467 tnstarsrorunt
1859 3408 1896 3439 ⁸⁸
1898 3400 1924 3439 ⁸⁸

59 3475 100 3562 im
97 3483 138 3561 ιιο
153 3518 192 3554 απ
216 3501 300 3554 ttt'am
320 3498 377 3568 itm
393 3498 561 3551 NettOt'tam
576 3504 678 3565 wetti,
701 3512 749 3566 tlte
768 3499 934 3558 docueruut
957 3514 988 3548 tt
1017 3503 1137 3569 Suerscse
1139 3500 1229 3565 lelius,
1263 3497 1396 3551 Brentt'us
1428 3506 1453 3551 et
1484 3497 1657 3551 Smidelinus
1682 3497 1847 3567 ubiquitctis

59 3578 139 3665 Q„
154 3586 326 3640 eukaristia
349 3602 405 3637 tou
421 3598 534 3636 manere
555 3601 657 3652 corpus
678 3583 797 3649 Christi,
823 3599 848 3635 tt
866 3598 987 3635 attent-
1011 3589 1135 3659 patroni.
1171 3584 1395 3656 Respondemus
1422 3591 1444 3640 l.
1469 3583 1600 3656 loquatur
1618 3599 1668 3654 pru
1686 3583 1765 3637 nobis
1785 3585 1844 3639 Au·

59 3680 106 3769 ιιι.
153 3683 199 3728 tur
224 3673 254 3725 in
279 3672 399 3725 alterum
417 3670 505 3733 diem,
530 3686 599 3738 quos
621 3670 744 3737 Cprillus
761 3668 791 3722 in
811 3669 931 3737 epistola
947 3672 989 3723 od
1013 3681 1133 3748 gustans
1153 3672 1269 3728 confess.
1286 3677 1337 3728 art.
1358 3678 1390 3726 ³:
1421 3673 1531 3724 Docent
1551 3670 1694 3736 (ecclesiae
1711 3673 1843 3739 nostwet,

59 3730 107 3872 aa}
94 3789 140 3818 sn·
155 3759 355 3816 Calosirium'
342 3757 468 3810 insanire
484 3757 561 3811 dicit.
593 3757 676 3809 Hunc
694 3771 818 3809 errorem
835 3757 988 3823 defendunt
1014 3763 1122 3832 qnod
1106 3759 1216 3814 verbum
1234 3759 1285 3811 boc
1306 3767 1345 3810 est
1365 3756 1458 3811 liliata
1473 3757 1545 3819 Dei,
1568 3757 1731 3810 assumserit
1749 3758 1844 3812 huma·

91 3843 297 3910 ¹¹',Bucerus
322 3842 502 3908 Melanthea,
528 3840 669 3895 Calvinus.
705 3842 927 3911 Respondemus.
954 3841 987 3896 de
1014 3865 1078 3901 nam
1101 3855 1232 3899 natrrram
1249 3847 1280 3898 in
1298 3852 1378 3896 utero
1396 3844 1432 3899 B.
1453 3843 1569 3896 Mariae
1592 3844 1723 3910 ciminia
1746 3853 1775 3897 ut
1790 3840 1851 3898 sint

154 3930 339 3986 msmvstione
364 3927 546 3984 eucharistiae
571 3927 677 3999 egimus
702 3928 835 3982 latissime
854 3934 933 3984 tract.
953 3929 988 3983 de
1014 3937 1087 3990 dnae
1112 3939 1246 3998 naturae,
1272 3930 1368 3983 diuino
1391 3927 1417 3982 e't
1433 3928 1594 3997 bumaria·
1581 3947 1611 3981 ιιι
1629 3930 1733 3983 unitate
1748 3946 1846 3999 perso·

155 4017 263 4074 euchar.
290 4030 314 4070 c.
343 4022 382 4071 ll.
408 4012 434 4089 ξ.
460 4019 517 4070 tet.
542 4019 570 4069 et
589 4031 665 4084 seqq.
701 4013 760 4069 Nec
786 4013 910 4069 Christus
936 4032 987 4069 nec
1013 4037 1066 4074 nae
1090 4017 1319 4088 inseparabiliter
1340 4015 1504 4082 corrjunctne
1523 4022 1573 4069 stc.
1611 4020 1633 4070 2.
1653 4014 1720 4069 Cum
1744 4016 1845 4071 Suane-

154 4102 272 4174 apottoli
297 4106 473 4156 ffltfftwut
501 4099 545 4154 vel
558 4099 701 4154 'mermi
720 4102 878 4169 iuuerunt
901 4102 987 4156 multo
1013 4105 1098 4162 feidio
1121 4104 1221 4174 igitur,
1247 4103 1293 4173 qui
1318 4108 1381 4173 post
1403 4100 1610 4154 adscensionem
1632 4098 1732 4155 Christi
1751 4100 1845 4157 huma·

154 4189 245 4243 minus
267 4190 295 4243 in
313 4185 448 4242 theatrica
463 4200 565 4256 pompa
582 4187 830 4256 circumgestarunt
846 4203 988 4241 consecra·
1014 4211 1076 4247 nam
1108 4198 1234 4246 naturam
1263 4204 1425 4242 conversam
1450 4201 1509 4240 esse
1538 4186 1566 4239 in
1596 4185 1718 4240 divinam
1744 4186 1846 4255 docuit,

154 4288 212 4330 tum
231 4291 339 4345 panem,
359 4273 408 4327 ted
427 4272 650 4326 mendufflndum
670 4270 854 4326 abstiterunt
867 4289 987 4326 commu·
1012 4279 1082 4333 nihil
1098 4275 1178 4332 nobis
1197 4273 1332 4328 nostrisve
1347 4271 1468 4326 ecclesiis
1480 4279 1523 4326 est
1534 4272 1697 4328 commercii.
1728 4278 1751 4327 3.
1766 4271 1845 4328 Com·

154 4359 320 4416 micantibus.
362 4357 496 4428 Origenes
521 4359 550 4411 in
574 4375 596 4412 c.
618 4364 639 4412 i.
659 4358 749 4414 Levit.
767 4358 839 4413 hcm.
858 4365 886 4414 5:
912 4360 987 4412 Nam
1014 4362 1163 4419 manicatis
1205 4360 1360 4416 divinornm
1402 4359 1563 4413 idiomatum
1598 4358 1674 4414 facts
1709 4360 1847 4414 humanae

63 4464 78 4501 1.
93 4460 140 4503 ιιι.
155 4457 181 4502 ιι
202 4447 342 4501 Dominus
354 4461 473 4513 pauens,
501 4460 581 4512 quem
599 4446 749 4514 descipulis
767 4447 854 4498 dudm
872 4454 898 4498 et
915 4448 989 4498 dice·
1014 4458 1129 4504 naturae
1160 4445 1262 4502 Christi
1289 4445 1318 4498 in
1343 4445 1462 4517 persona
1491 4450 1540 4498 τοῦ
1568 4443 1667 4516 Λόγου
1695 4461 1749 4500 non
1773 4444 1848 4499 tollit

155 4537 202 4587 bat
219 4535 272 4588 eis:
292 4534 411 4600 occipite
428 4539 453 4583 et
470 4533 645 4594 manducate,
664 4550 720 4583 non
738 4533 849 4584 distulit
866 4551 916 4585 nee
932 4548 987 4584 ser·
1014 4544 1173 4590 naturarum
1201 4531 1420 4599 distinctionem,
1450 4537 1481 4585 ut
1509 4544 1558 4586 suo
1585 4531 1647 4586 loco
1669 4530 1777 4601 plenius
1800 4530 1846 4586 de·

154 4622 218 4674 rari
228 4620 317 4688 jussit
338 4620 367 4670 in
386 4619 545 4671 erastinum.
580 4614 872 4673 enuntiatorem.
889 4619 987 4675 incan.
1015 4626 1190 4674 monstratur.
1233 4617 1267 4671 ln
1295 4617 1410 4671 concilio
1435 4617 1573 4687 Ephesiae
1601 4632 1665 4671 caro
1686 4615 1784 4672 Christi
1807 4615 1847 4683 di·

155 4706 239 4761 refert
260 4706 346 4758 verba
373 4702 523 4756 Paschasii:
554 4703 680 4758 etraem
698 4704 808 4770 colem,
833 4705 989 4774 discipulos
1014 4707 1086 4761 citur
1102 4705 1221 4771 vicitleo,
1236 4704 1296 4773 jam
1315 4720 1381 4756 vero
1398 4702 1439 4755 ris
1458 4701 1616 4756 vivificandi
1634 4708 1675 4757 est
1693 4700 1847 4772 proprietas

153 4811 219 4847 suos
233 4797 350 4859 srssctus
365 4792 450 4860 hujus
469 4791 641 4842 snmamenti
653 4790 808 4859 participes
825 4792 894 4852 fieri
911 4797 988 4859 post·
1014 4792 1124 4846 divinae
1147 4796 1277 4856 naturae,
1300 4803 1372 4859 quae
1391 4787 1450 4841 sine
1467 4787 1526 4842 ulla
1542 4787 1734 4858 Eutychianae
1753 4786 1847 4842 confu-

153 4897 237 4948 quam
258 4895 360 4945 corpus
377 4894 457 4929 ιιιιιιιι
476 4877 653 4942 comecrnuit,
673 4895 730 4928 non
748 4877 889 4928 sistebat
876 4895 905 4928 m
924 4894 987 4929 con·
1014 4877 1097 4932 sionis
1122 4875 1279 4945 suspicione
1303 4874 1338 4927 de
1364 4888 1446 4927 carne
1465 4873 1567 4927 Christi
1590 4873 1767 4942 praedicatur
1787 4889 1847 4943 per·

153 4964 316 5029 secretione,
336 4980 387 5016 nec
405 4964 485 5016 dedit
503 4963 662 5030 discipulis,
681 4971 711 5014 ut
728 4963 819 5031 ipsum
837 4963 988 5032 honorifice
1014 4962 1152 5018 sonaliter
1198 4968 1223 5016 i.
1248 4959 1386 5032 Agnoscit
1405 4959 1457 5013 hoc
1477 4946 1679 5030 quodammodo
1696 4958 1847 5030 Gregorius

153 5058 362 5115 cmsseroarffent
388 5050 440 5102 sed
464 5049 577 5101 desiit
564 5066 594 5100 en
620 5065 701 5099 usum
726 5049 836 5101 dicens:
861 5051 988 5117 occipite,
1014 5051 1049 5104 ds
1074 5047 1185 5104 Valent.
1213 5047 1261 5101 lib.
1290 5051 1312 5100 l.
1345 5052 1441 5099 contra
1472 5045 1597 5117 Ubiquit.
1623 5063 1647 5099 c
1676 5050 1706 5100 2:
1741 5045 1849 5100 Dicunt

154 5138 339 5201 mondstcate,·
366 5143 393 5188 et
413 5135 480 5204 quia
500 5151 555 5203 per
578 5152 658 5185 usum
680 5135 861 5186 manducatio
886 5136 989 5187 transit
1014 5135 1180 5201 Lutberani,
1206 5133 1311 5186 realem
1335 5131 1417 5184 illam
1443 5132 1716 5185 communicationem
1739 5131 1848 5185 divina·

154 5233 180 5277 et
199 5224 378 5287 consunss'tur,
395 5221 476 5274 dedit
492 5222 539 5284 eis,
558 5221 664 5289 quoties
675 5220 785 5281 uellem,
805 5224 990 5285 cornerrondi
1013 5238 1075 5274 rum
1089 5220 1296 5289 proprietatum
1313 5234 1375 5271 cunt
1392 5217 1564 5270 berasanitote
1583 5225 1723 5285 asmsmto,
1747 5234 1848 5287 neque·

151 5316 325 5379 potestatem.
372 5306 474 5379 Georg.
509 5305 662 5360 Cassander
688 5306 716 5358 in
744 5305 861 5359 consult.
891 5308 989 5361 recitat
1014 5324 1097 5376 qssom
1125 5322 1183 5358 esse
1206 5300 1395 5371 essentialem,
1420 5303 1472 5355 boc
1503 5310 1542 5354 est
1565 5321 1621 5355 non
1644 5303 1685 5357 ita
1712 5302 1794 5358 sliam
1812 5306 1848 5359 de

154 5394 240 5448 rerba
258 5393 404 5448 Humbcrti
420 5392 543 5462 episcopi
557 5392 659 5462 Sylres
670 5391 826 5447 Candidas:
849 5392 988 5461 Lepinus,
1013 5393 1185 5446 immanitate
1203 5390 1364 5456 affirmari,
1384 5388 1523 5458 quomodo
1540 5391 1706 5458 affirmatur
1724 5392 1760 5444 de
1779 5391 1848 5446 diri-

156 5482 309 5536 Dominum
328 5496 384 5532 non
401 5481 608 5550 imperfectam.
631 5480 683 5530 sed
696 5478 854 5551 perfectam
873 5494 987 5532 comme·
999 5472 1003 5519 ¹
1014 5479 1109 5543 nitau,
1128 5479 1211 5549 quasi
1226 5476 1385 5532 tesmonitos
1402 5492 1456 5548 per
1475 5492 1556 5533 attans
1573 5476 1717 5532 ceremiam
1736 5479 1851 5533 dicatur
