4004 6022
95 178 99 188 ’
213 212 275 271 sm
780 205 903 266 maus
919 202 1123 264 messurus
1141 204 1337 266 mannus

212 365 317 430 potest,
341 361 393 416 boe
415 359 569 414 modestiae
584 359 675 429 ipsius
692 363 880 430 tribuendum,
905 359 1042 432 siquidem
1053 360 1057 419 l
1066 368 1231 429 resecante
1245 367 1400 433 patescunt,
1417 366 1449 414 ut
1468 361 1593 430 credant,
1613 359 1734 431 qmnon
1747 358 1903 427 medebam,

213 445 267 501 Dei
286 446 375 518 gloria
393 447 421 500 in
438 445 576 500 miraculis
596 446 706 506 elucens
721 448 845 518 exemplo
857 447 1042 519 apestolorum
1070 453 1097 499 et
1116 448 1180 502 bene
1200 449 1309 517 cicant,
1333 448 1384 518 qui
1400 446 1473 500 mate
1490 447 1629 515 sinebant,
1648 454 1673 500 ct
1692 445 1842 510 obediant,
1861 444 1904 514 aas·

214 535 278 588 Act.
299 540 339 604 ll,
361 539 401 589 27.
422 536 452 588 et
468 549 491 588 c.
513 538 552 603 15,
570 550 595 588 v.
615 540 639 588 4.
659 539 688 589 et
704 534 840 604 potuisset
856 539 888 589 et
903 533 1044 588 debuisset
1069 550 1125 586 non
1149 533 1361 588 obediebant.lli
1402 539 1426 589 2.
1452 531 1512 589 Nec
1532 531 1591 587 ulla
1612 537 1705 588 exstat
1729 532 1829 586 divina
1846 547 1904 601 pro-

216 618 321 690 absque
351 618 409 673 ulla
442 618 632 674 immodestiae
668 620 854 676 accusatione
879 619 1042 690 praedicari.
1069 619 1179 688 missio,
1204 622 1281 691 qued
1298 621 1348 674 sab
1365 620 1448 683 finem
1467 620 1565 673 mundi
1581 635 1631 690 per
1651 617 1790 673 mula
1809 616 1903 672 seins

216 711 239 760 b.
267 705 297 761 si
314 704 359 759 sel
378 706 494 759 maxime
515 705 651 776 quaedam
667 722 734 760 vera
753 713 781 762 et
799 706 893 760 divina
911 704 1044 760 miracula
1070 706 1214 762 doctrinae
1239 704 1427 760 confirmanda
1449 704 1500 775 sit,
1531 704 1580 760 sed
1605 703 1793 776 praemonitio
1821 706 1905 757 exsut

214 791 243 844 in
262 806 332 844 noso
349 789 396 846 illo
415 789 483 846 orbe
500 806 517 843 a
532 789 647 845 Jesuitis
668 797 759 847 essent
776 791 865 858 edita,
884 791 933 845 illa
950 797 1044 846 tamen
1070 790 1171 849 Mattb.
1191 799 1232 865 24,
1250 811 1276 847 v.
1295 798 1336 847 24.
1357 797 1381 848 2.
1402 791 1498 847 Thess.
1517 797 1541 860 2,
1558 808 1585 848 v.
1604 797 1629 847 9.
1649 793 1740 862 Apoc.
1765 794 1808 853 13,
1825 806 1849 844 r.
1868 792 1903 843 lb.

213 892 268 930 non
287 876 322 930 ad
339 873 573 931 confirmationem
593 877 754 948 dogmatum
771 877 913 948 papalium
932 876 1043 946 depur·
1070 878 1146 948 quod
1170 895 1187 933 a
1211 877 1357 932 fallacibus
1381 875 1545 931 Andchsisti
1570 874 1713 931 miraculis
1737 890 1841 931 carere
1861 874 1902 929 de

213 962 331 1033 gatorio,
364 962 399 1017 de
433 961 604 1017 invocatione
635 967 805 1032 sanctorum,
841 962 876 1019 de
906 966 1044 1033 potestate
1070 963 1194 1018 beamus.
1234 971 1257 1021 3.
1283 963 1313 1019 Si
1337 964 1462 1017 miraculi
1488 962 1597 1017 nomine
1622 961 1810 1032 intelligimur
1832 976 1905 1015 omne

211 1063 301 1119 papae
326 1046 501 1103 monarchiae
535 1054 586 1103 etc.
618 1047 654 1104 de
685 1048 786 1120 quibua
817 1048 951 1119 imprimis
978 1047 1044 1102 fidei
1070 1049 1106 1113 id,
1128 1051 1204 1120 qnod
1221 1050 1333 1118 speciali
1351 1049 1405 1105 Dei
1423 1049 1513 1121 gratia
1531 1053 1560 1104 et
1573 1049 1676 1103 virtute
1690 1048 1796 1119 agitur,
1816 1063 1904 1118 quam·

212 1132 385 1189 Christianae
408 1133 570 1188 rudimentis
595 1134 737 1189 medendis
764 1135 850 1189 altum
875 1134 951 1206 apud
969 1134 1043 1203 ipsos
1069 1134 1112 1187 vis
1129 1151 1185 1189 non
1203 1136 1243 1190 ita
1261 1136 1290 1189 in
1302 1136 1394 1190 oculos
1409 1134 1541 1197 incurrat,
1557 1133 1629 1189 sicut
1639 1133 1779 1188 miracula
1791 1140 1905 1202 emuna,

213 1219 365 1289 silentium,
393 1218 441 1275 sed
459 1220 495 1274 ad
514 1219 748 1275 confirmationem
766 1236 830 1276 vere
847 1219 1044 1277 catholicorum
1071 1237 1126 1275 non
1147 1226 1240 1292 potest
1264 1220 1375 1293 negari,
1400 1222 1524 1276 miraculi
1545 1220 1607 1276 laco
1630 1219 1810 1288 babendum,
1835 1219 1906 1290 quad

214 1306 383 1377 dogmatum,
402 1305 436 1360 de
454 1307 585 1376 mysterio
593 1306 745 1376 Trinitatis,
763 1306 799 1361 de
811 1323 936 1377 persona,
953 1305 1044 1360 cilicio
1070 1307 1195 1361 misellus
1208 1313 1237 1362 et
1256 1307 1366 1364 inermis
1378 1307 1529 1362 menachus
1541 1322 1644 1378 papam
1656 1307 1760 1359 maadi
1770 1315 1907 1375 stuperem

215 1398 243 1448 et
260 1389 401 1447 beneficiis
415 1389 526 1460 Christi,
545 1392 580 1446 de
597 1390 734 1463 baptismo
753 1398 805 1448 etc
824 1392 942 1448 fuismsa
960 1391 1043 1458 iacta,
1071 1402 1096 1446 et
1120 1411 1215 1464 repam
1240 1404 1388 1460 tamarem,
1416 1395 1505 1449 minas
1529 1394 1696 1466 spirantem,
1722 1390 1906 1446 anatbmnatis

217 1477 448 1550 quemadmodum
486 1479 520 1533 de
556 1478 772 1535 Novatianorum
811 1479 950 1535 miraculis
984 1477 1045 1548 ipse
1070 1479 1187 1536 fulmina
1210 1480 1365 1536 vibrantem
1387 1488 1416 1536 et
1437 1496 1538 1552 supera
1561 1479 1657 1535 inieris
1681 1478 1846 1534 miscentem
1862 1494 1905 1548 eg·

214 1564 397 1620 Bellarminus
414 1564 568 1635 respondet.
1070 1583 1181 1637 gressus
1204 1584 1320 1638 regnum
1344 1567 1404 1637 ejus
1427 1584 1482 1622 non
1500 1565 1675 1622 mediocriter
1692 1564 1864 1620 convulserit
1880 1568 1906 1618 et

88 1653 122 1695 ³¹¹
136 1654 160 1694 ¹²
248 1657 306 1707 286.
355 1652 515 1706 Monstrum
541 1650 660 1706 tertium.
714 1651 789 1708 Num
816 1651 846 1705 in
875 1647 1045 1720 evangelicis
1071 1652 1145 1722 quad
1163 1652 1223 1723 ipse
1243 1658 1338 1707 conns
1354 1658 1397 1707 tot
1410 1651 1612 1723 potentissimos
1625 1651 1803 1707 adversarias
1814 1655 1907 1720 spate

87 1715 190 1798 fidit:
215 1736 337 1792 aalma
356 1736 433 1791 num
451 1736 521 1790 ems
537 1736 690 1791 munuae
719 1735 901 1792 semmua
919 1736 964 1790 nse
982 1751 1044 1806 pro·
1071 1744 1099 1793 a
1116 1737 1224 1794 ocean
1243 1739 1298 1809 ipsi
1314 1739 1477 1794 assumes
1493 1737 1638 1794 aeolum„
1658 1736 1696 1791 aa
1715 1735 1804 1791 mem
1822 1752 1906 1808 mque

86 1809 198 1901 ΨΜ,
211 1832 288 1880 tenc
307 1823 386 1878 noun
404 1821 520 1877 uruat
537 1822 639 1891 asam,
657 1824 735 1892 quos
752 1824 890 1877 mesca
910 1839 945 1876 m
961 1839 1044 1876 cnam
1069 1823 1144 1877 etse
1178 1824 1372 1894 permanserit,
1411 1824 1485 1895 qma
1521 1823 1710 1896 senmurum
1744 1822 1907 1893 prophetia

86 1912 170 1953 mssa
213 1910 325 1980 quidem
350 1925 473 1963 mascam
497 1909 618 1962 excitare
639 1907 780 1977 potamii,
807 1908 856 1963 alii
880 1907 960 1963 nobis
978 1907 1045 1962 vitio
1072 1909 1151 1964 donis
1176 1915 1205 1965 et
1228 1910 1326 1980 spiritu
1350 1910 1460 1966 heroice
1483 1911 1636 1965 instructus
1659 1907 1821 1963 mirandum
1841 1907 1906 1962 illud

212 2000 340 2063 venunt,
366 1997 502 2066 quodne
526 1995 660 2048 claudum
683 1995 796 2064 quidem
821 2012 917 2047 canem
942 2010 1045 2047 sanare
1071 2013 1155 2067 epus,
1174 1995 1314 2051 docminae
1332 1997 1437 2051 scilicet
1453 1995 1677 2051 reformationem
1696 2000 1726 2050 et
1745 1994 1908 2050 Antichristi

208 2081 357 2150 passimus.
394 2079 484 2136 Addit
502 2080 686 2136 Bellarminas
706 2096 739 2135 ex
757 2078 893 2151 Staphyla
911 2085 940 2136 et
957 2079 1045 2135 Coch-
1069 2082 1277 2147 revelationem,
1318 2081 1437 2137 feliciter
1471 2083 1635 2147 coniecerit,
1675 2081 1753 2152 qued
1785 2080 1909 2136 doctrine

213 2166 282 2236 120⁰,
301 2169 377 2237 9Μᾶ
396 2168 533 2222 &liberm
552 2170 665 2233 studim
684 2168 830 2223 annueris
851 2166 993 2221 diabolum
1013 2183 1046 2220 ez
1070 2170 1231 2242 evangelica
1254 2174 1313 2224 tam
1342 2169 1461 2224 mirabili
1489 2186 1617 2226 successu
1644 2185 1663 2223 a
1687 2175 1732 2224 tot
1757 2169 1854 2240 regnis
1877 2183 1908 2222 aa

213 2255 324 2308 obsema
343 2255 445 2324 puella
470 2255 609 2323 erpellere
633 2263 659 2309 et
677 2256 815 2309 Neeenam
842 2253 871 2306 in
894 2253 964 2306 Albi
984 2253 1045 2305 sub·
1069 2255 1216 2327 provinciis
1248 2261 1361 2326 recepta
1393 2256 1466 2311 inter
1494 2255 1666 2311 saevissimas
1697 2254 1906 2327 persecutiones

213 2357 335 2394 mersum
353 2340 384 2394 in
400 2341 485 2394 citam
505 2358 651 2408 revocare,
678 2340 751 2411 quod
769 2339 861 2411 ipsum
877 2337 977 2409 repetit
994 2338 1046 2394 Be·
1069 2340 1203 2396 hacteuus
1231 2341 1316 2397 fuerit
1344 2348 1506 2397 consemta
1533 2347 1585 2395 etc.
1630 2341 1714 2405 Quod
1743 2341 1906 2396 miraculum

213 2443 298 2482 caum
322 2425 351 2480 in
373 2426 422 2484 lib.
446 2426 481 2482 de
506 2426 628 2481 ecclesie.
670 2424 741 2481 Item
760 2427 836 2496 qaod
849 2432 916 2495 post
932 2432 1044 2478 mortem
1069 2427 1169 2482 eradat
1188 2427 1331 2498 illustrius,
1348 2427 1446 2499 siquis
1459 2443 1492 2482 ex
1503 2425 1625 2481 historiis
1641 2427 1777 2481 memoria
1791 2431 1905 2498 repetat,

96 2521 142 2565 m
154 2521 199 2565 nr.
212 2516 336 2567 cadauer
355 2514 429 2583 ejus,
450 2530 511 2566 cam
528 2515 689 2578 deferretur
708 2512 737 2565 in
755 2512 849 2566 media
865 2511 966 2579 bieme,
991 2526 1044 2579 qao
1069 2530 1152 2584 quam
1175 2512 1331 2568 stusmanea
1354 2512 1439 2568 merie
1462 2528 1546 2584 opera
1571 2513 1756 2583 plurimorum
1773 2512 1905 2584 patentis

213 2609 336 2670 tempore
359 2615 483 2668 corpora
505 2607 616 2653 marma
638 2598 668 2652 in
687 2597 866 2652 multosdies
886 2597 1046 2650 conseruari
1069 2599 1200 2654 simorum
1221 2599 1415 2671 imperatorum
1432 2615 1467 2654 ec
1484 2615 1581 2670 regum
1600 2598 1629 2653 in
1640 2597 1794 2654 Pontificia
1811 2604 1904 2670 poten·

213 2687 316 2755 cahat,
345 2692 371 2739 et
393 2693 464 2739 esset
488 2686 625 2740 inclusum
649 2685 680 2738 in
706 2700 775 2737 arca
800 2691 917 2737 stannea
942 2683 1043 2752 optime
1068 2686 1109 2740 tia
1134 2685 1298 2753 co'ercenda,
1327 2701 1361 2741 ac
1386 2684 1411 2738 si
1438 2685 1500 2756 quis
1523 2702 1618 2740 secum
1643 2686 1765 2757 cogitet,
1796 2683 1903 2757 quantis

213 2773 321 2837 clausa,
340 2777 372 2823 ut
394 2772 567 2841 Witeberpae
584 2770 762 2840 sepeliretur,
782 2776 838 2823 tam
856 2777 957 2821 tetrum
977 2770 1044 2821 odo·
1070 2770 1218 2826 Christiani
1236 2770 1380 2842 sanguinis
1398 2770 1464 2825 rivis
1484 2771 1661 2842 evangelicae
1681 2770 1831 2826 doetrinae
1849 2785 1904 2824 cnr·

213 2873 273 2910 rem
297 2856 408 2926 spirare
433 2856 566 2927 caeperit,
589 2864 620 2909 ut
641 2864 719 2909 nemo
737 2872 798 2908 eum
816 2855 895 2918 ferre
908 2854 1044 2923 poterent,
1069 2876 1145 2925 sum,
1178 2857 1226 2911 sed
1249 2864 1341 2912 tamen
1365 2854 1481 2922 frustra,
1511 2856 1645 2926 impedire
1672 2855 1780 2912 fuerim
1809 2852 1903 2910 conafl.

214 2961 248 2996 ac
270 2944 396 3013 proinde
419 2943 509 2998 coacti
531 2942 640 3008 fuerint
658 2957 760 3010 corpus
776 2940 935 3008 relinquere
952 2939 982 2992 ia
999 2940 1044 2993 iti·
1069 2942 1176 2999 Jesuite
1201 2940 1379 2996 Maldonatus
1403 2942 1433 2996 in
1454 2959 1551 2998 comm.
1575 2959 1599 2998 e.
1626 2949 1649 2997 l.
1668 2942 1772 3000 Mani.
1789 2941 1903 3014 judicet,

212 3044 284 3083 nere.
323 3028 545 3100 Respondemus:
567 3031 589 3083 l.
607 3044 663 3082 nou
679 3026 857 3097 proponimus
876 3041 977 3079 novam
995 3025 1044 3079 ali·
1068 3030 1150 3096 lance
1180 3027 1376 3082 incredibilius
1395 3044 1468 3094 csse,
1488 3035 1528 3082 tat
1539 3028 1742 3098 pbs‘icscpbas,
1771 3037 1815 3085 tot
1832 3030 1902 3101 sapi·

213 3130 296 3187 quem
325 3115 493 3183 doctrinam,
520 3131 591 3187 quse
617 3113 812 3168 miraculorum
838 3110 1045 3168 confirmatione
1070 3123 1145 3168 entes
1172 3115 1331 3168 circatam
1360 3115 1462 3184 paucis
1493 3115 1643 3183 apostatis,
1672 3123 1733 3168 tam
1766 3116 1904 3186 imperia's

213 3203 353 3274 indigeat,
380 3201 428 3257 sed
452 3202 595 3273 antiquam
621 3200 697 3254 illam
722 3199 875 3254 doctrinam
902 3196 1045 3269 stupendis
1070 3209 1179 3271 tamque
1197 3199 1378 3254 incredibilia
1395 3201 1532 3254 humanae
1550 3201 1658 3253 radoni
1668 3202 1903 3269 praedicantibus

212 3287 315 3344 Obristi
332 3295 361 3343 et
378 3287 566 3360 apostolorum
583 3284 722 3341 miraculis
738 3284 806 3340 satis
824 3300 961 3356 superque
980 3299 1045 3337 con·
1069 3290 1129 3342 sine
1151 3287 1221 3341 aliis
1238 3285 1387 3340 miraculis
1404 3286 1572 3351 credidisse,
1597 3304 1681 3356 queam
1698 3286 1755 3342 sila
1773 3289 1841 3357 ipsa
1856 3290 1902 3342 ssi·

212 3373 373 3442 firmum,
401 3373 543 3431 ”Sumus
568 3373 599 3427 in
623 3371 676 3426 iiio
702 3389 832 3442 corpore,
860 3371 890 3424 in
917 3387 972 3440 qao
997 3370 1047 3424 dli
1069 3374 1178 3441 racadu,
1198 3389 1270 3443 quae
1287 3372 1324 3426 ab
1340 3374 1412 3443 ipsis
1423 3374 1511 3440 sacta
1527 3381 1691 3427 namaatar.
1721 3373 1756 3427 Id
1771 3374 1799 3429 si
1812 3393 1901 3432 verum

213 3461 374 3534 (prophetae
402 3467 432 3516 et
455 3458 586 3531 apostoli)
613 3459 753 3513 miracala
773 3459 920 3526 fecerunt,
954 3456 1045 3528 inquit
1069 3463 1112 3529 (nt
1134 3466 1177 3514 cst
1198 3458 1395 3526 verissimum),
1419 3458 1516 3530 negari
1535 3459 1645 3531 nequit,
1662 3459 1845 3523 miraculum,
1860 3462 1900 3517 vel

213 3549 394 3620 Augustinus.
445 3547 505 3602 Aut
539 3563 605 3618 ergo
639 3545 804 3617 prophetica
830 3548 860 3599 et
891 3543 1045 3614 apostolica
1070 3549 1144 3599 certe
1167 3545 1302 3600 musculo
1326 3543 1480 3614 proximum
1505 3561 1581 3615 esse,
1610 3545 1684 3615 quod
1701 3553 1745 3602 tot
1762 3547 1902 3604 bominum

215 3634 356 3704 muscula,
374 3650 446 3705 quae
463 3639 572 3688 noemae
589 3631 731 3703 religionis
749 3638 814 3684 sunt
831 3629 930 3701 sigilla,
950 3630 978 3683 in
995 3630 1044 3683 du·
1070 3630 1157 3686 millia
1187 3630 1222 3685 ab
1249 3630 1410 3684 inveteratis
1436 3638 1555 3701 papatus
1584 3630 1723 3687 erroribus
1751 3635 1901 3691 ministerio

214 3719 290 3775 bium
314 3718 423 3782 vocari,
449 3723 498 3773 ant
524 3717 697 3788 apostalicae.
718 3733 751 3771 ac
775 3722 886 3771 noemae
904 3715 1045 3770 doetrinae
1070 3716 1185 3772 Lutheri
1208 3723 1236 3771 et
1260 3715 1347 3786 ipsius
1373 3723 1587 3787 symmystamm
1611 3716 1736 3774 liberata
1782 3719 1901 3777 “Eres-

215 3804 428 3876 diserepsntiam
454 3804 576 3875 aliquam
603 3801 711 3858 ostendi
737 3803 889 3872 oportet*
934 3802 1045 3872 Nequa-
1069 3821 1130 3857 mus
1154 3803 1184 3857 in
1207 3801 1390 3873 hyperaspist.
1408 3802 1518 3858 diatrib.
1539 3810 1636 3859 cenna
1656 3804 1814 3862 Lutherum
1832 3825 1857 3864 a
1873 3815 1901 3864 b:

215 3908 298 3964 qnam
320 3890 406 3963 igitur
428 3889 506 3944 novis
530 3888 669 3943 miraculis
692 3887 862 3960 indigemus,
883 3888 933 3943 sed
950 3905 1045 3960 quam·
1074 3890 1208 3943 Vsdebam
1230 3889 1355 3943 eruditas
1373 3889 1498 3943 laminae
1509 3891 1631 3959 pedibus
1650 3891 1680 3944 in
1698 3899 1749 3946 tua
1769 3895 1899 3964 docenda

215 3978 334 4050 primum
352 3993 386 4033 ex
402 3976 487 4032 sacas
505 3975 591 4032 literis
609 3974 807 4044 confirmem,
826 3974 979 4029 docuinam
996 3991 1043 4029 no·
1070 3977 1228 4040 discedere,
1260 3976 1465 4045 perspiciebam
1495 3977 1617 4041 fatalem
1649 3981 1794 4047 pacandam
1824 3981 1896 4036 erbis

215 4071 301 4120 suam
313 4063 350 4121 ab
362 4063 513 4135 apostalice
527 4062 686 4118 nullatenus
698 4061 862 4132 discrepare,
870 4061 953 4115 simul
961 4062 1044 4116 mam
1068 4064 1205 4127 facerem,
1223 4061 1486 4127 animadvertebam,
1505 4079 1560 4132 qua
1570 4064 1756 4119 vehementius
1768 4085 1789 4121 a
1802 4067 1899 4124 tbealo-

216 4150 406 4207 confirmatum
432 4157 487 4219 est,
512 4149 664 4204 doctrinam
687 4155 809 4203 nostram
828 4147 967 4202 miraculis
989 4164 1045 4202 nan
1069 4149 1114 4219 pis
1134 4166 1169 4201 ac
1177 4148 1355 4218 principibus
1366 4147 1558 4213 absistebatur,
1576 4150 1628 4203 boe
1644 4151 1733 4204 iatius
1739 4152 1901 4222 propagari

216 4237 335 4293 destitui.
370 4232 552 4289 illl‘ontilicii
564 4250 615 4289 noe
632 4234 756 4302 irrident,
775 4236 852 4305 quod
867 4235 942 4288 inter
958 4235 1044 4288 mira·
1070 4251 1104 4288 ac
1120 4236 1211 4303 macie
1228 4234 1398 4288 incalescere
1415 4235 1570 4304 negotium
1587 4251 1620 4289 ec
1638 4236 1682 4290 bis
1693 4238 1896 4308 ratiocinatur,

215 4323 281 4377 cuia
296 4338 471 4377 recensemus
491 4338 561 4391 apae
579 4322 799 4389 reformationis,
816 4320 866 4375 sed
883 4319 1045 4391 chrysosto·
1068 4338 1128 4375 rem
1151 4338 1207 4375 nan
1223 4321 1283 4374 sine
1300 4321 1412 4374 numine
1429 4321 1504 4390 aeri,
1530 4322 1625 4391 itaque
1641 4323 1825 4379 decreveram
1840 4341 1897 4396 spe·

214 4408 316 4464 musin
332 4406 425 4464 icor.
439 4406 510 4461 hcm.
524 4411 547 4462 6.
562 4405 775 4478 etAugustinus
793 4405 933 4461 inlitas.
948 4404 1160 4491 decivqctctor
1185 4423 1243 4460 esse
1267 4416 1331 4460 tuae
1355 4408 1520 4475 trapoediae
1543 4409 1584 4461 sic
1608 4410 1690 4477 apud
1707 4427 1751 4463 me
1773 4413 1900 4482 cogitans

214 4495 267 4550 Dei
279 4513 303 4551 c.
316 4500 341 4552 8.
354 4494 455 4547 mundi
466 4493 665 4546 concmsicncm
672 4509 728 4562 pes·
739 4493 884 4563 apostolos
894 4494 1003 4557 factam
1014 4492 1044 4546 in
1054 4496 1057 4577 Ι
1067 4495 1150 4563 jacta
1178 4493 1346 4548 Gamaiielis
1372 4495 1550 4564 sententiam,
1573 4495 1601 4547 ei
1617 4498 1699 4550 Deus
1716 4496 1788 4552 baec
1803 4507 1898 4567 maret,

212 4580 352 4637 miraculis
364 4595 510 4636 numerare
522 4597 577 4635 non
589 4578 761 4634 dubitarunt
779 4578 953 4650 Augustinus
962 4594 1042 4634 serm·
1053 4587 1057 4669 l
1068 4599 1125 4634 ηοη
1143 4587 1183 4635 est
1197 4596 1286 4634 meum
1300 4581 1440 4648 resistere,
1457 4582 1502 4634 sin
1513 4581 1630 4635 aliunde
1644 4589 1735 4636 ortum
1753 4593 1804 4654 ees,
1823 4587 1898 4656 quad

215 4674 254 4725 18.
266 4667 386 4723 deverb
395 4666 475 4722 nom.
489 4665 596 4721 colit:
611 4666 692 4720 Nune
703 4667 826 4735 majores
837 4666 971 4719 sanitates
980 4682 1043 4736 cpe-
1068 4668 1171 4735 unitur,
1188 4684 1241 4719 sua
1260 4672 1358 4736 epcnte
1375 4667 1608 4736 dissipabitur.itit
1645 4673 1668 4722 4.
1682 4666 1852 4726 Matthesius
1870 4671 1897 4726 iu

210 4763 299 4825 ratur,
314 4761 432 4825 propter
444 4770 514 4824 quas
525 4759 632 4807 nonest
645 4751 822 4819 dedignatus,
842 4759 906 4806 tunc
918 4753 1043 4806 eabibere
1069 4753 1130 4808 vita
1145 4751 1260 4807 Lutheri
1278 4751 1387 4822 scribit,
1410 4753 1501 4821 sperem
1517 4754 1616 4808 cenem
1629 4755 1787 4824 pius-imum
1805 4775 1897 4812 caneo

209 4842 280 4898 silas
300 4841 429 4895 minores.
473 4838 552 4892 Sicut
575 4838 648 4892 enim
671 4837 782 4891 animus
806 4839 906 4891 melior
925 4846 966 4892 est
984 4856 1045 4893 eor·
1069 4841 1141 4895 aisse
1166 4855 1201 4892 aa
1222 4838 1357 4892 diuinitas
1376 4846 1603 4906 praenarratam,
1626 4855 1662 4894 ne
1684 4840 1777 4895 ullum
1796 4859 1832 4897 ec
1849 4845 1897 4899 riis

207 4943 294 4995 pore,
324 4926 366 4980 sic
395 4933 422 4979 ei
452 4924 551 4978 melior
578 4923 658 4976 salus
684 4924 773 4976 animi
801 4941 885 4990 quam
908 4926 1043 4994 corporis.
1070 4926 1246 4981 contraderet
1262 4932 1461 4979 nocumentum.
1493 4923 1737 4998 spmgenbngins
1758 4928 1788 4984 in
1805 4930 1897 4987 ebrum

212 5013 303 5066 Mada
327 5028 395 5066 carc
418 5027 504 5065 caeca
526 5007 695 5076 ncnapers‘t
713 5008 808 5062 oculos
824 5007 963 5063 miraculo
982 5012 1044 5064 Do·
1069 5010 1169 5066 Marsi.
1199 5011 1295 5079 refert,
1326 5011 1400 5082 quod
1425 5011 1521 5065 doctor
1550 5011 1663 5083 quidam
1690 5014 1849 5072 medicinae
1870 5017 1945 5074 inm*

211 5098 295 5163 mini,
313 5105 339 5151 et
356 5113 406 5152 cor
422 5114 530 5151 caecum
547 5095 640 5164 aperit
661 5093 757 5147 oculas
774 5109 900 5149 sermone
916 5097 1044 5150 Domini.
1069 5097 1187 5152 Palania
1218 5095 1343 5167 pecuniis
1378 5096 1415 5151 ab
1448 5096 1508 5167 ejus
1537 5096 1592 5153 loci
1622 5098 1760 5170 episcopis
1789 5101 1896 5159 illectus

213 5184 304 5237 Modo
323 5200 379 5237 scs
395 5183 518 5252 resecr-cit
529 5179 648 5235 mortale
658 5180 789 5242 cadaver,
805 5180 929 5248 resarcit
939 5182 1043 5245 anima,
1068 5182 1138 5238 retia
1158 5200 1209 5238 aua
1222 5182 1402 5254 Witebergae
1418 5181 1572 5252 vicinisque
1591 5181 1620 5237 in
1639 5183 1707 5239 locis
1726 5201 1802 5242 anua
1826 5194 1895 5245 152³.

213 5276 412 5338 asae-ammae
428 5268 541 5337 iacebat
558 5266 589 5320 in
606 5265 668 5329 eico
686 5267 832 5319 cadauere.
857 5266 948 5320 Modo
960 5283 1044 5321 auree
1070 5270 1106 5323 ael
1143 5270 1307 5340 capiendum
1342 5269 1493 5325 Lutherum
1525 5268 1702 5340 explicuerit,
1740 5274 1792 5330 sed
1823 5276 1896 5331 irrita

214 5356 341 5423 corporis
363 5357 469 5409 merdae
494 5369 549 5407 nan
571 5351 752 5422 apasnnmr,
778 5353 830 5406 ced
854 5369 937 5421 quam
963 5354 1045 5408 multi
1068 5355 1151 5426 plene
1177 5372 1320 5425 successu,
1345 5370 1541 5427 saepenumero
1559 5357 1643 5410 etiam
1660 5355 1733 5414 illito
1753 5362 1895 5432 suggestui

213 5438 314 5494 babeat
329 5456 414 5501 asses
432 5440 546 5495 clauae
564 5438 668 5508 cordis,
685 5454 757 5507 qaae
774 5445 865 5492 tamea
884 5439 965 5493 uerbo
984 5441 1045 5496 Dei
1068 5441 1158 5501 toxico
1177 5440 1398 5513 :membrisque
1423 5441 1531 5499 iniectis
1557 5441 1673 5499 insidias
1703 5443 1760 5515 ipsi
1793 5448 1896 5518 positas
