4004 6022
888 294 941 351 DE
960 293 1155 353 eccum
1812 307 1873 366 388

182 449 368 503 Veruntamen
384 449 497 503 oens'ens
513 448 726 518 dliusbomiuis,
739 456 837 518 putas,
850 450 1012 513 incenidfi·
1040 458 1071 503 ut
1096 469 1153 506 uon
1176 452 1307 515 deficerd
1328 453 1399 517 tides
1418 470 1479 508 essa.
1517 454 1597 521 Erpo
1618 453 1736 507 ecclesia
1754 470 1811 508 nors
1829 454 1874 508 as·-

177 535 241 587 dem
263 551 352 603 supra
377 536 503 588 terram
533 552 590 590 non
611 536 766 589 morabitur
785 537 822 589 de
840 543 954 590 esterna
970 551 1012 589 ec·
1038 536 1112 589 citur
1130 538 1256 604 deficere,
1274 553 1324 592 neo
1343 539 1427 592 etiam
1446 555 1553 604 errare,
1569 540 1597 592 si
1614 546 1737 593 remanet
1755 541 1826 604 sides
1843 557 1875 594 us

177 620 281 674 elesius
291 621 422 674 enectum
423 624 516 690 ,meod
529 622 847 689 sspmnseamlcurcso
857 622 1013 690 redipeada
1038 640 1093 676 uno
1111 623 1181 679 solo.

175 705 263 760 sitin
282 706 461 760 solitudinem
475 709 654 761 ettradendc
668 707 1013 776 bestiisetpcssimquae-
1073 713 1114 764 ιθ.
1149 710 1244 780 Atque
1269 710 1338 765 baec
1365 716 1430 765 sunt
1456 716 1567 764 ιιοιιιιι
1593 711 1749 766 sententiae
1775 708 1921 767 tunde-¹¹¹
1908 709 1992 748 ¹¹·¹¹¹¹¹·

176 807 284 861 cunque
299 809 373 845 nunc
386 793 529 862 propbeta
547 793 687 846 describit.
722 792 897 864 Augustinus
908 791 971 847 libr
990 799 1013 847 1
1038 800 1139 864 menta,
1151 796 1293 851 videamus
1305 795 1470 851 sententiam
1482 801 1512 850 et
1524 795 1706 852 fundamenta
1717 796 1877 854 Pontificio·
1888 762 1998 850 iiicioii

176 876 354 936 decurrens.
373 894 472 948 evang.
491 895 516 933 c.
536 877 1012 945 ³1:1²ermutsosannosecclesia,
1038 897 1108 934 rum
1144 880 1328 936 Bellamiinus
1345 881 1408 935 libr
1428 888 1452 938 ³
1470 882 1506 937 de
1524 882 1683 939 ccclesiae.
1706 887 1746 937 1³.
1764 882 1877 940 demon·
1889 863 1998 963 ξζῗζζζ,

175 978 249 1031 pisae
264 966 366 1028 futura
386 971 446 1017 erat
464 962 494 1015 in
513 963 638 1016 ommibus
658 963 824 1032 comibus,
812 982 840 1017 ιιι
857 964 927 1027 tiliis
947 965 1012 1026 tuis,
1038 972 1126 1020 strare
1148 972 1277 1034 conatur,
1299 967 1444 1021 ecclesiam
1470 966 1606 1021 visibilem
1630 984 1685 1022 non
1709 984 1791 1038 posse
1808 966 1877 1023 usn-
1888 964 1993 1007 censere.

176 1049 210 1103 id
226 1050 296 1102 est
284 1068 314 1103 sn
332 1050 439 1104 sanctes
458 1049 527 1115 tuse,
550 1067 607 1102 ιιοιι
629 1050 774 1117 apparuit.
812 1048 901 1119 Epist.
916 1054 957 1105 48.
977 1030 1027 1103 cdi
1024 1068 1114 1119 ;,cere
1144 1052 1192 1106 ubi
1220 1052 1308 1121 primo
1336 1051 1488 1117 subjeetum
1515 1053 1684 1123 quaestionis
1709 1054 1825 1124 exponit
1841 1070 1877 1111 aa

175 1134 319 1191 Vincent.
344 1135 416 1204 Ipsa
434 1142 474 1188 est
491 1135 625 1203 ecclesia,
651 1152 723 1203 quae
741 1136 900 1205 aliquando
918 1136 1013 1189 obscu-
1040 1137 1150 1193 nomine
1169 1138 1303 1194 ecclesiae
1322 1137 1407 1201 dicit,
1430 1155 1461 1191 se
1479 1157 1534 1193 scon
1551 1139 1708 1207 inteilipere
1724 1158 1810 1195 unum
1826 1148 1878 1195 aut

176 1229 258 1276 ratur
282 1230 310 1275 et
333 1229 467 1290 tanquam
491 1221 673 1275 obnubilatur
697 1222 901 1275 scandalorum
923 1222 1013 1275 multi-
1040 1224 1160 1278 alterum
1191 1223 1329 1275 bominem
1361 1224 1564 1288 christianum,
1595 1227 1647 1279 sed
1672 1227 1879 1281 multitudinem

176 1308 284 1361 tudine.
310 1307 399 1377 Epist.
418 1313 465 1363 80:
489 1308 610 1370 Quando
629 1307 673 1360 sol
692 1307 887 1361 obseruabitur
904 1314 930 1360 et
944 1307 1013 1359 luna
1040 1317 1247 1379 conprepotam,
1266 1309 1296 1361 in
1315 1326 1371 1376 qua
1388 1309 1445 1362 siret
1459 1311 1589 1379 praelati
1604 1319 1630 1363 st
1646 1312 1762 1381 subditi,
1781 1310 1878 1367 defini·

176 1411 232 1447 non
246 1394 327 1448 dabit
344 1394 439 1448 lumen
456 1412 537 1449 suum
556 1401 583 1446 et
602 1393 704 1447 stellae
723 1395 826 1447 cadent
844 1395 880 1447 de
897 1393 975 1447 coelo
987 1401 1013 1446 et
1039 1394 1080 1447 vit
1104 1394 1177 1448 enim
1203 1393 1349 1449 ecclesiam
1370 1411 1394 1451 c.
1413 1401 1438 1451 2.
1466 1396 1541 1465 quod
1567 1396 1605 1449 sit
1622 1404 1716 1451 coetm
1735 1398 1878 1453 bominum

176 1479 292 1533 mrbstes
319 1481 460 1534 coelorum
477 1481 730 1545 commovebuntur,
754 1478 873 1533 ecclesia
889 1498 945 1533 non
963 1496 1013 1547 ap·
1039 1482 1163 1546 ejusdem
1186 1480 1257 1543 fidei
1275 1480 1455 1534 Obrutianae
1479 1482 1659 1550 professione
1680 1490 1706 1537 et
1726 1484 1879 1539 mnsam

173 1565 301 1634 parebit,
331 1566 428 1635 ιἰιιριϊι
455 1574 519 1619 ιιιιιι
544 1565 770 1634 persecutoribus
795 1564 874 1618 ιιιιια
901 1568 1014 1619 modum
1039 1574 1279 1620 sacramentorum
1297 1568 1488 1621 consmunionc
1506 1569 1658 1637 collipatus
1673 1570 1724 1622 sub
1741 1568 1877 1639 repinitss

175 1650 362 1705 saeuientibsu
388 1659 415 1705 et
437 1658 542 1705 remoto
565 1651 679 1717 timore,
713 1658 847 1719 tanquam
869 1651 1015 1704 arridente
1040 1652 1226 1719 lepitimorum
1239 1660 1391 1722 pastorum
1409 1662 1435 1706 et
1451 1655 1605 1723 praecipue
1622 1656 1706 1707 unius
1724 1654 1833 1709 Cbrs'sti
1846 1655 1878 1709 te

175 1737 275 1790 mundi
288 1737 430 1799 solicitata
449 1738 619 1790 dicentibus.-
633 1754 694 1805 pau
710 1743 735 1789 et
753 1735 897 1792 securitas.
935 1738 1013 1789 Tunc
1040 1737 1124 1791 terris
1141 1738 1246 1791 sicarii
1259 1739 1405 1808 pontificis
1422 1740 1553 1796 Romani.
1579 1740 1776 1795 Praedicatum
1792 1756 1877 1811 quse·

176 1821 276 1877 stellae
293 1824 397 1877 cadent
413 1824 449 1877 de
467 1823 545 1876 coelo
563 1830 589 1876 et
605 1822 721 1876 uirtutes
738 1823 880 1875 coelorum
898 1838 1013 1876 commo·
1040 1823 1135 1878 stionis
1153 1823 1228 1878 dicto
1246 1840 1269 1878 c.
1288 1829 1313 1879 2.
1331 1825 1371 1878 sic
1389 1824 1510 1895 exponit,
1531 1828 1610 1894 quod
1626 1827 1745 1880 ecclesia
1761 1826 1800 1881 sit
1816 1842 1877 1881 coe·

175 1909 319 1979 selunmr,
337 1910 471 1977 quoniam
482 1909 570 1971 ιιιιιιιι,
589 1909 640 1977 qui
649 1908 745 1977 pratia
756 1908 868 1974 fulsere
881 1908 1013 1961 uideban-
1038 1916 1084 1962 tus
1102 1911 1244 1963 bominum
1259 1911 1301 1964 ita
1318 1910 1440 1963 resibilis
1457 1928 1492 1964 uc
1501 1912 1669 1980 palpabilis,
1687 1919 1719 1965 ut
1732 1919 1774 1966 est
1784 1921 1878 1968 cotim

175 2002 237 2060 tur,
258 1995 491 2064 persequentibus
517 1996 615 2047 cedent
641 2001 667 2046 et
695 1994 810 2056 cudent,
843 2000 869 2046 et
896 1994 1014 2061 quidam
1034 1996 1139 2065 populi
1155 1996 1285 2063 Romani,
1302 1996 1348 2051 cel
1366 2014 1483 2065 repnum
1505 1996 1631 2067 Gallice,
1650 2005 1701 2051 aut
1717 1998 1877 2066 respublica

169 2080 272 2149 fideles
311 2081 467 2145 firmissimi
505 2080 695 2135 turbabuntur.
758 2080 790 2113 ¹²*
799 2077 1013 2148 chrysostomus
1044 2082 1215 2139 Venetorum.
1259 2081 1339 2137 Haec
1370 2082 1463 2137 omnia
1493 2082 1611 2137 clariora
1640 2088 1707 2137 suut
1738 2099 1773 2139 er
1796 2080 1878 2153 ιιαιιι,

175 2166 248 2221 bom.
267 2171 309 2223 te.
333 2165 363 2219 in
382 2164 482 2222 Mattb.
500 2170 565 2220 tom.
590 2169 614 2220 2.
632 2165 684 2219 col.
707 2169 787 2220 1110:
818 2165 898 2218 Tmsc
915 2165 1013 2228 fideles
1039 2184 1109 2238 quas
1136 2167 1321 2222 Bellsrminus
1347 2169 1483 2223 ecclesius
1500 2168 1614 2237 tribuit,
1641 2169 1788 2225 veritatem
1804 2168 1878 2227 enirn

174 2253 291 2307 latentes
308 2259 389 2305 erunt
404 2251 435 2303 in
453 2251 522 2306 locis
539 2251 706 2319 quibsudam
724 2251 928 2319 secretioribus,
948 2253 1012 2305 Deo
1039 2270 1073 2309 aa
1090 2252 1255 2323 dignitatem
1272 2253 1407 2309 ecclesiae
1422 2260 1550 2308 aestimat
1562 2271 1596 2308 ec
1606 2255 1716 2308 nomine
1730 2254 1878 2325 catholiam

176 2355 223 2393 eos
243 2338 427 2393 abscondetur
447 2336 544 2407 potius
568 2353 653 2405 msam
673 2338 751 2402 loco,
782 2337 854 2390 sicut
876 2336 1012 2405 scriptum
1040 2356 1073 2393 ee
1092 2340 1288 2409 nnsplitudiuc,
1306 2357 1339 2393 cu
1358 2341 1532 2394 successione
1546 2342 1750 2409 cpiscoporum,
1768 2340 1879 2409 auseli-

176 2432 230 2478 est:
247 2423 411 2478 Abscondes
430 2439 477 2477 eos
494 2424 525 2476 in
536 2422 700 2476 abscondito
712 2422 805 2476 uultus
817 2422 1011 2476 tuiacontur·
1038 2426 1122 2479 οιιαιι
1152 2426 1304 2495 temporali
1328 2434 1377 2479 etc.
1412 2425 1464 2479 hoc
1498 2432 1540 2480 est
1568 2431 1711 2479 externum
1743 2425 1877 2485 ecclesias

176 2511 287 2565 tuum
304 2509 446 2564 bominum
459 2514 511 2564 etc.
543 2507 876 2578 amnemamnem:
895 2508 1012 2576 Semper
1037 2511 1211 2581 splendorem
1242 2511 1352 2582 quaerit
1379 2511 1553 2582 eundemque
1581 2511 1622 2566 illi
1651 2518 1818 2584 perpetuum
1846 2518 1876 2569 et

173 2598 262 2667 palea
285 2597 373 2650 mista
390 2603 430 2648 est
448 2595 551 2650 tritico.
591 2595 699 2657 Quodsi
716 2595 874 2663 aliquando
893 2594 1011 2661 centipe-
1036 2595 1192 2667 ἀχώριστον
1221 2613 1281 2651 esse
1311 2596 1448 2666 opinatur.
1494 2597 1617 2652 Primam
1647 2602 1875 2696 argumentorum

174 2685 221 2748 rit,
238 2690 269 2736 ut
284 2682 358 2737 nibil
369 2683 575 2751 propemodum
592 2699 678 2750 msam
691 2681 782 2750 palea
800 2680 905 2735 nostris
923 2678 1012 2733 oculis
1037 2683 1154 2739 classem
1181 2683 1254 2754 petit
1280 2700 1314 2738 ex
1341 2683 1396 2737 illis
1415 2683 1575 2754 Scripturas
1592 2684 1692 2748 dictis,
1718 2685 1746 2738 in
1773 2684 1876 2757 quibus

174 2775 330 2869 appareat,
348 2784 417 2821 uera
434 2775 526 2821 tumen
542 2766 662 2821 ecclesia
679 2783 736 2820 ron
753 2765 784 2820 in
796 2766 894 2836 palea,
913 2765 1012 2819 sedin
1037 2776 1133 2840 aperte
1149 2769 1308 2825 nominatur
1326 2769 1451 2825 ecclesis.
1486 2768 1587 2826 Mutth.
1608 2776 1649 2835 lt,
1670 2787 1696 2823 s.
1719 2776 1764 2826 18.
1784 2768 1907 2861 Super&
1922 2771 1966 2871 ῆι
1953 2775 1991 2811 ⁰¹⁸

173 2856 273 2926 pronis
288 2855 437 2909 delitescit.
464 2852 627 2908 Etiterum.
644 2852 707 2921 Illi,
725 2852 1013 2922 euituncfirmissimi
1037 2859 1110 2911 bane
1130 2864 1244 2927 petram
1267 2856 1422 2921 aedificabo
1440 2856 1586 2909 ecclesiam
1604 2873 1708 2926 mam,
1731 2865 1757 2911 et
1773 2832 1958 2966 pomoerii
1957 2828 1992 2862 ω

172 2943 296 3010 firment,
313 2941 400 2995 uerba
415 2939 620 2995 baereticorum
637 2938 778 2992 insidiosa
789 2939 948 3008 intellipere
958 2955 1011 3008 po·
1036 2945 1195 3008 inferorum
1211 2960 1268 2997 non
1284 2942 1490 3011 praevalebunt
1509 2945 1645 2996 adverus
1663 2960 1735 3010 eum,
1755 2944 1801 2997 eui
1814 2924 1958 2998 ,melsun
1890 2973 1949 3023 ια,
1951 2974 1992 3019 ¹,

174 3036 301 3096 tuem,
316 3028 369 3082 sed
381 3026 473 3095 pauci
490 3034 556 3079 sunt
573 3025 604 3077 in
619 3024 832 3094 comparatione
848 3033 1010 3091 ceterorum,
1036 3028 1154 3085 similem
1175 3046 1236 3084 esse
1253 3028 1321 3082 dicit
1338 3027 1417 3081 illum
1440 3034 1462 3082 1.
1481 3026 1552 3083 Tim.
1572 3034 1602 3095 3,
1625 3046 1649 3081 v.
1673 3035 1717 3084 15.
1741 3029 1774 3081 Ut
1792 3028 1869 3082 scias
1869 3029 1977 3117 ξῆῐῑῑι

174 3113 439 3182 sedtamenetipsi
450 3112 565 3183 quidam
574 3113 698 3181 profide
708 3111 825 3177 fortiter
837 3111 1010 3179 emulabant,
1036 3117 1176 3186 quomodo
1194 3124 1220 3169 te
1238 3122 1369 3211 oporteat
1383 3114 1546 3168 conuersari
1563 3114 1594 3166 in
1614 3116 1697 3166 domo
1718 3114 1785 3179 Dei,
1803 3129 1914 3183 quassu
1890 3090 1999 3171 deifico

174 3202 290 3271 quidam
313 3201 378 3253 orbo
402 3198 561 3253 latitabant
596 3198 636 3251 At
654 3198 695 3250 tit
714 3196 847 3261 ecclesia,
870 3213 941 3266 quat
957 3214 1011 3266 ptr
1036 3211 1077 3256 est
1098 3200 1217 3256 ecclesia
1236 3200 1294 3253 Dei
1311 3199 1375 3267 uics',
1394 3199 1525 3253 columna
1543 3207 1569 3253 et
1586 3200 1788 3261 sirmarnenlum
1803 3198 1876 3252 reri·
1888 3191 1984 3272 l’Jss‘m*

174 3302 268 3342 omnes
286 3293 379 3354 pentes
397 3285 507 3349 crescet,
523 3284 555 3337 in
563 3283 716 3348 frumentis
729 3281 1010 3337 Dominicisconser·
1036 3288 1112 3343 tatis.
1149 3285 1186 3339 In
1209 3292 1326 3353 utroque
1353 3284 1416 3336 loco
1440 3282 1554 3353 (inquit)
1577 3283 1673 3350 aquus
1697 3285 1732 3336 de
1755 3283 1998 3374 ecclosia⁸<¹⁰fp⁸¹¹¹

174 3380 241 3427 rata
267 3380 308 3426 est
335 3379 361 3426 et
385 3387 472 3439 usque
500 3371 530 3423 in
555 3371 654 3433 finem,
684 3371 772 3422 donec
791 3369 902 3422 omnino
919 3375 1012 3438 pentes
1036 3372 1150 3434 risibili,
1170 3380 1196 3424 et
1215 3378 1307 3424 tamen
1326 3369 1489 3422 audimus'
1476 3385 1569 3437 ipsam
1586 3369 1731 3421 ueritatem
1748 3384 1876 3423 asserem
1864 3386 1922 3425 -ιιι
1910 3397 1954 3426 sm

175 3474 282 3522 omnes,
319 3457 405 3512 etiam
441 3457 579 3510 barbaras
608 3462 714 3520 tentat,
752 3455 968 3509 contutabitur
979 3455 1011 3488 *¹¹
1037 3467 1098 3527 tem,
1112 3464 1215 3527 portas
1233 3458 1391 3520 inferorum
1410 3454 1689 3524 neupraeualsturas
1702 3461 1875 3509 contrusam

175 3543 308 3599 mins
299 3561 329 3598 ιιι
352 3561 376 3600 c.
402 3549 441 3599 12.
458 3542 575 3612 Apocal.
593 3557 645 3612 per
662 3539 831 3595 mulierem
823 3557 851 3593 ιιι
872 3540 1010 3596 desertum
1037 3545 1189 3599 eeclesiam.
1222 3541 1445 3611 Respondemus:
1469 3546 1490 3595 1.
1509 3539 1736 3609 distinguendum
1748 3539 1875 3595 estiuter

60 3644 102 3683 ιι.
119 3639 161 3682 132.
174 3631 329 3701 fugientem
360 3628 518 3698 ibidemque
544 3627 677 3682 latentem
703 3626 833 3698 intelligit
859 3624 1010 3701 ecclesiam.
1037 3630 1172 3684 ecclesiae
1198 3627 1370 3682 durationem
1398 3631 1560 3697 perpetuam
1587 3631 1615 3680 et
1640 3625 1713 3680 inter
1738 3624 1874 3681 visibilem

175 3716 257 3783 itus
283 3715 414 3785 γυναικὸς
433 3712 510 3784 φυγὴ
529 3717 566 3773 ιιι
584 3711 632 3780 τὴν
652 3713 757 3783 ἔρημον
776 3712 826 3776 τὴν
844 3715 901 3765 τῶν
921 3711 1011 3764 ικιεκ·
1037 3715 1162 3785 ejusdem
1192 3714 1362 3775 claritatem
1389 3711 1464 3766 dicta
1490 3711 1576 3766 allata
1601 3711 1722 3782 probant
1740 3711 1875 3767 ecelesiae

176 3805 232 3856 ser
244 3801 485 3873 φυγὴνσημιιινει,
501 3798 535 3867 ἣν
547 3799 757 3869 inincensatur
769 3797 1011 3871 ποῦ’..ιντιχρισιου
1038 3802 1212 3857 durationem
1236 3808 1414 3871 perpetuam,
1438 3816 1522 3870 quam
1541 3815 1622 3853 nemo
1639 3806 1763 3852 nostrum
1781 3802 1875 3869 negat,
1887 3802 1924 3841 ¹¹1·
1939 3799 1984 3843 ¹³²»

178 3886 231 3941 iub
246 3889 295 3940 rosi
307 3885 438 3952 διαβόλου
451 3884 651 3956 ἐνεργουμένης
662 3880 1012 3955 φιύξονιαιοὶκορυφαιό·
1037 3903 1214 3959 nequaquam
1232 3903 1298 3942 vero
1315 3886 1431 3948 docent,
1455 3890 1595 3940 externam
1613 3884 1747 3938 ecclesiae
1764 3882 1874 3952 clarita·

176 3993 253 4028 susos
273 3973 318 4037 ιῇς
337 3973 480 4038 ἐκκλησίας
498 3970 528 4023 le
547 3977 601 4024 τῶν
618 3973 767 4025 asteriscis
783 3969 923 4038 θυρύρων.
951 3969 1012 4023 Ριι-
1038 3980 1094 4029 tam
1111 3979 1275 4046 perpetum
1294 3972 1368 4039 form
1393 3987 1449 4025 non
1467 3970 1629 4039 praevalent
1646 3969 1794 4024 inferorum
1812 3986 1875 4039 por·

176 4058 280 4113 mesine
304 4057 334 4111 in
359 4056 441 4112 eund.
469 4058 535 4112 loe:
561 4058 621 4110 Per
647 4057 786 4110 ductum
803 4055 931 4123 intellipo
948 4056 1013 4110 loca
1038 4067 1084 4115 tue
1102 4061 1235 4116 adversus
1249 4058 1351 4115 Christi
1367 4055 1522 4120 ecclesiam,
1539 4054 1618 4108 sivel
1631 4055 1876 4110 maximeextemo

177 4145 289 4209 aenea,
313 4144 343 4197 in
365 4143 463 4213 quibu
482 4159 511 4196 se
531 4142 650 4197 ecclesio
663 4149 783 4213 propser
800 4148 901 4196 mcum
914 4158 1010 4212 perse-
1038 4147 1162 4217 ejmdem
1190 4143 1332 4214 splendori
1358 4149 1386 4196 et
1413 4140 1546 4208 elnnmti,
1579 4156 1651 4209 quae
1679 4146 1722 4194 est
1745 4140 1874 4195 accidens

175 4230 294 4285 cretionis
319 4229 448 4283 ostendit.
485 4226 590 4292 Quodsi
617 4245 684 4299 ergo
710 4227 828 4282 ccclesia
845 4228 1013 4299 quandoque
1038 4233 1178 4304 quoddam
1190 4230 1354 4301 separabile,
1368 4228 1561 4299 praevaleant,
1580 4242 1632 4281 uec
1644 4226 1746 4281 desinit
1758 4225 1876 4281 ecclesis

175 4317 203 4371 in
233 4314 410 4370 solitudinem
440 4313 538 4384 fugere
567 4313 662 4386 ibique
697 4314 859 4369 delitescere
895 4313 1013 4384 cogitur,
1038 4334 1099 4374 esne
1116 4321 1216 4372 domnis
1234 4317 1301 4384 Dei,
1319 4316 1450 4370 columna
1472 4333 1506 4369 co
1524 4318 1725 4373 firmamentum
1741 4312 1875 4376 veisun,

175 4400 314 4473 quomodo
342 4399 454 4455 eltrlitt
474 4399 534 4470 eJ'ut
553 4407 688 4470 perpetuo
705 4399 825 4455 exterius
843 4405 886 4454 est
904 4400 1011 4470 compi·
1038 4405 1061 4459 si
1079 4404 1123 4459 vel
1142 4403 1260 4457 maxime
1276 4419 1359 4457 verae
1379 4400 1513 4456 ecclesiae
1530 4399 1694 4454 membrnin
1706 4398 1875 4469 persecutio·

174 4505 228 4544 cun
249 4494 277 4543 et
294 4485 433 4542 visibilis?
456 4485 581 4541 Pertulit
599 4486 647 4542 fid.
667 4486 728 4541 libr.
747 4493 776 4542 5:
801 4487 868 4540 Etsi
884 4504 940 4539 non
956 4486 1013 4539 nisi
1038 4490 1119 4545 nibus
1136 4490 1249 4543 labeant.
1285 4487 1394 4557 Apocal
1416 4492 1460 4554 12,
1478 4505 1504 4543 v.
1520 4492 1551 4541 6:
1571 4486 1674 4539 mulier
1686 4485 1768 4552 supit
1783 4485 1814 4537 in
1830 4501 1874 4538 so·

176 4575 232 4629 duo
250 4573 308 4627 oiri
321 4571 427 4639 fideles
441 4580 616 4626 remunerent
634 4573 664 4625 in
682 4572 1012 4640 manducaverimus
1038 4576 1201 4641 titudinem,
1224 4573 1333 4628 interim
1357 4580 1450 4628 tamen
1473 4589 1492 4625 a
1515 4573 1638 4625 dracone
1664 4570 1800 4624 deuorari
1817 4586 1874 4623 non

175 4659 336 4713 salvaretur
349 4657 475 4727 ecclesia,
492 4675 563 4727 puae
575 4642 616 4712 eit
628 4659 723 4713 unitas
736 4657 871 4722 fidelium.
900 4656 1011 4711 Aeneas
1035 4669 1135 4732 potest,
1154 4666 1212 4715 nt.
1232 4660 1287 4714 imo
1305 4660 1370 4713 ideo
1388 4660 1417 4711 in
1434 4659 1616 4711 solitudinem
1632 4657 1719 4726 supit,
1741 4664 1772 4709 ut
1791 4672 1811 4708 a
1826 4656 1874 4719 fu·

177 4742 290 4814 Sylvius
307 4742 370 4798 libr.
393 4748 416 4801 1.
436 4743 471 4797 de
490 4750 560 4814 gest.
579 4761 655 4799 eone.
675 4743 834 4799 Basiliensis
854 4742 964 4809 scribit,
975 4744 1012 4809 fi·
1038 4765 1104 4803 rore
1122 4746 1257 4801 draconis
1275 4746 1423 4800 incolumis
1439 4752 1561 4798 maneat.
1595 4748 1618 4797 2.
1634 4742 1677 4797 De
1696 4741 1744 4795 illa
1756 4740 1875 4797 sedecia

176 4831 240 4883 dem
258 4831 331 4884 adeo
350 4830 380 4883 in
400 4837 508 4883 arctum
524 4829 606 4898 adipi
621 4847 711 4898 posse,
730 4831 852 4898 utapud
864 4847 949 4882 unam
960 4828 1012 4881 ali·
1039 4834 1191 4906 loquuntur
1202 4833 1287 4886 alluta
1299 4832 1381 4895 dicta,
1395 4848 1467 4901 quae
1480 4837 1521 4885 ost
1532 4832 1659 4896 fundata
1670 4846 1755 4897 super
1761 4835 1875 4897 petrum

176 4932 260 4984 cuam
283 4916 426 4970 misellam
446 4916 566 4969 vetulam
589 4915 750 4985 hospitetur.
784 4914 855 4970 Cum
875 4933 929 4985 quo
949 4932 1012 4970 eon·
1039 4927 1067 4976 et
1085 4937 1157 4992 quae
1175 4925 1218 4974 est
1233 4921 1332 4972 domus
1353 4918 1411 4971 Dei
1429 4917 1493 4973 uici.
1532 4916 1598 4971 lam
1616 4931 1680 4970 vero
1699 4913 1748 4968 ills
1764 4913 1877 4985 proprie

175 5002 260 5056 sentit
286 5001 356 5055 illud
378 5000 569 5057 Panormitam
594 5001 624 5055 in
653 5018 676 5056 o.
702 4999 864 5071 significasti
883 5007 961 5057 extra
977 5001 1013 5056 de
1039 5013 1068 5061 et
1090 5006 1245 5075 adaequate
1268 5007 1429 5074 competunt
1451 5002 1586 5058 ecclesius
1603 5000 1764 5057 catholicae.
1799 4998 1876 5071 Ergo

175 5086 269 5143 elect:
292 5086 432 5141 Possibsle
455 5094 508 5156 est,
532 5088 610 5155 quod
631 5104 698 5140 cera
715 5089 787 5151 fides
805 5087 910 5141 Cbristi
925 5106 1013 5142 rema·
1039 5093 1115 5147 dicta
1134 5091 1182 5145 ills
1200 5088 1310 5159 proprie
1330 5095 1359 5144 et
1376 5088 1532 5159 adaequate
1550 5087 1721 5143 deecclesia
1738 5085 1877 5143 catholice

175 5181 253 5229 neret
269 5174 300 5227 in
318 5190 373 5228 uno
392 5173 461 5229 solo.
495 5174 587 5242 Atque
601 5172 643 5226 ita
653 5190 749 5227 uerum
762 5180 803 5226 est
816 5174 918 5245 dicere,
938 5175 1016 5245 meod
1041 5184 1107 5233 eunt
1127 5174 1318 5246 intelligenda.
1353 5175 1516 5228 Αιιιιιιιιιιιιι
1533 5178 1627 5244 patet,
1651 5173 1719 5245 quia
1740 5172 1771 5227 in
1788 5172 1876 5229 eccle-

175 5261 247 5327 sides
267 5277 325 5314 non
351 5259 445 5328 deficit
470 5259 501 5313 in
517 5258 642 5313 ecclesia.
680 5260 743 5313 Hoc
757 5260 853 5329 patuit
866 5267 934 5330 post
947 5279 1013 5330 pas·
1040 5263 1083 5318 sia
1099 5260 1202 5316 risibili
1220 5266 1285 5315 sunt
1301 5259 1423 5331 quidam,
1441 5259 1492 5328 qui
1508 5259 1629 5312 audiunt
1645 5275 1798 5313 emmonem
1816 5258 1878 5313 Dei

176 5347 282 5402 sionem
315 5344 430 5402 Christi.
474 5346 550 5401 Nam
579 5346 651 5410 fides
681 5345 816 5399 remansit
847 5354 955 5401 tantum
984 5348 1015 5400 in
1041 5360 1067 5405 et
1085 5367 1141 5405 non
1155 5348 1279 5416 fuciunt,
1298 5348 1329 5401 bi
1344 5364 1400 5400 non
1420 5345 1609 5410 aedificantur
1627 5346 1658 5399 iu
1671 5353 1765 5415 petra,
1782 5344 1876 5399 sedin

177 5434 213 5490 B.
237 5432 360 5504 Virpine,
380 5432 450 5503 cuia
466 5449 561 5489 omnes
577 5432 633 5487 alii
648 5431 841 5487 scandalisati
856 5441 929 5491 smst.
959 5436 1015 5489 To·
1041 5454 1130 5492 arena
1148 5434 1247 5492 Mutth.
1268 5441 1292 5499 1,
1309 5452 1336 5487 r.
1355 5438 1396 5488 28.
1416 5446 1482 5501 ergo
1500 5429 1543 5485 illi
1560 5447 1616 5485 non
1633 5436 1700 5487 sunt
1712 5428 1877 5488 deecclesia

177 5537 239 5575 men
264 5518 391 5577 Obristus
416 5528 482 5577 ante
499 5520 661 5592 passionem
686 5525 818 5575 marmot
837 5536 896 5589 pro
920 5520 1016 5593 Petro,
1039 5522 1100 5586 illa,
1119 5520 1157 5577 ds
1176 5537 1232 5593 qna
1249 5519 1375 5575 Christus
1395 5516 1526 5589 loquitur.
1562 5517 1736 5589 Augustinus
1753 5516 1790 5573 ds
1806 5514 1876 5571 uuit.

1458 5618 1516 5675 22⁰
