4004 6022
273 267 334 325 434
591 286 594 295 ’
834 252 956 312 Locus
974 251 1177 310 monemus
1195 252 1394 310 SECUNDUS

273 429 342 484 quas
359 411 483 482 ejusdem
501 410 600 466 ments
617 414 645 466 et
661 409 809 464 voluntatis
826 426 887 465 esse
905 409 1009 464 dicunt.
1044 405 1095 462 Co·
1126 407 1219 475 ctitnr,
1239 407 1348 463 interna
1367 406 1607 479 consanguinitate
1625 405 1662 460 sit
1677 406 1844 476 conjuncta,
1862 408 1897 458 nt
1913 419 1953 458 su·

273 498 334 552 lunt
357 498 438 554 etiam
460 497 609 568 imaginem
631 494 767 551 foeminae
791 496 925 566 gestantis
951 493 1097 564 puerulum
1122 494 1216 564 parius
1232 494 1409 551 ostendimus.
1447 491 1954 563 2.,Amp1i0reseti11asnr·orsssunr

272 584 301 637 in
327 585 400 639 ulnis
427 584 497 649 suis,
535 600 618 656 quam
646 585 743 653 mapni
771 585 845 652 repis
872 583 962 647 filiam
984 581 1098 649 dictant,
1124 581 1256 637 ecclesiae
1272 581 1458 652 evangelicae,
1474 596 1557 651 quam
1571 577 1754 633 Bellarminru
1768 576 1817 632 rel
1830 575 1952 648 pontifex

272 671 351 740 cujus
382 671 410 725 in
442 676 524 740 partu
553 677 581 726 et
608 677 672 740 post
698 674 807 740 partum
835 669 997 723 intemerata
1023 684 1098 720 man·
1123 666 1263 722 Romanus
1285 673 1371 737 optat
1411 666 1509 737 Neque
1532 665 1604 721 enim
1629 665 1658 718 in
1682 662 1836 722 Germania
1859 662 1950 728 solnm,

273 757 339 810 serit
356 757 507 828 virginitas.
548 756 622 810 Huic
645 756 740 810 addita
762 761 805 810 est
827 755 936 825 pictura
954 753 1098 808 duodecim
1124 754 1172 808 sed
1191 753 1372 818 atBohemia,
1391 753 1524 824 Ungaris,
1542 751 1668 815 Palania,
1686 750 1787 816 Danis,
1808 749 1951 820 Norreqis,

270 843 390 897 virorum
422 843 588 898 adumbrans
619 841 761 897 dodecada
790 839 993 911 apostolorum,
1029 855 1098 910 quoe
1124 838 1223 895 Svecia
1246 847 1296 895 etc.
1330 839 1473 910 publicum
1499 844 1528 893 et
1552 837 1688 892 sincerum
1711 838 1791 908 viget
1816 835 1951 908 religionis

270 930 405 999 sapientia
427 936 457 984 et
480 930 627 984 virtutibus
651 929 740 983 claros
758 928 894 983 exstitisse
913 933 942 981 et
958 926 996 980 ad
1015 941 1098 995 ange·
1124 928 1301 998 evangelicae
1321 926 1492 993 exercitium,
1515 931 1599 995 atque
1617 923 1692 978 ultra
1708 923 1852 993 Europam
1870 921 1949 977 eccle

164 1023 198 1068 n
211 1023 256 1068 tta
269 1014 311 1070 los
328 1016 477 1070 translatos
489 1033 549 1070 esse
568 1016 737 1086 praedicant.
763 1013 934 1069 Confitentur
945 1012 1028 1067 etiam
1040 1012 1097 1065 ani-
1123 1012 1192 1067 siam
1221 1012 1409 1084 evangelicam
1438 1011 1587 1083 propagari
1613 1027 1647 1065 ex
1673 1008 1809 1079 superiori
1837 1008 1949 1064 dierodo

269 1118 373 1156 marum
390 1101 624 1156 immortalitatem
642 1108 670 1156 et
686 1102 808 1172 praemia
824 1101 930 1171 piorum
951 1105 1014 1169 post
1026 1099 1097 1153 bano
1122 1104 1249 1153 constare
1266 1105 1365 1168 potest
1400 1098 1433 1152 ln
1450 1098 1541 1152 medio
1558 1102 1663 1167 papatu
1681 1096 1819 1167 quosdam
1837 1111 1948 1166 evange

268 1189 352 1242 vitam
370 1196 491 1256 aeterna,
509 1188 655 1257 impiorum
674 1204 738 1241 vero
758 1187 895 1241 cruciatus
908 1186 1096 1255 sempiternos.
1121 1184 1192 1239 lieae
1215 1184 1341 1255 religioni
1363 1184 1490 1239 addictos
1513 1183 1630 1237 inveniri
1648 1188 1787 1236 testantur
1805 1181 1868 1253 rogi
1885 1197 1948 1236 mar

265 1274 310 1329 Ac
323 1275 407 1329 refert
423 1274 574 1342 blendoza,
592 1274 667 1344 apud
685 1273 834 1329 Chinenscs
852 1272 947 1342 magni
965 1271 1025 1326 fieri
1042 1273 1096 1325 Ar·
1121 1275 1223 1341 tyrum.
1266 1272 1354 1338 Puta,
1384 1280 1410 1324 te
1439 1271 1512 1324 scire
1542 1269 1649 1335 (scribit
1671 1268 1837 1324 secretarius
1865 1283 1948 1338 papae

266 1362 417 1416 meniorum
438 1359 536 1428 libros,
562 1361 590 1414 in
614 1359 714 1430 quibus
736 1359 771 1413 de
790 1359 854 1413 divo
870 1359 978 1412 Thema
992 1374 1095 1415 memo·
1121 1357 1202 1411 Pauli
1220 1357 1269 1413 IV.
1287 1357 1317 1410 in
1334 1357 1455 1421 actione,
1482 1372 1517 1411 an
1536 1355 1646 1410 concilii
1666 1354 1825 1409 Tridentini
1844 1355 1948 1409 decreta

264 1455 348 1511 ratur,
367 1447 442 1518 qnod
460 1446 612 1501 Chinarum
630 1447 770 1517 regionem
788 1446 817 1498 in
836 1444 944 1499 Indiam
957 1445 1094 1515 profectu·
1120 1445 1203 1497 armis
1228 1443 1410 1514 propaganda
1434 1443 1490 1497 sint
1516 1442 1561 1497 lot
1589 1447 1630 1497 69.
1660 1442 1696 1496 ad
1723 1441 1900 1512 pontificem)
1923 1442 1947 1493 is

263 1551 310 1587 rus
337 1533 527 1604 pertransierit
546 1538 574 1587 ct
593 1532 767 1602 evangelium
785 1531 924 1598 docuerit,
949 1532 1094 1586 nonnullos
1120 1530 1246 1584 amnibus
1262 1530 1318 1583 tuis
1336 1530 1450 1582 urbibus
1466 1530 1615 1583 nonnullos
1633 1544 1705 1597 esse,
1725 1530 1775 1599 qui
1791 1529 1947 1583 hatherano

264 1619 346 1673 etiarn
378 1635 411 1674 ex
439 1620 508 1689 ipsis
538 1619 693 1689 baptizarit.
738 1617 914 1688 stapletonus
940 1617 981 1671 lib
1009 1624 1031 1673 l.
1059 1618 1093 1672 de
1119 1633 1223 1671 ueneno
1249 1616 1350 1682 infecti
1376 1624 1452 1685 sunt,
1478 1632 1566 1684 neque
1592 1616 1641 1669 has
1669 1631 1703 1668 en
1726 1615 1827 1679 intima
1847 1622 1948 1669 tantun

263 1712 367 1762 auctor.
383 1707 477 1776 script.
496 1722 519 1759 c.
540 1711 578 1759 14.
600 1701 627 1778 ξ
649 1711 679 1759 5:
697 1703 733 1756 In
751 1703 840 1757 India
860 1704 994 1757 orientali
1011 1706 1094 1758 Lusi·
1118 1705 1199 1768 faece
1217 1703 1334 1772 papuli,
1353 1703 1405 1756 sed
1423 1719 1456 1755 ea
1474 1702 1575 1755 mediis
1594 1703 1679 1755 etiam
1696 1709 1723 1755 et
1741 1702 1860 1755 summis
1876 1700 1946 1755 siric

262 1792 324 1844 tani
339 1791 478 1859 reliquias
495 1789 904 1844 Christianaruminvenerunt.
940 1788 1091 1845 ”Grotius
1120 1794 1144 1844 3.
1171 1788 1242 1844 Cum
1264 1789 1431 1858 Argustana
1451 1787 1587 1843 confessio
1606 1804 1678 1841 anno
1699 1793 1774 1843 1530.
1794 1786 1947 1858 imperatori

262 1875 310 1930 lib.
328 1880 352 1929 3.
370 1875 478 1930 histor:
499 1874 643 1937 Quaedam
663 1875 782 1944 antiqua
800 1875 940 1929 hominnm
959 1874 1092 1956 Christia-
1118 1875 1309 1930 laudatissimo
1332 1874 1431 1930 Carolo
1454 1875 1489 1931 V.
1512 1875 1677 1930 Germanice
1701 1880 1730 1928 et
1752 1873 1856 1929 Latine
1882 1880 1947 1930 estet

261 1979 361 2015 norum
388 1962 481 2015 millia
505 1961 642 2014 inludia
671 1969 735 2015 sunt
762 1963 921 2016 inuental'*
955 1961 1093 2017 Xaverius
1120 1961 1249 2029 exhibita,
1268 1961 1361 2016 statim
1375 1963 1403 2016 in
1416 1963 1612 2031 Hispanicum,
1630 1961 1774 2024 Italicam,
1798 1961 1946 2024 Gallicam,

261 2045 323 2100 libr.
349 2052 371 2101 l.
395 2047 476 2117 epist.
502 2052 524 2102 1.
554 2054 583 2103 et
604 2047 666 2102 libr.
687 2052 712 2102 2.
738 2048 816 2117 epist
842 2055 886 2104 10:
916 2048 1092 2102 Sacotorium
1120 2049 1267 2116 Belpicam
1287 2056 1313 2101 ct
1332 2049 1484 2115 Anpls'cam
1501 2048 1625 2120 lingnam
1642 2047 1697 2101 fuit
1714 2063 1852 2103 conversa
1865 2053 1946 2119 etpa-

261 2131 356 2185 insula
381 2133 412 2184 in
438 2134 558 2187 circuitu
582 2134 675 2186 millia
698 2151 833 2202 passuum
858 2135 950 2198 ferme
978 2141 1092 2203 centum,
1119 2152 1172 2206 pae
1191 2135 1308 2204 allisque
1328 2135 1442 2207 regibus
1460 2141 1489 2192 ct
1507 2135 1678 2207 principibus
1697 2135 1876 2204 transmissa,
1898 2151 1946 2205 qna

262 2224 319 2271 tata
342 2219 476 2271 incolitur
495 2220 530 2272 ab
551 2220 588 2272 iis
605 2217 788 2286 Christiania,
814 2221 863 2288 qui
879 2220 975 2272 multis
993 2219 1093 2273 abhinc
1119 2221 1225 2276 ratione
1242 2221 1319 2276 lama
1336 2223 1395 2292 ejus
1415 2222 1444 2275 in
1462 2229 1520 2276 toto
1537 2221 1604 2277 orbe
1616 2219 1774 2275 Christiano
1786 2220 1945 2292 percrebuit

260 2303 345 2357 anne's
371 2304 517 2359 catholicis
544 2307 739 2360 sacerdotibus
769 2307 862 2359 orbati
890 2306 961 2360 nihil
995 2307 1093 2360 habent
1118 2307 1244 2363 Fuerunt
1271 2308 1354 2363 etiam
1383 2308 1458 2380 apud
1477 2307 1606 2364 Carolum
1632 2307 1771 2361 variarum
1799 2307 1945 2378 provincie

255 2397 372 2460 praeter
397 2409 510 2461 nomen,
537 2393 569 2445 hi
597 2392 773 2446 Christianos
794 2410 824 2446 sc
846 2409 905 2446 esse
932 2393 1094 2461 ploriantur
1118 2413 1179 2450 rum
1196 2395 1304 2467 papuli,
1323 2396 1352 2449 in
1372 2413 1488 2465 quorum
1506 2396 1547 2449 uti
1567 2395 1650 2449 etlam
1667 2395 1752 2449 totius
1770 2394 1881 2466 imperii
1898 2393 1945 2449 Ro

260 2484 287 2530 et
315 2476 343 2531 S.
370 2477 503 2532 Thamam
530 2480 687 2548 apostolum
714 2487 809 2532 sancte
831 2479 939 2546 colant,
967 2481 1092 2548 quasise
1119 2482 1192 2536 mani
1210 2499 1340 2538 consessu
1357 2483 1474 2537 recitata
1491 2480 1701 2550 fuitconfessio,
1719 2487 1751 2535 ut
1764 2481 1945 2536 dubiumnon

261 2563 396 2617 oriundos
412 2567 586 2632 praedicant
604 2567 638 2618 ab
657 2566 708 2631 iis,
728 2583 796 2635 quos
813 2567 863 2620 itte
879 2567 909 2619 in
927 2567 1001 2620 hisce
1020 2567 1092 2621 locis
1117 2569 1160 2636 sit,
1179 2586 1241 2623 eam
1259 2569 1296 2623 ad
1315 2585 1409 2623 omnes
1421 2567 1605 2622 Christianam
1618 2568 1772 2622 doctrinam
1787 2567 1944 2639 profitentes

261 2646 373 2703 Christo
389 2653 509 2720 peperit.
546 2651 592 2705 lib.
613 2657 636 2707 t.
658 2651 736 2722 epist
756 2657 796 2707 t:
822 2653 888 2705 Non
908 2654 1023 2720 desum,
1042 2654 1093 2722 qui
1115 2656 1239 2727 adeoque
1267 2656 1295 2710 in
1322 2661 1409 2709 totum
1439 2663 1573 2709 terrarum
1600 2654 1694 2709 orbem
1725 2669 1787 2708 esse
1817 2665 1996 2724 sparsamxtl

262 2735 290 2790 S.
311 2737 445 2789 Thamam
469 2738 626 2808 apostolum
651 2739 681 2790 in
703 2737 790 2791 Sinas
808 2746 971 2806 penetrasse
991 2741 1091 2808 confir·
1117 2741 1157 2794 Eo
1177 2741 1291 2812 respicit
1309 2740 1456 2806 Lutberus,
1476 2741 1586 2812 quando
1605 2740 1645 2794 sie
1663 2740 1778 2795 scribit:
1800 2742 1895 2796 Tanta
1911 2749 1946 2797 stt

259 2830 333 2875 ment
347 2840 530 2894 mapnumque
550 2841 646 2878 aarum
664 2841 808 2879 numerum
825 2827 867 2878 ad
884 2825 989 2879 Christi
1006 2828 1091 2890 fidem
1115 2828 1193 2881 serbi
1210 2829 1268 2881 Dei
1284 2829 1416 2898 efficacia
1433 2837 1460 2883 et
1476 2829 1572 2896 uirtus,
1590 2835 1619 2879 ut
1639 2842 1693 2896 qna
1703 2826 1771 2896 plus
1779 2828 1945 2896 persanata

260 2909 432 2963 convertisse.
475 2912 551 2964 Nam
572 2913 742 2980 pruisquam
764 2912 897 2965 Lusitani
920 2912 1036 2966 Indiam
1060 2914 1091 2966 in
1117 2915 1162 2968 nis
1186 2915 1281 2982 habet,
1307 2931 1339 2969 ea
1354 2917 1422 2985 plus
1435 2917 1540 2986 floreat
1558 2932 1593 2967 ac
1610 2921 1725 2968 crescat.
1765 2912 1947 2970 Considerate

259 3010 340 3048 suam
359 2996 533 3065 redepissent
553 2997 694 3058 ditionem,
719 2996 833 3052 Graeca
852 2997 969 3053 ecclesia
986 3001 1090 3053 comit
1117 3002 1232 3055 comnia
1248 3003 1425 3071 Aupustana,
1447 3018 1519 3071 quae
1536 3017 1599 3055 aere
1615 3007 1678 3054 sunt
1695 3000 1798 3054 ultima
1810 3002 1878 3056 tuba
1889 3008 1947 3056 ants

258 3082 333 3136 tabat
351 3082 503 3152 episcopos,
522 3085 571 3151 qni
591 3083 765 3140 Christianos
787 3084 816 3139 S.
838 3086 960 3140 Thomas
977 3087 1091 3156 ejusque
1117 3096 1266 3141 eatrcmum
1283 3089 1372 3154 diem,
1397 3106 1481 3157 quam
1498 3088 1644 3141 aestuabat
1663 3095 1720 3140 tum
1737 3094 1813 3141 totus
1832 3090 1947 3144 mundus

259 3166 463 3237 discipulorum
494 3185 581 3237 opera
606 3179 784 3240 prapapatas
813 3179 964 3227 tuerentur.
1013 3172 1091 3227 Haeo
1118 3183 1217 3229 contra
1239 3175 1352 3228 uerbum
1370 3175 1441 3242 Dei,
1465 3191 1547 3243 quam
1564 3175 1645 3228 nobis
1662 3175 1802 3227 orandum
1822 3183 1898 3246 erat,
1920 3182 1947 3229 ut

258 3270 324 3325 ergo
346 3256 530 3311 conversionis
553 3255 643 3327 gloria
666 3258 703 3312 ab
726 3258 843 3314 ecclesia
858 3257 968 3315 Graeca
988 3258 1089 3314 Roma·
1119 3261 1247 3315 Christus
1264 3261 1370 3330 ipsein
1386 3260 1471 3316 coelis
1490 3269 1565 3314 tutus
1583 3267 1651 3313 esset
1663 3260 1874 3329 aPontificis's5
1892 3270 1946 3315 tan·

256 3342 388 3398 nensibus
405 3342 488 3396 facile
505 3349 599 3413 posset
616 3344 746 3414 praeripi.
1118 3349 1180 3400 dem
1202 3355 1300 3400 nostra
1322 3347 1455 3400 doctrina
1481 3355 1507 3399 et
1531 3349 1603 3413 fides
1622 3349 1664 3400 ita
1679 3347 1795 3416 prodiit
1811 3348 1844 3400 s'n
1861 3348 1948 3402 turer

130 3445 164 3488 an
181 3456 218 3488 ss·
293 3434 350 3485 189.
385 3429 542 3482 Membram
558 3431 677 3486 tertium.
714 3430 788 3487 Num
807 3431 1090 3504 ecclesiaeerangeli·
1112 3450 1168 3502 per
1191 3434 1396 3498 consessionem
1420 3441 1559 3501 nostram,
1587 3441 1617 3486 ut
1641 3433 1801 3487 heumanno
1827 3441 1946 3504 tempore

131 3499 228 3600 §2⁶:222
256 3531 306 3570 cae
332 3515 367 3570 de
393 3516 573 3585 amplitudine
597 3516 710 3588 gloriari
740 3516 868 3588 possint?
906 3519 1089 3574 Bellarminus
1117 3522 1251 3574 mandata
1276 3522 1361 3574 etiam
1381 3521 1515 3575 Caesaris
1533 3521 1575 3572 ad
1591 3536 1684 3573 amnes
1702 3536 1781 3587 repes
1802 3526 1830 3572 et
1845 3519 1948 3590 princi·

130 3601 243 3694 ΙΙΙἮΝ·
255 3601 310 3655 boc
331 3602 390 3656 loco
408 3602 488 3655 nobis
505 3600 634 3670 insultat,
659 3605 736 3672 quad
755 3613 853 3658 nostra
872 3607 1002 3660 doctrina
1022 3625 1090 3660 nan·
1112 3625 1165 3677 pes
1183 3609 1346 3675 mitteretur,
1363 3606 1411 3661 ubi
1429 3605 1680 3660 multcclarissims
1698 3605 1812 3676 ingenia
1833 3605 1863 3659 in
1880 3605 1947 3661 aulis

129 3663 217 3745 bisi?
256 3705 340 3757 quam
366 3687 510 3740 transierit
537 3705 629 3756 mare,
660 3707 708 3742 nec
731 3690 846 3758 Asiam,
874 3699 924 3744 aut
948 3693 1090 3761 Africam,
1116 3695 1243 3759 fuerunt,
1267 3709 1339 3764 qnae
1356 3692 1429 3747 hanc
1447 3693 1600 3748 doctrinam
1618 3709 1669 3747 ceu
1687 3692 1776 3745 fomes
1793 3693 1947 3762 apprehen·

130 3759 212 3805 Μ’·
257 3775 415 3842 Aepyptnm
432 3781 481 3826 aut
502 3771 654 3828 Graeciam
670 3776 781 3841 ua'dsrit,
802 3796 836 3831 ae
853 3778 1090 3831 illustramenda·
1117 3781 1224 3835 derunt.
1259 3779 1355 3850 Atque
1379 3795 1412 3833 eo
1429 3780 1512 3834 etiam
1531 3779 1612 3833 unice
1631 3778 1785 3848 respiciunt
1805 3777 1946 3841 electores,

258 3861 331 3914 cium
353 3867 448 3928 occat,
473 3863 550 3930 quad
570 3863 601 3915 in
621 3863 805 3931 praefatione
823 3864 893 3917 libri
914 3865 1089 3936 Concordiae
1116 3866 1254 3936 principes
1272 3871 1301 3920 et
1317 3864 1416 3936 reliqui
1428 3865 1536 3936 imperii
1548 3881 1683 3936 proceres,
1705 3864 1817 3934 quenda
1830 3863 1859 3918 in
1872 3878 1948 3935 prae·

258 3948 371 4012 dicitm,
389 3948 584 4016 Anpustanam
603 3951 806 4017 consessionem
823 3952 853 4003 in
871 3959 928 4005 tota
947 3960 1088 4014 terrarum
1114 3953 1218 4007 satione
1237 3951 1385 4006 Formulee
1406 3951 1571 4006 concordiae
1594 3951 1630 4005 de
1650 3951 1817 4020 Argustana
1842 3951 1947 4006 confw

257 4036 323 4090 orbe
354 4035 548 4104 percrebuisse
576 4043 601 4089 et
626 4037 657 4089 in
684 4053 732 4089 are
761 4044 788 4089 et
814 4054 940 4091 sermone
967 4041 1088 4093 amnium
1114 4038 1190 4094 sione
1214 4043 1269 4094 tam
1297 4036 1446 4092 honorifice
1473 4037 1639 4107 loquuntur,
1667 4052 1783 4107 quorum
1808 4037 1948 4091 illustrem

257 4136 315 4175 esse
341 4122 478 4190 caepisse,
507 4139 568 4175 cum
598 4139 631 4175 en
656 4123 744 4176 tribus
766 4123 843 4176 orbis
859 4124 993 4192 partibus
1013 4127 1088 4179 duae
1114 4126 1309 4178 auctoritatem
1325 4123 1512 4178 Bellarminus
1531 4122 1668 4187 convellit,
1689 4123 1801 4192 quando
1816 4122 1948 4178 illostant

256 4207 380 4275 majores
398 4208 473 4260 Ana
490 4215 516 4260 et
534 4208 638 4275 Africa
657 4224 707 4261 nec
725 4226 822 4262 namen
841 4209 925 4279 hujus
937 4213 1087 4275 confessio·
1114 4212 1210 4266 effreni
1235 4227 1282 4266 ore
1307 4211 1427 4264 illustris
1451 4211 1592 4264 mendacii
1614 4225 1674 4264 reos
1693 4209 1811 4280 peragit.
1851 4208 1949 4282 Neque

256 4293 302 4346 nis
313 4294 482 4358 audiverint,
494 4295 524 4347 in
532 4295 652 4364 Europa
660 4295 764 4348 inultm
769 4296 945 4364 prouincias,
956 4296 1087 4351 utGrae·
1115 4299 1187 4353 enim
1212 4296 1264 4352 hoc
1287 4297 1340 4351 sibi
1364 4297 1461 4351 volunt
1480 4300 1638 4351 constantes
1657 4293 1697 4348 illi
1717 4300 1744 4348 et
1761 4301 1878 4350 aeterna
1895 4311 1949 4352 me·

256 4379 310 4448 eia,
327 4379 418 4432 Italia
437 4387 463 4432 et
479 4381 624 4449 Hispania
643 4396 705 4434 eam
722 4382 865 4448 ipnorent,
884 4383 928 4438 sel
949 4400 1087 4438 emecren·
1114 4387 1201 4438 maria
1219 4374 1296 4455 digni
1314 4383 1492 4448 confessores,
1512 4381 1585 4453 quod
1604 4381 1641 4435 ab
1659 4381 1786 4435 omnibus
1799 4380 1948 4436 Christiani

254 4473 310 4534 tur,
330 4464 440 4530 Gallia,
459 4466 590 4519 Helvetia
609 4474 635 4521 et
648 4468 804 4520 Britannia
815 4470 1005 4523 nominetenus
1017 4473 1086 4525 dun·
1114 4471 1188 4526 orbis
1209 4470 1358 4542 provinciis
1376 4470 1413 4522 sit
1430 4476 1548 4538 recepta,
1568 4468 1616 4522 sed
1637 4468 1711 4538 quod
1724 4467 1832 4539 ubique
1842 4485 1947 4540 parcre

255 4559 333 4606 taxat
357 4552 438 4605 illam
460 4553 609 4620 recipiant.
646 4551 775 4607 Costerus
798 4556 828 4608 in
846 4556 910 4610 sola
930 4555 1086 4611 Germania
1114 4557 1206 4613 buerit
1230 4562 1259 4611 et
1283 4556 1312 4609 in
1336 4572 1383 4609 ore
1406 4561 1433 4608 et
1452 4572 1578 4610 sermone
1596 4555 1719 4609 omnium
1737 4570 1797 4608 esse
1818 4554 1948 4626 coeperit,

254 4640 431 4694 Isutheranas
449 4639 572 4691 inueniri
589 4638 697 4706 scribit,
717 4639 762 4694 vel
779 4649 851 4695 certe
869 4661 926 4697 nan
937 4652 1016 4697 cana
1028 4645 1087 4698 Eu·
1113 4643 1229 4715 perinde
1246 4647 1278 4695 nt
1294 4640 1458 4695 Ambrosius
1476 4640 1505 4694 in
1522 4657 1546 4697 c.
1568 4647 1607 4697 10.
1627 4641 1705 4696 Rom.
1723 4640 1798 4708 dicit,
1819 4659 1874 4711 quo
1893 4658 1949 4695 nan

254 4743 363 4795 rapam.
401 4725 571 4779 *indamus
584 4725 695 4781 Coum
713 4727 748 4782 de
765 4744 835 4797 pace
847 4726 976 4784 German.
994 4731 1042 4787 lib.
1065 4739 1086 4787 1.
1110 4735 1297 4800 pervenerunt
1313 4729 1402 4797 pedes
1421 4728 1620 4797 apostolarum,
1637 4744 1668 4781 ca
1680 4726 1840 4796 pervenisse
1851 4744 1948 4782 senum

253 4830 278 4869 c.
301 4816 341 4868 18.
366 4829 395 4882 p.
415 4816 479 4867 298:
508 4812 565 4866 Sub
593 4814 769 4880 confessione
797 4823 853 4869 tam
883 4818 952 4870 eniti
978 4817 1086 4888 (Angu-
1111 4814 1337 4886 praedicationis
1363 4815 1548 4881 evanpelicae.
1586 4812 1643 4868 Sed
1672 4813 1733 4883 quis
1762 4812 1837 4867 banc
1861 4813 1948 4883 impu·

253 4899 358 4967 stana),
377 4915 448 4967 quae
468 4900 498 4952 in
519 4901 580 4953 dies
597 4901 628 4953 in
647 4910 755 4955 arctum
773 4905 891 4974 capitur,
909 4919 981 4972 qnae
996 4922 1086 4973 paene
1114 4901 1235 4957 dentiam
1256 4898 1407 4955 indesuita
1425 4899 1560 4954 miretur?
1587 4907 1612 4955 4.
1627 4898 1813 4953 Bellarminus
1825 4898 1950 4956 hocloco

253 4987 377 5040 animam
401 4986 476 5055 cpit,
501 4986 663 5041 immensam
687 4989 866 5058 ubiquitatem
890 4997 981 5057 tepere
1006 4992 1086 5055 nelle,
1113 4989 1222 5042 videtur
1240 4986 1342 5041 oblitus
1361 5004 1421 5042 esee
1440 4986 1523 5055 illins,
1542 4985 1618 5057 qnod
1636 4985 1666 5039 in
1679 4992 1746 5040 orat.
1762 4990 1831 5040 tom.
1844 4993 1869 5043 t.
1884 5001 1949 5058 ope·

253 5081 374 5142 mantas
390 5081 431 5124 est
442 5072 717 5141 inconsiderationis,
736 5092 770 5129 nc
785 5078 878 5129 dicam
890 5075 1086 5129 stultitiael**
1112 5092 1173 5128 rum
1201 5072 1324 5144 praefixa
1348 5072 1401 5127 sub
1427 5073 1511 5127 linem
1544 5070 1654 5125 scribit:
1688 5070 1820 5126 Volantes
1850 5090 1950 5127 currus

252 5155 476 5228 Respondemus:
496 5164 517 5215 1.
539 5159 562 5212 si
575 5160 619 5214 vel
631 5161 749 5216 maxime
761 5162 797 5216 de
809 5161 890 5216 locali
903 5161 1086 5231 amplitudine
1113 5161 1215 5213 miram
1239 5160 1368 5213 indicant
1393 5159 1582 5226 celocimtem,
1613 5175 1671 5228 qua
1698 5175 1771 5212 noea
1795 5158 1853 5211 ista
1876 5166 1951 5214 secta

252 5260 308 5297 non
331 5260 473 5314 possemus
495 5245 621 5316 gloriari,
642 5251 735 5301 tamen
760 5263 815 5302 non
836 5247 973 5302 desineret
992 5255 1087 5303 nostra
1113 5245 1296 5315 (Lutberana)
1321 5248 1412 5300 instar
1434 5246 1592 5315 pestiferae
1614 5245 1687 5298 tabis
1705 5259 1765 5298 sese
1781 5260 1836 5314 per
1852 5245 1951 5300 ranas

252 5331 370 5384 ecclesia
386 5348 445 5386 esse
458 5332 607 5396 catholica,
627 5349 691 5387 cnm
709 5332 872 5403 profiteatur
890 5332 974 5389 fidem
992 5334 1086 5389 catho-
1111 5335 1240 5402 repianss
1266 5334 1374 5405 effudit.
1412 5334 1488 5386 Nam
1519 5349 1576 5386 non
1606 5339 1734 5386 contenta
1767 5331 1895 5385 occiduis
1925 5339 1951 5386 st

252 5414 334 5469 licam
357 5433 390 5471 ac
415 5418 532 5489 proinde
556 5420 710 5474 catholicae
729 5420 877 5484 ecclesiae,
901 5437 973 5491 qnae
991 5437 1086 5476 omnes
1112 5419 1325 5487 aquilonaribus
1350 5420 1446 5489 repnis
1470 5419 1512 5472 ad
1537 5417 1670 5472 orientem
1694 5432 1804 5487 quaque
1824 5424 1851 5470 et
1868 5418 1950 5472 meri

251 5501 376 5557 omnium
397 5508 552 5574 temporum
576 5510 605 5559 et
628 5505 750 5559 locorum
768 5520 833 5560 rere
850 5505 948 5562 fideles
964 5506 1085 5578 comple-
1112 5507 1200 5575 disum
1217 5507 1259 5560 ad
1280 5505 1422 5575 Graecos,
1439 5505 1481 5558 ad
1497 5505 1597 5573 ladas,
1617 5504 1766 5572 adipsum
1784 5520 1889 5559 nasum
1906 5520 1950 5559 ar
