4004 6022
764 275 815 331 DE
835 273 1027 333 nocuasrA.
1686 286 1744 344 401

52 423 131 490 Quot
160 435 251 482 autem
279 436 305 482 et
334 430 364 482 in
385 429 551 499 praesentia
573 429 698 485 videmus
724 429 847 486 homiues
872 425 987 507 alcum
1012 430 1175 486 Rocbardus
1193 449 1241 486 rex
1257 429 1404 485 Frisonum
1424 428 1499 486 circa
1517 446 1620 487 annum
1636 428 1750 487 Domini

46 512 149 582 priori
166 531 219 568 sua
239 513 369 585 opinione
387 516 416 568 in
436 515 578 587 impietate
591 525 818 586 perseveranter,
843 517 893 586 qui
919 522 976 574 720.
999 516 1182 589 baptizandus
1205 524 1277 572 emet
1300 522 1328 572 et
1353 515 1452 588 pedem
1470 534 1556 573 unum
1575 535 1655 573 sacro
1674 517 1750 574 lava-

50 599 223 668 pentilitatis
251 603 376 655 accusati
402 621 463 656 cum
491 603 572 657 nulla
598 620 628 657 se
650 603 764 672 possint
783 603 891 657 ratione
917 621 964 658 cro
987 604 1112 675 jamdum
1139 602 1309 671 intinxisset,
1340 602 1490 675 qnaesivit,
1520 603 1632 658 ubinam
1656 603 1752 674 maior

53 686 211 750 defendere
236 695 345 757 patres,
373 707 439 743 aros
463 696 488 742 et
509 706 634 759 proavos
652 691 682 743 in
701 709 781 743 suam
800 691 890 743 adclu-
912 708 986 759 pars
1020 710 1134 745 suorum
1169 699 1374 746 antecessorum
1412 689 1563 744 amenum
1600 699 1685 756 meet,
1720 690 1751 745 in

52 779 120 825 cunt
144 774 370 828 accusationem?
402 783 556 845 propterea
583 775 699 845 quidam
723 777 891 846 scriptarum
917 778 1044 846 inferno,
1080 798 1117 832 an
1152 779 1182 832 in
1217 778 1382 848 paradiso!
1432 783 1459 831 et
1487 775 1618 846 audiens,
1652 778 1751 847 plures

52 861 208 912 coeundam
244 869 376 914 naturam
410 862 635 916 consuetudinem
667 863 891 933 appellauerunt,
917 880 977 917 esse
1000 865 1031 917 in
1058 865 1183 933 inferno,
1213 880 1275 921 mox
1302 863 1449 918 intinctum
1476 863 1576 934 pedem
1602 862 1752 933 retrahens,

53 962 129 1015 quae
147 964 208 999 aum
226 947 255 1000 in
274 948 451 1016 dopmatibus
471 956 517 1009 est,
537 948 619 1017 lonqe
638 950 746 1013 tirmior
758 949 890 1019 efficitur.
917 951 1032 1004 Rectius
1071 965 1127 1021 est,
1164 951 1245 1018 dixit,
1274 951 1377 1021 plures
1413 968 1495 1020 quam
1527 950 1682 1019 pauciores
1710 964 1751 1004 se·

54 1032 133 1086 Nam
149 1032 238 1099 facile
259 1041 301 1086 est
316 1035 427 1104 quiduis
447 1035 530 1088 aliud
547 1044 655 1090 mutare
673 1054 757 1106 quam
774 1036 891 1107 relipio-
918 1036 973 1107 qui.
1021 1036 1157 1092 Nimirum
1192 1037 1244 1093 hae
1279 1036 1392 1092 fuerunt
1426 1041 1576 1109 perpetuae
1606 1036 1752 1108 gentilium

56 1135 121 1172 nem
148 1128 172 1172 et
200 1122 408 1174 consuetudinis
436 1122 670 1176 reuerentiam.**
718 1123 891 1195 Augustinus
919 1125 954 1178 dc
980 1124 1146 1196 antiquitate
1171 1124 1311 1197 religionis
1339 1140 1406 1180 suae
1432 1123 1623 1195 gloriationes,
1649 1123 1752 1195 quibus

10 1203 106 1258 sulib.
123 1203 158 1259 de
176 1211 281 1276 quaest.
300 1206 333 1263 V.
354 1213 382 1262 et
399 1205 434 1263 N.
453 1206 486 1263 T.
504 1225 531 1278 q.
550 1213 612 1263 114:
639 1209 754 1279 Papaui
771 1209 891 1279 antiqui·
919 1211 1096 1276 Ambrosius,
1125 1212 1313 1282 Augustinus,
1344 1208 1484 1264 Arnobins
1512 1216 1541 1264 et
1568 1209 1616 1264 alii
1646 1225 1680 1265 ex
1708 1225 1752 1264 ve·

56 1290 125 1344 tatis
151 1309 236 1345 causa
259 1310 352 1346 cuum
370 1310 399 1346 se
417 1301 510 1347 tenere
528 1295 709 1363 camerulam,
732 1293 799 1365 quia
818 1297 894 1366 quod
919 1296 1024 1352 teribus
1050 1299 1265 1368 responderunt,
1295 1316 1350 1352 nan
1374 1314 1408 1351 ee
1432 1296 1615 1367 antiquitate,
1645 1298 1696 1351 sed
1720 1312 1753 1349 ec

57 1376 185 1431 anterius
202 1385 249 1447 est,
268 1379 403 1449 inquiunt,
416 1380 529 1449 salsum
548 1398 604 1434 esse
624 1400 680 1435 non
693 1389 795 1451 potest,
813 1383 895 1451 quam
919 1386 1034 1439 ueritate
1063 1384 1227 1452 reiiqionem
1251 1400 1389 1455 quamque
1418 1383 1630 1438 aestimandam.
1675 1381 1753 1437 Idem

57 1464 213 1533 antiquitas
232 1473 280 1519 aaut
297 1474 373 1519 saus
391 1469 559 1521 consuetudo
574 1469 756 1538 praejudicet
771 1469 892 1523 veritati.
919 1489 969 1526 uos
990 1472 1187 1542 respondemus
1206 1469 1373 1539 Pontificiis,
1398 1469 1453 1525 imo
1472 1470 1546 1542 quod
1567 1469 1620 1540 ipsi
1641 1484 1754 1540 respon·

56 1549 96 1606 Et
113 1549 197 1622 paulo
217 1559 292 1622 post:
313 1552 369 1607 Hic
390 1562 429 1607 est
448 1572 506 1607 mos
527 1554 693 1625 diabolicus,
712 1562 742 1608 ut
757 1573 810 1625 per
823 1558 893 1609 auti·
920 1558 987 1613 dent
1003 1558 1081 1612 ludis
1098 1557 1133 1612 ad
1153 1556 1236 1612 iidem
1259 1556 1445 1611 Christianam
1461 1555 1662 1624 convertendis,
1680 1554 1753 1610 idem

57 1636 176 1707 quitatis
193 1639 337 1691 traducem
354 1642 558 1693 commendetur
567 1640 700 1702 fallacia.
727 1640 892 1696 llllisidorus
919 1643 972 1698 sibi
995 1661 1156 1715 responsum
1182 1648 1306 1698 statuant
1328 1641 1451 1699 anobis.
1488 1641 1625 1697 Xaverins
1645 1640 1755 1698 ‹lesuita

58 1721 109 1779 lib.
129 1731 152 1779 2.
166 1724 245 1794 epist.
258 1730 298 1780 46.
312 1724 420 1779 ethnico
432 1725 542 1779 cuidam
557 1726 708 1797 objicienti,
720 1730 892 1797 eocrnpelium
918 1729 980 1787 libr.
1000 1737 1024 1786 1.
1047 1731 1153 1801 epistol.
1174 1738 1201 1786 l:
1224 1730 1297 1785 Indi
1319 1746 1353 1783 ne
1374 1728 1531 1784 Christiani
1546 1730 1664 1798 fierent,
1689 1745 1754 1781 cau·

56 1813 311 1880 nos-amquandam
324 1820 407 1881 atque
419 1814 452 1866 de
466 1814 554 1866 veteri
565 1814 770 1868 discendentem
782 1832 893 1870 consue·
919 1835 979 1871 sam
1002 1817 1074 1871 banc
1102 1818 1270 1888 afferebant,
1296 1834 1326 1870 se
1353 1834 1372 1869 a
1396 1812 1554 1886 maieritum
1569 1815 1629 1868 suis
1646 1829 1755 1882 semper

56 1897 183 1951 tudinem
200 1916 270 1963 esse,
295 1900 456 1969 respondet:
480 1901 577 1968 Ncque
596 1902 667 1954 enim
684 1919 769 1972 prave
788 1910 827 1956 est
844 1911 893 1956 aut
919 1905 1034 1957 deorum
1061 1904 1181 1958 cultores
1207 1902 1357 1972 eastitisse,
1387 1901 1581 1959 sacedotibus
1598 1901 1657 1955 suis
1673 1900 1752 1955 Bon-

56 1982 225 2038 eceleratum
247 1985 361 2054 aliquid
386 1987 533 2050 innovare,
560 2005 621 2040 cum
643 1988 751 2041 utililas
774 1989 895 2043 novitati
918 1990 969 2043 siis
987 1990 1117 2060 plurima
1139 1989 1259 2056 terpiton
1281 2006 1340 2042 csse
1364 1995 1416 2045 etc.
1464 1989 1570 2043 Acesta
1593 1986 1640 2042 lib.
1666 1991 1690 2043 2.
1716 1986 1752 2042 dc

57 2071 208 2141 conjuncta
237 2080 292 2142 est,·
321 2091 376 2126 non
402 2073 473 2125 enim
497 2073 583 2126 nocta
607 2081 633 2127 st
655 2074 738 2127 utilia
761 2077 893 2145 temporis
919 2076 998 2132 salut.
1037 2076 1128 2132 Indor.
1157 2092 1265 2147 procur.
1295 2091 1318 2129 c.
1348 2079 1394 2130 ts:
1428 2074 1645 2138 Difficillimum
1672 2072 1753 2126 notis

56 2157 244 2212 diuturnitate
265 2161 493 2230 perpenduntur,
516 2177 610 2213 verum
636 2161 669 2214 id
690 2162 893 2231 explorandum
920 2165 1000 2234 apud
1016 2163 1107 2217 Indos
1126 2163 1196 2227 fidei
1214 2161 1440 2231 impedimentum
1464 2178 1495 2215 er
1512 2160 1578 2229 ipsa
1596 2160 1753 2215 inveterata

57 2252 113 2313 est,
131 2263 169 2297 an
186 2246 216 2299 in
234 2245 437 2314 antiquioribus
455 2247 535 2300 rebels
554 2247 649 2301 vitium
668 2248 839 2314 inveniatur,
856 2267 893 2303 an
920 2251 1118 2305 conmeantes
1136 2248 1344 2318 proficiscitur,
1370 2248 1471 2318 ubique
1496 2263 1565 2300 sans
1582 2248 1753 2301 conmdude

57 2340 159 2386 contra
183 2331 213 2385 in
232 2333 431 2386 recentioribus
448 2334 536 2387 virtus
552 2336 768 2403 reperiatur.llll
803 2336 893 2390 Arno-
919 2354 1037 2405 maqnas
1058 2337 1132 2389 uires
1156 2336 1250 2403 labet,
1278 2335 1330 2388 sed
1353 2335 1433 2403 apud
1454 2333 1590 2386 barbaros
1605 2333 1752 2390 mammas.

57 2418 123 2473 bins
141 2417 190 2473 lib.
213 2424 233 2474 1.
255 2417 316 2472 adv.
336 2425 433 2490 gentes
452 2438 478 2490 p.
501 2426 547 2474 tr:
575 2421 759 2489 Antiquiora,
779 2423 894 2491 inquitis
920 2421 1014 2476 Tertio
1041 2438 1074 2476 ex
1101 2438 1148 2489 eo,
1180 2420 1254 2492 quod
1279 2418 1465 2489 corruptelae,
1494 2417 1701 2489 superstitiones
1726 2424 1755 2474 et

57 2508 120 2571 (vos
138 2503 275 2576 gentiles),
293 2514 389 2559 nostra
407 2514 470 2559 sunt
488 2525 522 2558 ac
538 2523 592 2575 per
610 2507 661 2560 boc
679 2514 704 2560 et
719 2508 794 2577 fidei
812 2517 837 2562 et
850 2526 892 2563 oe·
920 2510 1047 2564 haereses
1075 2509 1229 2578 complures
1261 2506 1295 2562 de
1323 2507 1489 2579 antiquitate
1513 2505 1625 2578 gloriari
1649 2504 1755 2561 inerint
1766 2508 1858 2554 ¹10²!

58 2593 155 2646 ritatis
168 2592 351 2662 plenissima,
372 2594 455 2662 quasi
471 2610 535 2647 vero
555 2609 682 2646 errorum
699 2612 755 2647 non
773 2595 895 2664 antiqui·
920 2596 1026 2664 scitae,
1043 2600 1141 2649 contm
1156 2611 1221 2648 vero
1240 2592 1369 2648 novitatis
1388 2593 1492 2648 crimen
1511 2609 1593 2648 verae
1610 2591 1754 2647 doctrinae

58 2686 104 2732 tas
122 2676 293 2747 pientissima
317 2687 405 2732 mater
429 2679 465 2731 sit
489 2688 515 2732 et
536 2696 591 2733 non
609 2681 672 2749 apsa
688 2682 833 2750 pepererit
851 2699 896 2735 res
921 2683 1005 2738 fucrit
1031 2682 1179 2752 objectum.
1222 2678 1355 2735 Homines
1379 2678 1580 2736 antediluviani
1599 2677 1755 2749 Noaehum,

60 2781 125 2828 eas,
149 2782 221 2833 quae
247 2766 424 2834 turpissimae
443 2766 503 2819 Dei
519 2775 600 2819 notas
619 2767 812 2836 iqnominiosis
832 2787 895 2822 con·
922 2768 1079 2824 Sodomitae
1097 2766 1217 2821 Lotbum
1237 2766 1363 2837 justitiae
1381 2783 1545 2837 praeconem
1563 2765 1659 2820 audire
1676 2764 1756 2821 noln·

59 2851 244 2906 cinnaoerunt
266 2852 295 2904 in
312 2851 441 2914 sabulis!
478 2860 542 2905 ante
560 2853 654 2906 millia
671 2853 742 2907 enirn
760 2873 896 2908 annorum
922 2862 1017 2925 erunt,
1043 2853 1140 2925 procul
1165 2852 1250 2908 dubio
1272 2853 1339 2925 quia
1358 2869 1458 2908 novam
1487 2858 1515 2908 et
1539 2852 1574 2907 ab
1594 2852 1657 2915 illa,
1683 2864 1755 2922 qnae

61 2938 156 2992 decern
179 2957 235 2992 non
253 2946 404 3008 potuerunt
428 2939 509 3003 falsa
532 2948 557 2992 et
582 2941 682 2993 audiri
704 2948 729 2994 et
753 2942 847 3011 credi,·
871 2951 896 2996 et
922 2945 1006 3016 longa
1025 2958 1160 2996 annorum
1180 2939 1250 2995 serie
1268 2940 1371 2995 usitata
1387 2941 1486 3003 tuerat,
1504 2939 1640 2994 diversam
1656 2936 1755 2991 doctri·

60 3043 118 3080 non
140 3023 311 3078 simillimam
336 3025 397 3077 ocri
417 3034 471 3093 est,
494 3027 576 3090 fidem
602 3027 699 3080 uicinis
726 3036 751 3081 et
770 3029 896 3090 finitimis
923 3049 986 3086 nam
1014 3044 1168 3101 proponere
1196 3026 1248 3081 visi
1272 3025 1392 3084 suerunt.
1432 3026 1549 3096 Moysen
1572 3023 1755 3096 repudiarunt

61 3129 148 3182 quam
169 3111 325 3180 spatiorum
349 3114 437 3166 inesse
469 3113 672 3184 longinquitate
709 3115 896 3169 (distantibus.²
922 3115 1065 3188 Aegyptii,
1085 3115 1159 3187 quod
1178 3130 1263 3169 novos
1282 3113 1372 3167 cultus
1390 3111 1528 3166 videretur
1545 3111 1651 3166 docere.
1685 3109 1755 3173 Quis

60 3197 184 3253 ”Idem
203 3196 342 3252 Amabius
360 3199 406 3252 lib.
425 3204 449 3256 2.
468 3207 563 3255 contra
581 3208 677 3272 gentes
695 3220 722 3272 p.
736 3208 777 3256 55.
790 3220 815 3272 p.
833 3207 894 3257 lli:
923 3212 962 3257 est
986 3202 1138 3270 Dominus,
1164 3200 1255 3271 inquit
1279 3197 1389 3252 Pharao
1410 3197 1498 3251 Exod.
1516 3203 1546 3264 5,
1570 3215 1595 3250 v.
1615 3202 1638 3252 2.
1658 3204 1689 3249 ut
1705 3213 1753 3248 au·

61 3284 134 3338 Cum
153 3286 189 3338 de
215 3286 335 3338 nouitate
363 3287 511 3354 loquimini
534 3289 704 3356 reiiqionum
728 3296 895 3354 nostrarum,
923 3291 1001 3353 diam
1023 3307 1115 3343 uocem
1143 3288 1203 3354 eius
1222 3295 1248 3340 et
1267 3287 1405 3338 dimittam
1422 3285 1537 3340 Israill
1562 3282 1655 3337 nescio
1674 3282 1756 3335 illum

59 3380 172 3428 metrae
197 3371 274 3425 vohis
300 3372 330 3424 in
356 3382 473 3426 mentem
495 3392 551 3427 non
569 3375 696 3440 veniunt,
721 3392 770 3428 nec
789 3376 895 3429 curatis
922 3377 1084 3432 Dominum.
1123 3371 1285 3428 Idololatria
1308 3369 1463 3425 lsraiilitica
1484 3368 1658 3441 antiquitatis
1675 3367 1757 3423 titulo

59 3457 213 3529 inspicere,
237 3461 350 3528 quanda
369 3461 531 3515 anartium
550 3463 703 3531 diiaestri,
722 3481 793 3532 quas
811 3463 895 3533 aripi-
920 3468 1016 3517 contra
1039 3460 1188 3532 prophetas
1206 3456 1374 3528 superbivit,
1402 3455 1492 3512 cultui
1511 3456 1665 3511 Baaliticus
1686 3453 1755 3510 anti·

58 3564 110 3600 nes
128 3544 255 3613 lateant,
273 3563 343 3614 quas
360 3563 469 3615 causas,
487 3547 530 3599 cel
547 3564 580 3601 eu
599 3550 696 3617 quitata
713 3550 897 3618 proruperint
922 3547 1034 3620 quitatis
1058 3546 1196 3601 schemate
1221 3560 1282 3599 sese
1307 3542 1473 3608 venditavit3
1499 3550 1595 3599 contra
1612 3559 1677 3597 vero
1693 3558 1755 3613 pro·

59 3632 277 3702 emicuerintque
301 3632 453 3688 radicibus.
491 3634 579 3701 Cujus
599 3642 689 3688 autem
709 3643 749 3688 est
765 3636 897 3704 pudoris,
921 3635 1021 3706 phetae
1039 3632 1170 3688 (livinitus
1183 3629 1343 3686 excitatiad
1356 3629 1561 3684 reformandam
1572 3629 1757 3685 idololatriam

60 3717 185 3790 quinimo
205 3719 419 3773 inverecundiae
438 3720 532 3789 cujus,
551 3723 628 3790 quael
644 3738 728 3790 apere
746 3724 896 3789 lectrices,
922 3727 1066 3776 novatores
1085 3719 1185 3774 andire
1203 3717 1294 3772 coacti
1312 3715 1432 3772 fuerunt
1473 3715 1640 3772 Samaritani
1657 3716 1693 3770 ad
1709 3733 1757 3771 an·

59 3810 90 3861 in
117 3822 148 3860 eo
173 3805 294 3859 alterum
317 3806 538 3874 reprehendere!
566 3809 710 3862 maledicti
727 3817 753 3861 et
771 3809 897 3863 criminis
921 3807 1078 3879 tiquitatem
1108 3804 1297 3875 provocabant
1327 3804 1357 3857 in
1387 3804 1443 3858 suis
1473 3803 1606 3858 adversas
1634 3803 1758 3859 ludaeos

59 3895 124 3949 loco
144 3893 214 3946 dare
232 3908 273 3959 ea,
294 3910 365 3960 quac
385 3893 415 3946 in
433 3901 457 3947 te
472 3901 590 3963 possunt
602 3896 779 3963 reciprocata
791 3895 896 3950 utrisn-
922 3891 1164 3964 disputationibus.
1202 3889 1290 3944 Carol.
1311 3887 1439 3961 Sigonius
1456 3888 1502 3944 lib.
1524 3894 1546 3944 2.
1564 3890 1599 3943 de
1614 3889 1759 3961 republica

60 3979 159 4035 tudine
179 3979 338 4048 retorqueri
345 3980 358 4032 1
376 3984 428 4034 etc.
466 3979 513 4033 lib.
534 3980 608 4035 cod:
628 3981 785 4049 Relipianis
805 3990 897 4037 aucta·
924 3980 1073 4035 Hebraeos.
1092 3995 1115 4032 c.
1142 3982 1175 4032 d:
1216 3976 1351 4046 Eliqebat
1375 3978 1455 4029 Deus
1474 3977 1549 4028 duas
1567 3976 1650 4028 arbes
1667 3976 1759 4030 stritus

58 4070 133 4122 ritas
149 4083 206 4120 non
219 4075 259 4119 est
271 4073 394 4136 tempore
406 4068 546 4120 metienda
558 4075 610 4123 etc.
634 4068 731 4140 Pergit
742 4068 897 4123 Arnobius:
924 4068 982 4135 sui,
1007 4065 1070 4121 Silo
1093 4066 1124 4118 in
1143 4063 1279 4119 Samaria
1299 4070 1325 4116 et
1344 4059 1504 4114 Jerusalem
1522 4061 1552 4113 s'n
1571 4061 1701 4129 Judaem
1728 4063 1759 4114 in

62 4154 123 4209 Sed
139 4154 218 4223 quod
235 4153 345 4223 aqimus
362 4172 420 4223 nos,
439 4173 538 4209 nonum
557 4162 613 4222 esl,·
635 4157 711 4224 quod
729 4164 822 4209 autem
840 4174 897 4225 cos,
925 4152 979 4206 illa
998 4151 1222 4218 tabernaculum,
1247 4149 1277 4201 in
1296 4148 1348 4200 hac
1366 4148 1496 4217 ternplum
1515 4165 1594 4200 suum
1613 4133 1759 4201 constitue·

57 4240 185 4310 priscum
203 4246 244 4293 est
263 4247 289 4293 et
305 4240 409 4294 nimiae
425 4241 577 4298 retentatis.
614 4241 653 4294 Et
672 4240 743 4311 quid
761 4243 839 4296 istud
851 4251 899 4296 aut
926 4240 986 4305 iat,
1013 4238 1120 4306 rejecta
1148 4236 1210 4291 Silo
1237 4234 1374 4303 diliqebat
1390 4235 1560 4291 Jerusalem.
1597 4234 1760 4289 Samaritae

59 4345 108 4381 uos
120 4326 218 4395 jurat,
242 4335 292 4380 aut
311 4334 436 4380 nostram
453 4344 569 4380 causam
586 4328 776 4397 rationemque
794 4327 898 4382 contri·
925 4326 1107 4398 nihilominus
1130 4323 1221 4376 cultus
1246 4321 1339 4375 diuini
1360 4320 1472 4374 miracu
1494 4320 1550 4373 sihi
1567 4320 1759 4391 vendicabant,

60 4415 136 4469 etati
171 4414 254 4466 Nova
277 4430 323 4466 res
346 4421 399 4481 est,
423 4430 506 4483 quam
527 4414 664 4481 perimus,
688 4415 855 4483 quandoque
875 4422 901 4468 et
925 4429 957 4465 eo
984 4411 1062 4479 quad
1092 4410 1121 4462 in
1147 4407 1211 4463 Silo
1234 4406 1361 4475 primurn
1386 4406 1542 4461 invocatum
1567 4413 1637 4460 esset
1660 4422 1759 4460 nomen
1824 4455 1836 4468 ,

60 4499 126 4570 ipsa
145 4507 221 4552 aetas
239 4499 303 4565 fict,·
318 4507 402 4565 uetus,
420 4516 501 4567 quum
520 4517 569 4552 aas
586 4498 679 4568 apitis,
700 4501 751 4553 sed
768 4501 900 4569 tempori·
925 4497 1051 4551 Domini.
1095 4494 1206 4548 Judaei
1230 4501 1330 4548 contra
1348 4495 1435 4547 adse
1455 4493 1760 4564 iddeaustraiebant,

62 4588 127 4655 bus,
154 4585 251 4656 quibus
268 4585 370 4654 coepit,
390 4603 461 4638 nava
472 4586 536 4654 suit
553 4587 706 4655 repastina.
743 4586 900 4656 Ileliqionis
925 4601 957 4637 eo
985 4584 1061 4652 quod
1080 4589 1182 4651 postea
1206 4582 1287 4635 Deus
1315 4580 1440 4644 Sionem,
1466 4579 1500 4633 id
1527 4586 1566 4632 est
1595 4580 1760 4650 Hierosoly·

62 4681 155 4728 autem
181 4672 333 4726 auctoritas
357 4690 412 4725 nan
434 4682 474 4726 est
493 4681 613 4741 tempore
634 4673 824 4737 aestimanda,
850 4664 1015 4738 redimam,
1035 4668 1096 4723 Silo
1112 4668 1336 4738 praeposuisset.
1378 4666 1460 4722 Corn.
1478 4665 1627 4722 Jansenius
1645 4666 1674 4721 in
1694 4684 1717 4722 c.
1736 4673 1760 4724 4.
1831 4710 1833 4714 .

61 4760 186 4819 numine,
206 4774 256 4810 nec
274 4757 365 4811 colere
384 4775 440 4826 qua
459 4759 518 4822 die,
537 4760 588 4810 aed
606 4759 656 4828 qui
674 4761 817 4828 coeperis,
836 4777 899 4813 con·
925 4754 1072 4812 lobannis:
1112 4754 1220 4808 liulicr
1241 4753 1426 4807 Samaritana
1444 4770 1501 4821 pro
1519 4755 1685 4823 antiquitate
1705 4752 1762 4807 loci

61 4845 137 4899 uenit
155 4844 266 4898 intueri.
301 4845 374 4898 Ante
392 4845 610 4913 quadrinqentos
629 4845 840 4914 annosreliqio‚
858 4846 899 4898 in·
927 4841 1018 4896 diuini
1046 4841 1136 4895 cultus
1165 4839 1348 4895 contendebat
1378 4846 1404 4892 et
1432 4840 1583 4918 objiciebat
1608 4840 1760 4911 exemplum

63 4932 132 5002 quit,
153 4937 247 4985 uestra
264 4948 320 4984 non
339 4931 406 5000 fuit,
423 4939 449 4983 et
468 4931 511 4982 clii
528 4929 613 4984 uestri
628 4948 683 4984 non
694 4932 818 4999 fuerunt
837 4940 900 4986 ante
925 4929 1060 4984 Abrabae
1088 4936 1113 4980 et
1133 4927 1375 4998 patriarcharum.
1414 4926 1517 4979 Patres
1535 4927 1638 4991 nostri,
1663 4927 1761 4996 iuquit,

62 5017 158 5072 millia
177 5035 313 5071 annorum
331 5018 395 5072 duo.
430 5034 457 5087 p.
482 5021 542 5071 119:
562 5015 742 5087 Omnipotens
755 5027 781 5072 et
789 5019 900 5088 primus
927 5018 1117 5070 adorauerunt
1142 5013 1171 5066 in
1188 5013 1240 5066 hoc
1259 5019 1364 5082 monte,
1386 5012 1499 5066 ,ludaei
1513 5029 1578 5066 aero
1596 5028 1626 5066 se
1639 5012 1761 5082 proplie-

63 5107 144 5161 Deus
166 5104 276 5159 nocella
298 5104 374 5159 vohis
395 5104 505 5158 videtur
529 5120 575 5157 res
592 5119 652 5156 esse
668 5111 693 5156 et
713 5105 762 5172 qui
780 5122 841 5158 eum
858 5120 901 5158 ve·
928 5113 1019 5157 tarum
1038 5107 1064 5154 et
1083 5099 1161 5154 verbi
1180 5099 1271 5152 divini
1287 5097 1362 5167 (NB)
1381 5099 1548 5152 auctoritate
1566 5117 1644 5152 serum
1657 5099 1762 5152 cultum

63 5198 196 5245 nerantes
220 5192 326 5255 colunt,
356 5191 517 5258 inauditas,
546 5189 718 5258 inaequitas,
745 5191 902 5259 repentinas
927 5192 1081 5246 tuebantur.
1124 5186 1302 5240 Samaritani
1320 5195 1418 5241 contra
1435 5185 1490 5238 sibi
1506 5186 1672 5239 uidebantur
1689 5186 1761 5240 anti·

64 5279 177 5346 aqitare
196 5286 277 5348 atque
297 5279 428 5331 inducere
445 5264 621 5344 relipionesi
651 5277 740 5330 Estne
760 5279 811 5331 illo
830 5276 902 5331 anti·
929 5277 1044 5349 quitatis
1075 5273 1199 5342 oestipiis
1229 5272 1364 5326 insistere.
1412 5270 1554 5327 Pharisaei
1580 5272 1762 5343 repudiarunt

64 5364 149 5434 quius
166 5365 336 5433 quidquam,
361 5371 409 5417 aut
425 5366 501 5434 quad
520 5381 581 5417 eum
593 5365 752 5433 praecedat
767 5382 813 5433 re,
838 5372 903 5418 tem·
929 5363 1084 5421 Christum,
1111 5359 1186 5431 quod
1208 5356 1348 5413 videretur
1369 5375 1467 5413 novam
1492 5357 1645 5413 doctrinam
1663 5358 1762 5417 aneae

60 5467 152 5522 pore,
173 5451 296 5519 nomine,
309 5457 403 5520 potest
420 5450 533 5521 aliquid
551 5451 691 5504 inveniri?
716 5467 807 5504 nonne
826 5451 904 5505 solus
930 5458 981 5507 ete.
1026 5447 1116 5521 Nemo
1144 5446 1230 5519 igitur
1256 5443 1430 5516 antiquitatis
1456 5445 1551 5515 specie
1576 5461 1637 5501 sese
1664 5446 1762 5516 decipi,

64 5537 222 5608 inpertitus,
242 5535 410 5590 immortalis
427 5544 452 5591 et
464 5546 620 5608 perpetuus
637 5539 714 5593 solus
733 5540 793 5593 esti
811 5538 904 5594 stef*
929 5543 980 5593 aut
996 5533 1126 5590 novimus
1145 5531 1302 5604 objectione
1317 5530 1347 5585 in
1365 5528 1421 5585 fide
1438 5532 1543 5588 turbari
1561 5531 1697 5604 patiatur,
1713 5532 1762 5586 sed

121 5630 224 5675 sumni
238 5629 286 5673 nu
303 5630 327 5673 V.
1398 5641 1431 5692 26
