4004 6022
260 299 301 358 90
852 289 976 349 LOCUS
995 286 1199 346 vlcusfflus
1217 286 1361 345 PRIMUS

259 462 390 518 praesens
415 452 482 504 erat
519 448 579 504 Neo
597 453 728 520 poterunt
746 446 898 502 adversarii
917 444 1093 501 collationem
1120 448 1183 498 cato
1218 449 1328 500 tantum
1364 442 1542 514 exprimatur.
1588 440 1633 498 Sic
1662 440 1699 496 de
1729 438 1803 497 dolio
1833 448 1864 497 et
1894 441 1959 498 rino

257 533 478 606 propositionum
495 532 735 591 sacramentalium
752 551 815 591 cum
833 533 887 589 hoc
906 530 1033 603 exemplo
1044 530 1093 586 im·
1120 528 1252 585 dicimus:
1277 530 1348 587 illud
1372 536 1414 586 est
1432 529 1527 584 dnum
1546 527 1727 598 Rhenanam,
1754 529 1830 603 quod
1851 529 1959 586 amicus

257 618 384 690 probare,
403 637 465 677 cum
484 621 617 678 Celsinus
635 621 696 692 ipse
712 638 746 677 ea
762 627 865 690 utatur,
886 619 926 675 sic
942 620 1015 675 enim
1027 619 1093 674 scri·
1118 614 1171 671 tibi
1190 616 1290 688 donat,
1309 616 1344 673 de
1363 616 1504 687 marsupio
1523 621 1552 670 et
1568 615 1687 687 pecunia
1698 614 1833 670 dicimur:
1851 615 1961 689 accipe,

259 705 301 761 bit
318 706 347 761 in
366 707 562 763 commentario
586 713 607 765 l.
626 706 689 764 Cor.
710 713 755 765 tt:
782 704 840 761 Cher
856 707 1015 778 appellatio
1032 723 1092 761 cor·
1119 701 1172 757 hoc
1193 708 1236 758 est
1258 703 1390 774 pecunia,
1414 718 1497 775 quam
1516 701 1568 757 tibi
1586 701 1689 772 debeo,
1716 702 1751 758 de
1768 701 1849 758 cunis
1869 708 1899 758 et
1918 703 1958 758 in·

256 792 338 861 poris
353 795 427 862 pani
442 793 594 847 tribuetur!
623 794 722 848 Omnes
735 802 807 863 pato
827 794 1094 848 consedenteadem
1119 788 1196 845 fante
1225 789 1357 845 dicimur:
1394 807 1428 845 en
1454 788 1507 845 hoc
1539 794 1582 843 est
1604 787 1697 843 infans
1722 794 1773 843 etr.
1797 788 1847 845 ubi
1866 787 1960 845 denno

258 878 383 941 radone,
405 896 462 948 pan
489 878 628 950 Spiritum
643 888 769 934 eandam
787 879 934 935 lebannes
951 885 1031 933 vocat
1049 895 1094 932 co·
1119 882 1233 947 proptor
1256 875 1445 932 cavillationes
1471 874 1691 931 adversariorum
1715 875 1885 931 monendum
1909 882 1959 945 est,

259 963 388 1020 lambam.
417 966 511 1020 Porro
530 965 560 1020 in
580 966 693 1037 Spiritu
712 967 766 1021 illa
784 966 937 1034 suits-otio,
955 966 1033 1036 quod
1044 964 1095 1018 sub
1120 960 1296 1018 collationem
1319 979 1376 1018 non
1401 962 1509 1018 institui
1532 968 1646 1034 propter
1672 958 1831 1034 specificam
1847 959 1959 1019 unionis

259 1050 402 1105 columbae
415 1053 506 1123 specie
518 1061 703 1124 apparuerat,
721 1054 897 1119 transfertur
915 1068 982 1122 erpo
1002 1050 1093 1122 Spiri-
1119 1046 1307 1117 identitatem,
1337 1047 1386 1104 sed
1414 1053 1529 1120 propter
1553 1048 1665 1104 modum
1688 1047 1905 1120 praedicationis
1925 1067 1958 1107 ex

260 1144 304 1190 tas
322 1154 421 1192 nomm
439 1140 481 1192 ad
496 1138 607 1207 sipnam
624 1139 742 1194 risibile.
768 1140 825 1195 Gur
843 1138 888 1193 hic
905 1155 1039 1207 nepamus
1055 1137 1093 1191 si·
1119 1133 1248 1206 generice
1272 1135 1373 1192 unione
1402 1134 1599 1206 profluentem,
1629 1151 1710 1191 nemo
1736 1134 1808 1190 enim
1831 1141 1959 1193 nochum

258 1223 352 1278 mitem
370 1242 428 1279 esse
445 1226 633 1281 locutionem!
666 1225 705 1280 Et
727 1229 837 1298 postea:
865 1225 1035 1289 Quaerenda
1053 1233 1095 1280 est
1120 1220 1230 1289 statuit,
1259 1237 1360 1292 corpus
1389 1222 1491 1280 Christi
1518 1222 1644 1279 localiter
1676 1221 1815 1277 inclusum
1841 1240 1904 1279 esse
1929 1224 1959 1279 in

257 1312 344 1382 ratim·
362 1311 407 1365 iic
425 1313 590 1382 respondeo,
609 1330 665 1367 non
687 1312 753 1366 ideo
772 1320 881 1367 tantum
893 1312 975 1382 ripas
987 1312 1096 1383 imponi
1120 1324 1207 1378 pane,
1234 1310 1306 1365 sicut
1329 1312 1448 1383 pecnnia
1473 1311 1503 1366 iu
1525 1311 1678 1382 marsupio,
1706 1310 1803 1364 vinum
1823 1308 1854 1364 in
1874 1309 1958 1376 dolio,

259 1414 357 1451 emma
373 1397 419 1452 rei
432 1399 577 1468 sipnatm
594 1399 727 1469 quoniam
743 1399 780 1453 sit
798 1400 905 1469 pipare,
932 1400 984 1453 sed
1001 1399 1093 1468 mapis
1120 1396 1171 1453 sed
1189 1399 1327 1456 credimus
1345 1416 1379 1455 ac
1396 1398 1540 1468 docemus,
1564 1396 1644 1469 panis
1664 1401 1692 1453 st
1709 1394 1831 1469 corporis
1853 1394 1958 1452 Christi

260 1483 328 1554 qaia
354 1484 507 1554 symbolum
534 1485 583 1554 rit,
611 1502 666 1555 pao
694 1502 741 1539 rer
763 1486 913 1543 eaiibetar.
956 1485 1094 1541 Similitu-
1119 1484 1248 1543 unionem
1272 1503 1332 1543 esse
1360 1485 1519 1558 mysticam,
1554 1482 1795 1553 sacramentalem,
1828 1482 1958 1556 adeoque

261 1570 343 1624 dines
366 1571 452 1640 enim,
479 1589 550 1642 quas
571 1579 736 1627 maneantur
758 1573 875 1643 paidom
892 1591 913 1626 a
930 1572 1013 1627 rebar
1024 1589 1093 1642 pro·
1119 1571 1193 1626 omni
1235 1571 1356 1628 bumana
1402 1570 1555 1628 intellectui
1610 1569 1812 1626 absconditam.
1867 1569 1957 1626 Porro

251 1655 339 1724 fanis
363 1665 391 1712 et
414 1658 549 1727 terrenis,
575 1659 709 1727 quoniam
734 1677 752 1713 a
775 1658 959 1713 sacramentis
975 1658 1096 1713 Domini
1119 1658 1231 1730 quando
1259 1658 1294 1713 D.
1314 1658 1454 1715 Lutherus
1479 1657 1530 1713 has
1550 1656 1770 1729 praedicationes
1790 1662 1874 1712 vocat
1892 1674 1957 1728 syn-

258 1743 360 1799 habent
386 1745 500 1814 alicuid
527 1746 681 1814 diversum,
716 1764 772 1801 non
796 1745 924 1803 admitto.
973 1744 1094 1801 Vocatur
1119 1744 1294 1815 ecdochieas,
1314 1744 1446 1818 intelligit
1463 1763 1519 1801 non
1536 1743 1718 1814 rhetoricam,
1745 1743 1794 1798 sed
1815 1759 1957 1816 gramma·

259 1830 397 1886 Hercules
415 1837 509 1884 statua
528 1830 678 1903 flumem
704 1834 757 1887 sed
772 1833 844 1903 qaid
858 1831 935 1886 illud
951 1839 993 1886 est
1009 1848 1093 1902 prae·
1118 1829 1202 1885 ticam
1230 1832 1431 1904 synecdochen.
1477 1831 1626 1887 Rhetorice
1654 1830 1889 1903 synecdochicum
1914 1838 1958 1888 est

259 1925 302 1970 ter
329 1919 436 1971 mmmm
465 1917 630 1989 inanerupne
657 1921 800 1987 proram!
833 1919 969 1975 Columba
1000 1926 1093 1973 autem
1118 1919 1256 1988 tropicum
1274 1926 1303 1974 et
1319 1918 1485 1991 figuratum,
1508 1917 1558 1973 sed
1576 1916 1754 1991 grammatice
1772 1917 1956 1990 synecdochi·

260 2011 377 2058 occatam
392 2003 518 2074 Spiritus
535 2013 656 2075 sanetus,
677 2007 746 2076 quia
759 2013 836 2061 certa
852 2006 889 2059 eit
906 2013 1011 2059 tessera
1024 2004 1093 2061 inci·
1119 2021 1181 2060 cum
1212 2010 1254 2061 est
1285 2006 1403 2061 usitatus
1432 2004 1561 2077 proprius
1591 2009 1619 2060 et
1647 2004 1794 2076 peculiaris
1821 2004 1957 2077 loquendi

259 2090 350 2143 siditis
356 2090 536 2160 praesemina
545 2091 776 2162 Spiritassancti.
796 2092 936 2162 &panse
945 2099 1094 2163 estccrpas
1119 2090 1230 2160 modus,
1254 2108 1310 2165 quo
1334 2108 1377 2147 res
1397 2093 1469 2147 duae
1488 2091 1571 2146 simul
1588 2093 1753 2163 conjunctae
1769 2091 1957 2147 ostenduntur

260 2173 375 2239 Christi,
393 2175 461 2247 quia
477 2183 551 2232 certo
560 2184 684 2241 testatur,
700 2177 890 2248 nohrhccrpus
901 2178 978 2232 silari
989 2177 1095 2233 Ghrsbti
1119 2178 1162 2234 vel
1180 2177 1353 2249 exhibentur,
1371 2183 1510 2234 ettamen
1528 2178 1616 2233 altera
1633 2183 1750 2242 tantum,
1769 2193 1842 2250 quae
1860 2177 1956 2233 sensui

260 2262 391 2331 celtiberi,
410 2265 489 2333 quod
499 2265 617 2335 flparat,
633 2264 678 2320 rel
695 2265 764 2336 puio
779 2266 921 2319 Dominus
937 2264 1048 2320 oisibrle
1058 2266 1093 2320 il·
1118 2265 1209 2321 minus
1226 2265 1308 2320 obvia
1325 2282 1358 2320 ac
1369 2263 1530 2338 principalis
1548 2271 1597 2334 est,
1617 2280 1745 2336 expresse
1762 2263 1851 2318 solum
1867 2262 1955 2319 nomi·

260 2348 314 2403 tad
330 2350 482 2418 mariolum
502 2351 581 2407 nobis
596 2353 773 2423 porripendo
790 2370 848 2407 una
866 2354 918 2406 dat
931 2353 1016 2406 etiam
1032 2368 1092 2406 sor-
1118 2356 1209 2410 natur.
1233 2349 1268 2406 ln
1279 2350 1381 2408 talibus
1392 2350 1626 2422 propositionibus
1645 2350 1727 2405 datur
1743 2347 1845 2421 duplex
1864 2350 1955 2404 ἔνδει-

255 2453 312 2505 pas
329 2454 419 2495 mam.
450 2439 512 2493 Nee
529 2440 602 2493 enim
614 2439 770 2509 satiasset
785 2437 919 2504 Christus,
938 2439 1093 2510 quieacuis
1118 2442 1159 2503 εις
1181 2436 1239 2494 sire
1266 2436 1476 2507 demonstratio,
1506 2454 1562 2492 una
1585 2437 1622 2492 ad
1647 2454 1772 2499 sensum,
1807 2436 1897 2492 altera
1918 2437 1955 2492 ad

258 2522 349 2589 ripnr‘rs
367 2540 418 2577 nos
436 2524 560 2593 &ludat
573 2525 699 2595 proinde
715 2525 794 2580 illud
802 2526 873 2580 mebi
887 2533 927 2580 est
940 2533 1092 2581 astracan-
1117 2524 1304 2595 intellectum3
1329 2523 1359 2579 in
1386 2522 1435 2579 illa
1460 2539 1504 2578 res
1530 2528 1643 2579 externa
1662 2523 1764 2594 etjam
1782 2528 1848 2579 aute
1866 2522 1956 2580 oculis

259 2608 438 2670 tros-eniam.
467 2610 612 2664 ceritatem
638 2611 684 2665 bic
715 2629 776 2667 cum
804 2613 885 2681 sipno
914 2613 1092 2681 conjunctam
1119 2611 1202 2668 obvia
1219 2628 1275 2667 non
1294 2608 1467 2675 nominatur,
1493 2610 1523 2664 in
1541 2610 1595 2664 hac
1614 2626 1679 2666 rsro
1697 2626 1741 2665 res
1760 2609 1904 2666 intellecta
1923 2615 1956 2666 nt

260 2712 326 2752 esse.
352 2694 433 2751 Haec
448 2694 589 2765 Calvinus,
608 2696 655 2768 qui
674 2699 800 2768 quamvis
816 2698 927 2754 tannim
947 2697 1039 2753 adhuc
1058 2698 1093 2753 ds
1118 2697 1208 2756 minus
1233 2705 1300 2755 nota
1323 2704 1352 2754 et
1372 2696 1609 2769 praestantissima
1626 2695 1653 2750 in
1671 2695 1833 2767 praedicato
1853 2697 1955 2753 evolvi·

259 2780 416 2852 praeseutia
439 2781 562 2853 corporis
590 2779 691 2837 Christi
717 2782 746 2837 in
775 2800 856 2839 sacra
882 2800 969 2841 coena
992 2784 1095 2841 sentiat
1117 2791 1171 2841 tur.
1207 2783 1327 2849 Quidam
1346 2786 1448 2838 vocant
1465 2781 1665 2855 propositiones
1684 2780 1863 2847 exhibitione,
1889 2783 1955 2856 quia

260 2874 383 2925 statuens
389 2907 397 2936 ,
419 2865 549 2923 fidelibus
568 2868 759 2924 tantummodo
776 2886 876 2941 panem
894 2886 953 2926 esse
971 2870 1093 2941 corporis
1118 2871 1295 2943 conjunctam
1321 2870 1461 2924 unitorum
1487 2866 1683 2924 exhibitionem
1711 2867 1882 2941 significant,
1910 2870 1954 2926 rel

261 2955 363 3011 Christi
395 2954 552 3028 symbolum
580 2954 776 3025 exhibitirum,
803 2960 897 3013 tamen
918 2962 994 3013 recte
1016 2956 1093 3028 facit,
1118 2955 1360 3021 demonstrativas,
1390 2955 1456 3027 quia
1485 2954 1604 3026 subjecti
1630 2955 1721 3010 locum
1751 2954 1778 3010 in
1798 2955 1854 3010 sslis
1877 2961 1955 3012 tenet

259 3041 434 3099 collationem
460 3041 570 3097 unionis
599 3041 807 3098 sacramentalis
838 3042 910 3098 iuter
937 3059 1039 3114 panem
1064 3049 1094 3099 et
1117 3043 1254 3115 particula
1269 3041 1406 3115 quaedam
1424 3038 1551 3108 deterreri.

259 3145 359 3199 corpus
385 3126 487 3185 christi
504 3126 651 3183 instituens
668 3144 732 3183 cum
749 3127 851 3184 amone
868 3126 985 3201 Spiritus
1004 3130 1093 3186 sancti
1152 3136 1194 3187 94.
1214 3128 1355 3185 Posterior
1371 3128 1538 3200 propositio,
1555 3129 1643 3199 panis
1661 3136 1702 3182 est
1718 3145 1820 3198 corpus
1839 3128 1955 3200 Christi,
1966 3130 1994 3173 ἓ]

260 3222 289 3270 et
308 3213 453 3271 columbae
470 3212 553 3281 illius,
570 3213 599 3268 in
616 3215 697 3286 οηᾶιιε
715 3214 808 3286 specie
825 3232 957 3287 corporea
974 3215 1092 3286 Spiritus
1117 3217 1183 3273 licet
1207 3218 1237 3272 in
1261 3216 1410 3288 Scriptiuis
1434 3214 1520 3271 sacris
1545 3215 1660 3272 totidem
1678 3213 1770 3269 verbis
1788 3221 1817 3270 ct
1836 3213 1953 3285 syllabis
1965 3186 1994 3284 ξιξ

261 3308 372 3359 sancus
390 3299 542 3357 descendit.
577 3304 602 3359 6.
622 3297 749 3356 Christum
766 3300 830 3360 Joh.
850 3308 898 3372 20,
920 3321 945 3358 r.
971 3307 1013 3359 22.
1037 3302 1094 3358 sui·
1118 3319 1174 3358 nou
1202 3307 1339 3371 occurrat,
1370 3319 1387 3356 a
1415 3301 1496 3358 nobis
1518 3308 1613 3358 tamen
1637 3301 1749 3356 minime
1770 3299 1953 3374 improbatur,
1964 3288 1994 3379 ’,Ἢ

260 3387 331 3443 flans
349 3388 377 3443 in
397 3386 547 3459 discipulos
564 3387 645 3443 dicit:
662 3388 789 3458 Accipite
803 3388 942 3458 Spiritum
958 3399 1092 3459 conensem
1119 3406 1182 3445 cunr
1213 3389 1360 3461 scriptores
1390 3386 1569 3444 ecclesiastici
1599 3394 1705 3442 veteres
1733 3393 1773 3442 et=
1787 3387 1994 3443 recentioresl’·

259 3474 388 3531 nimirum
407 3473 473 3548 quia
490 3488 618 3530 externus
638 3472 721 3529 flatus
736 3474 793 3530 fuit
807 3474 978 3547 symbolum,
1001 3475 1092 3551 ὄχημα
1118 3475 1215 3532 eadem
1241 3475 1400 3548 frequenter
1427 3481 1555 3539 utantur,
1581 3474 1709 3529 addimus
1727 3490 1809 3537 vero,
1837 3491 1898 3530 eam
1917 3452 1994 3535 exiri

260 3566 290 3616 et
311 3560 447 3630 medium,
470 3577 521 3632 per
545 3561 621 3635 quod
636 3560 704 3632 ipsis
725 3560 806 3617 datus
822 3561 877 3618 fuir
894 3562 1012 3635 Spiritus
1031 3582 1092 3619 san·
1118 3560 1210 3617 verbis
1234 3560 1348 3616 Christi:
1374 3562 1514 3632 Accipite,
1542 3560 1687 3630 comedite,
1716 3562 1767 3614 icae
1791 3568 1832 3615 est
1850 3579 1954 3632 oprpm

259 3653 335 3716 ctus3
370 3647 411 3702 ita
441 3663 552 3719 quoque
581 3646 714 3704 exhibens
745 3647 887 3719 discipulis
915 3649 1091 3708 benedictum
1118 3667 1215 3719 meum,
1232 3657 1260 3704 ct
1277 3647 1369 3703 verbis
1387 3647 1483 3704 Pauli:
1506 3648 1605 3716 Panis,
1625 3664 1702 3717 prens
1719 3648 1893 3717 franpimus,
1913 3656 1956 3703 est

259 3749 360 3804 panem
379 3732 458 3789 dicit:
482 3734 627 3805 Aocspits,
647 3734 698 3789 hos
716 3742 756 3788 eet
774 3751 876 3805 eorpus
893 3753 995 3806 meam,
1012 3737 1091 3792 nimi·
1117 3741 1250 3791 κοινωνία
1267 3734 1396 3804 corporis
1414 3732 1532 3800 Christi,
1549 3731 1757 3802 aestimandam,
1770 3733 1955 3805 judicandam

259 3836 320 3873 rum
359 3817 424 3892 quia
458 3817 539 3889 panis
574 3818 621 3874 ille
651 3818 814 3877 benedictus
844 3821 900 3877 fuit
926 3822 1093 3893 symbolum,
1118 3839 1152 3877 ac
1170 3820 1364 3878 declarandam
1386 3835 1459 3887 esse,
1491 3818 1609 3891 ideoque
1636 3836 1697 3874 eam
1716 3835 1815 3875 vocare
1832 3820 1954 3877 solemus

259 3902 351 3981 ὄχημα
370 3911 400 3963 et
417 3904 553 3975 medium,
576 3905 718 3979 perquod
736 3912 846 3962 etcum
864 3925 919 3981 quo
939 3909 1034 3965 datum
1052 3910 1092 3982 ip
1116 3906 1330 3980 propositionem
1358 3905 1594 3967 sacramentalem.
1624 3904 1697 3977 quod
1721 3909 1753 3960 ut
1771 3904 1874 3963 rectius
1892 3924 1954 3978 per·

261 3993 298 4048 sis
321 3993 377 4049 init
400 3991 503 4049 Christi
528 4008 636 4063 corpus.
671 3993 766 4067 Atque
789 3991 859 4051 haec
884 4002 949 4050 sunt
969 3996 1092 4067 exempla
1117 3993 1247 4065 cipiatur,
1267 3991 1305 4047 sic
1324 3991 1509 4062 procedimus:
1540 3990 1573 4046 In
1593 3988 1720 4046 omnibus
1739 3992 1954 4063 praedicationi-

163 4084 190 4125 ι.
203 4082 250 4127 tat.
260 4078 358 4135 talium
374 4077 621 4151 praedicationum,
638 4096 711 4152 quae
727 4078 921 4152 inscriptura
937 4088 1092 4148 occurrunt,
1119 4081 1171 4136 bus
1189 4077 1362 4134 affirmativis
1380 4076 1554 4150 regularibus
1571 4077 1643 4132 inter
1662 4077 1817 4149 subjectum
1834 4085 1862 4135 et
1872 4096 1954 4151 prae

261 4164 310 4223 uhi
335 4165 425 4223 denno
443 4182 600 4235 monemus,
623 4165 798 4222 collationem
814 4166 1031 4237 propositionum
1050 4187 1092 4224 sa·
1119 4167 1242 4222 dicatum
1266 4162 1415 4237 requiritur
1436 4169 1532 4218 mutua
1556 4163 1699 4219 consensio
1723 4170 1751 4220 et
1767 4163 1955 4236 cohaerentia,

261 4250 471 4309 mameutalium
501 4268 565 4307 cnm
593 4249 648 4307 illis
678 4252 785 4308 institui
809 4252 916 4308 ratione
937 4254 1045 4310 unionis
1064 4256 1093 4311 in
1120 4271 1153 4310 ea
1182 4252 1205 4308 si
1235 4257 1278 4308 cst
1306 4250 1456 4306 intrinseca
1487 4255 1515 4304 et
1537 4249 1706 4320 essentialis,
1731 4250 1954 4322 praedicationes

261 4354 375 4411 genas,
396 4354 575 4411 nequaqnam
599 4354 665 4393 vero
689 4337 796 4394 ratione
818 4337 926 4394 unionis
948 4338 976 4394 in
993 4342 1092 4412 specie.
1121 4338 1299 4409 essentiales3
1325 4335 1431 4391 sivero
1450 4335 1603 4391 exhinseca
1617 4343 1645 4392 st
1662 4335 1855 4405 accidentalis,
1872 4354 1953 4410 prae·

261 4423 344 4481 Ratio
366 4422 591 4494 praedicationis,
613 4439 685 4496 quae
706 4422 770 4478 fluit
785 4440 819 4479 ex
836 4423 938 4480 uniam
956 4426 1094 4499 generics,
1120 4426 1273 4482 dicationes
1304 4421 1491 4480 accidentales
1520 4422 1601 4495 parit
1649 4424 1829 4496 Disparatum
1859 4429 1953 4481 autem

261 4528 317 4567 non
333 4507 477 4583 specifica,
501 4514 670 4580 potestesse
689 4508 1093 4579 eadem,licetmodusunio·
1120 4515 1155 4569 de
1180 4512 1321 4584 disparato
1355 4508 1467 4583 proprie
1497 4514 1525 4565 et
1550 4509 1609 4566 sine
1632 4515 1712 4583 tropo
1737 4508 1875 4567 affirmate
1897 4529 1952 4569 non

261 4597 305 4653 nis
324 4594 452 4670 specialis
469 4612 519 4652 ssu
536 4592 682 4667 specificas
702 4595 739 4651 sit
755 4596 886 4651 diversos.
922 4596 968 4654 Sic
982 4600 1093 4672 qnando
1119 4615 1201 4673 posse
1224 4595 1393 4670 praedicari,
1420 4594 1573 4667 logicomm
1595 4599 1693 4673 regula
1710 4604 1767 4666 est,
1793 4597 1860 4654 inde
1876 4597 1953 4654 colli·

262 4683 339 4748 dico,
361 4699 461 4755 corpus
479 4689 522 4737 eet
538 4681 702 4752 auimatum,
727 4681 809 4737 homo
822 4688 865 4737 est
883 4682 992 4754 doctis,
1012 4684 1093 4742 horno
1120 4690 1191 4761 gunt
1215 4682 1380 4753 mvossrii,
1403 4682 1486 4738 suam
1506 4682 1557 4738 has
1575 4683 1791 4756 propositiones,
1808 4685 1897 4755 panis
1914 4692 1955 4740 ert

261 4775 305 4826 se
320 4768 460 4832 mutus,
477 4768 569 4841 wit!
586 4772 629 4823 eti
645 4767 738 4837 albat,
762 4783 856 4823 menta
875 4774 918 4824 est
933 4769 1027 4842 lignes
1042 4780 1094 4831 etc.
1119 4788 1222 4841 corpus
1240 4768 1360 4838 Christi,
1378 4768 1471 4822 ninam
1490 4776 1531 4824 est
1547 4770 1662 4840 sanprris
1682 4769 1803 4841 Christi,
1818 4768 1953 4842 figuratas

260 4852 475 4927 praedicationis
491 4852 562 4908 ratio
578 4852 608 4907 in
625 4870 726 4926 genere
743 4860 785 4913 est
803 4870 873 4920 una,
891 4853 995 4912 scilicet
1012 4857 1094 4915 deno·
1120 4872 1188 4914 esse.
1237 4855 1293 4912 Sed
1318 4853 1427 4910 novisse
1455 4854 1595 4912 debebant
1617 4858 1729 4925 praeter
1751 4857 1869 4913 usitatas
1889 4855 1952 4913 illas

261 4940 405 5008 minatira,
433 4938 500 4996 unio
528 4954 595 4995 raro
620 4938 649 4993 in
676 4938 731 4993 illis
755 4939 889 5010 exemplis
907 4948 950 4996 est
967 4941 1093 4999 dirersis-
1118 4940 1357 5017 praedicationes,
1380 4958 1453 5013 quas
1478 4941 1515 4997 od
1532 4942 1685 5014 logicorum
1702 4942 1815 5015 regulas
1834 4958 1951 5016 congru·

262 5028 344 5099 sima,
366 5027 447 5089 aliter
469 5024 543 5083 enim
566 5024 700 5080 uniuntur
719 5024 857 5081 animast
872 5041 987 5098 corpus,
1012 5029 1093 5086 aliter
1119 5036 1177 5098 unt,
1196 5028 1225 5084 in
1242 5027 1384 5101 theologia
1400 5026 1461 5083 dari
1481 5029 1642 5091 inusitatas,
1662 5026 1809 5101 inquibus
1828 5028 1952 5103 dispare·

261 5112 343 5169 homo
368 5119 398 5169 et
422 5110 563 5181 docilitas,
590 5110 672 5167 aliter
700 5108 781 5167 homo
807 5116 836 5167 et
858 5112 988 5179 eruditio,
1013 5096 1177 5223 aliteritum
1203 5114 1239 5170 de
1263 5114 1405 5187 disparato
1426 5114 1486 5171 sine
1502 5115 1559 5171 ullo
1575 5120 1654 5183 tropo
1674 5116 1855 5187 praedicatur¹
1870 5132 1952 5189 prop

261 5198 353 5275 paries
370 5204 400 5254 st
417 5198 533 5270 albedo,
560 5195 642 5255 aliter
660 5213 756 5253 mensa
775 5204 802 5253 et
820 5197 943 5270 lignum,
968 5205 1001 5255 ut
1016 5208 1092 5257 recte
1118 5209 1161 5259 ter
1193 5199 1339 5274 mysticam
1368 5201 1506 5257 unionem.
1549 5198 1633 5254 Tales
1661 5200 1862 5274 propositiones
1887 5204 1954 5258 runt

261 5290 356 5341 monet
380 5283 417 5343 D.
436 5283 579 5342 Graucrus
605 5283 636 5339 in
658 5280 771 5339 absurd.
794 5283 901 5341 Osirin.
936 5283 970 5340 In
997 5284 1093 5359 lingua
1119 5288 1259 5361 duplices:
1278 5286 1439 5359 personales
1458 5284 1563 5342 seilicet
1579 5289 1608 5339 et
1627 5288 1849 5346 sacramentales.
1883 5288 1952 5345 Per-

260 5368 369 5442 rulgari
402 5368 498 5428 itidem
526 5371 645 5427 usitatus
680 5373 724 5451 est
754 5369 800 5426 hic
829 5369 959 5443 loquendi
986 5372 1092 5443 modus,
1119 5374 1239 5440 sonales,
1265 5374 1294 5429 in
1321 5374 1422 5445 quibus
1448 5374 1548 5427 natura
1573 5367 1694 5427 humana
1714 5372 1892 5445 praedicatur
1918 5374 1953 5430 ds

261 5462 294 5513 ui
317 5456 477 5513 namma·
494 5456 539 5513 vel
556 5454 685 5513 exhibitis
701 5453 785 5513 rebus
802 5454 911 5511 duabus
928 5456 1010 5514 simul
1028 5474 1093 5514 con·
1119 5459 1215 5516 divina
1236 5460 1287 5516 soii
1306 5458 1406 5529 Λόγου
1423 5464 1452 5515 ei
1468 5452 1589 5511 viciesim
1607 5455 1701 5514 divina
1721 5460 1769 5515 τοῦ
1785 5458 1885 5530 Λόγου
1903 5477 1953 5516 na·

259 5538 367 5617 ‚iuuetis
389 5539 502 5617 dignius
524 5550 553 5603 ot
577 5540 671 5611 nurui
690 5540 784 5617 mnus
805 5540 917 5615 obvium
936 5542 965 5599 in
986 5544 1094 5618 praedi-
1120 5552 1184 5617 turra
1205 5544 1383 5633 praedicatur
1405 5543 1441 5623 ds
1463 5540 1586 5599 humum
1611 5550 1735 5601 munta
1758 5545 1788 5601 in
1813 5552 1952 5621 concam,
