3998 6024
834 263 1095 351 nnsccnnsrs
1745 274 1804 353 aar

120 424 265 471 monstra.
300 417 523 488 Respondemus:
546 423 567 473 t.
582 417 657 490 quod
671 417 853 473 Bellarminns
866 419 950 490 patri-
977 437 1051 484 mus,
1083 433 1148 489 ergo
1174 436 1229 474 non
1258 425 1373 490 possunt
1401 419 1456 474 dici
1483 420 1609 475 doctores
1636 419 1693 476 sive
1716 427 1808 493 patres

120 503 233 570 archas,
262 503 410 574 prophetas
441 512 469 559 et
494 503 633 574 apostolos
660 521 723 557 eum
750 504 951 559 institutoribus
978 505 1109 560 ecclesiae
1142 505 1265 575 papalis,
1302 505 1369 578 quin
1399 506 1453 560 imo
1485 525 1521 561 ne
1549 504 1661 577 quidem
1687 513 1809 577 tempore

120 589 248 644 ordinum
266 590 456 662 religiosorum
474 591 630 662 conjungit,
657 591 687 643 in
704 608 736 645 co
754 608 882 664 magnam
899 590 953 645 illis
978 589 1101 652 Antonii,
1119 591 1278 660 Augustini,
1299 591 1402 660 Basilii,
1422 608 1439 644 a
1458 591 1559 662 quibus
1576 592 1686 663 fingunt
1699 592 1809 647 ordines

122 675 252 746 injuriam
277 675 358 743 facit,
386 675 425 729 illi
448 677 519 729 enim
541 675 653 731 fuerunt
678 676 836 731 immediate
855 693 873 731 a
893 676 953 730 Deo
980 676 1112 747 quosdam
1125 676 1289 747 monasticos
1303 675 1450 739 institutos,
1468 683 1563 731 tantae
1580 677 1692 732 fuerunt
1709 677 1822 733 doctri·

121 761 229 828 vocati,
247 778 313 815 vera
329 763 475 816 sanctitate
496 761 637 832 conspicui
655 767 684 816 et
701 761 857 817 habuerunt
872 762 952 832 privi·
979 779 1030 815 nae
1053 761 1178 816 coelestis
1201 760 1389 831 corruptelae,
1415 761 1510 832 quales
1537 761 1619 817 hodie
1638 763 1667 816 in
1684 762 1811 818 Romana

122 848 227 920 legium
246 865 301 903 non
320 847 446 915 errandi;
466 846 495 900 hi
509 864 582 914 vero,
601 847 713 918 nequid
729 849 840 917 gravius
855 847 953 914 dicam,
979 846 1095 901 ecclesia
1112 854 1235 918 regnant.
1271 846 1462 916 Franciscum,
1486 848 1674 917 Dominicum,
1693 849 1810 904 Benedi-

123 934 236 988 fuerunt
254 935 452 1004 superstitiosi,
478 935 525 1004 qui
550 941 645 988 contra
661 952 818 1004 expressum
836 933 953 1005 apostoli
980 938 1054 985 ctum
1072 939 1123 986 etc.
1149 931 1353 1002 superstitiosos
1371 932 1456 985 fuisse
1475 933 1663 1005 concedimus,
1682 935 1731 988 sed
1748 951 1812 989 vere

123 1019 301 1072 interdictum
333 1019 482 1073 schismata
505 1019 534 1072 in
564 1018 707 1074 ecclesiam
735 1020 953 1088 introduxerunt,
979 1023 1089 1072 sanctos
1119 1017 1204 1072 fuisse
1228 1033 1370 1088 negamus.
1410 1017 1515 1082 Quodsi
1540 1018 1585 1074 vel
1612 1020 1728 1075 maxime
1754 1029 1811 1075 tam

124 1109 156 1157 ut
180 1121 252 1157 unus
277 1104 367 1170 dicat,
396 1121 446 1175 epo
468 1123 529 1158 sum
546 1105 708 1174 Francisci,
736 1106 806 1160 alter
826 1123 875 1173 epo
893 1123 954 1158 sum
980 1105 1067 1158 sancti
1087 1104 1204 1159 fuissent
1223 1122 1306 1175 quam
1324 1104 1456 1174 apostoli,
1481 1105 1535 1158 imo
1556 1105 1648 1177 angeli
1674 1106 1757 1173 (sicut
1777 1107 1811 1161 de

126 1192 272 1244 Dominici
290 1198 342 1247 etc.
384 1198 406 1249 l.
426 1191 547 1246 Corinth.
567 1197 588 1260 l,
609 1210 634 1244 v.
657 1197 695 1246 12.
732 1198 755 1246 2.
776 1193 835 1246 imo
849 1210 883 1247 ne
897 1192 955 1263 qui·
980 1189 1128 1244 Francisco
1156 1190 1184 1243 in
1212 1190 1282 1244 libro
1312 1191 1535 1244 conformitatem
1563 1191 1696 1261 impresso
1722 1192 1811 1246 Bono·

124 1277 188 1330 dem
208 1293 271 1331 cum
290 1277 447 1332 doctoribus
470 1277 527 1332 sive
546 1277 672 1348 patribus
694 1278 849 1349 primitivae
866 1277 954 1333 eccle·
980 1275 1222 1332 niaeann01589.
1241 1275 1349 1341 dieitur,
1365 1277 1442 1343 qaod
1453 1277 1725 1345 Francususfacrit
1732 1279 1813 1348 pius·

124 1362 183 1416 siae
214 1363 366 1433 comparari
396 1363 498 1418 debent
527 1363 714 1433 patriarchae,
747 1364 899 1435 prophetae
928 1371 955 1418 et
982 1381 1064 1431 qaam
1082 1364 1226 1416 Jotsaaues
1245 1363 1380 1431 Baptista
1404 1362 1423 1416 f.
1445 1369 1486 1418 24.
1514 1365 1591 1432 quod
1605 1365 1697 1429 fucrit
1715 1365 1814 1419 melior

125 1450 256 1521 apostoli,
280 1467 342 1503 cum
367 1457 395 1504 et
418 1449 459 1503 illi
485 1451 644 1505 immediata
667 1451 809 1504 vocatione
827 1456 855 1503 et
873 1450 955 1520 privi-
982 1448 1119 1517 apostatis
1139 1447 1158 1501 i.
1174 1454 1214 1503 39.
1233 1450 1310 1517 quod
1321 1449 1416 1501 Filius
1430 1449 1489 1502 Dei
1501 1466 1556 1517 per
1575 1452 1669 1504 amaia
1688 1467 1749 1503 eam
1760 1449 1816 1503 sobi

75 1600 78 1604 Ι
123 1536 198 1606 legio
224 1534 428 1590 infallibilitatis
448 1535 640 1590 destituantur.
681 1536 855 1608 Augustinus
875 1537 954 1605 epist.
981 1534 1114 1587 similarit
1133 1533 1152 1586 f.
1165 1541 1188 1588 5.
1210 1535 1287 1602 quad
1300 1535 1383 1586 datus
1399 1533 1435 1586 sit
1454 1534 1719 1604 inlucempeatium
1737 1536 1756 1591 f.
1774 1542 1813 1592 tt.

127 1626 166 1676 ts.
187 1621 223 1675 ad
238 1619 364 1677 Hieron:
389 1620 454 1673 Noa
472 1621 604 1686 arbitror,
628 1630 654 1674 te
672 1623 713 1674 sic
731 1622 802 1674 aelle
821 1621 878 1689 lapi
894 1630 956 1674 tuos
982 1622 1058 1688 qaod
1069 1621 1175 1673 riseritis
1187 1620 1289 1673 similis
1300 1621 1337 1672 sit
1351 1620 1503 1689 angeliaci
1522 1622 1701 1690 archaapelis
1720 1622 1740 1679 f.
1755 1628 1814 1678 241.

124 1708 213 1760 libros
237 1716 369 1775 tanquam
392 1709 595 1777 prophetaram
619 1716 667 1760 aut
691 1708 896 1776 apostolorum,
920 1709 955 1760 dc
982 1706 1060 1776 quod
1076 1725 1169 1760 amnes
1186 1708 1299 1760 uirtutes
1312 1715 1472 1761 sanctorum
1490 1707 1519 1762 V.
1538 1711 1613 1766 ctN.
1629 1709 1659 1764 T.
1679 1711 1709 1762 in
1721 1709 1814 1763 Itbac-

126 1812 244 1862 qrsorum
267 1793 394 1861 scriptis,
420 1794 504 1861 quasi·
520 1795 595 1847 amai
610 1811 706 1848 errore
725 1802 853 1864 careant,
876 1794 955 1847 dubi·
982 1794 1055 1846 cisco
1072 1794 1183 1862 positae
1198 1793 1307 1859 suerint
1321 1793 1425 1845 unitiva
1438 1800 1464 1845 ct
1476 1794 1644 1859 conjunctim
1662 1793 1680 1847 i.
1693 1801 1718 1848 5.
1737 1795 1815 1864 quod

126 1891 189 1931 rure
206 1879 350 1942 nefarium
366 1887 414 1934 est.
444 1884 467 1933 3.
481 1879 559 1943 Quae
576 1894 641 1932 vero
658 1877 727 1933 haec
744 1880 956 1951 consequentia:
982 1880 1012 1931 iu
1029 1895 1062 1932 eo
1077 1880 1175 1948 passio
1197 1877 1303 1931 Christi
1320 1880 1350 1931 ia
1368 1895 1468 1947 paam
1486 1878 1606 1933 bumana
1624 1879 1661 1932 sit
1678 1889 1813 1935 renovata

126 1964 308 2034 patriarchae,
326 1963 484 2034 prophetae,
505 1964 622 2035 apostoli
636 1972 664 2020 et
681 1966 805 2021 doctores
824 1965 956 2022 ccclesiae
981 1963 1001 2021 i.
1025 1970 1080 2019 144.
1102 1970 1152 2020 cte.
1173 1964 1208 2019 de
1221 1963 1366 2018 Dominico
1385 1962 1481 2017 scribit
1500 1964 1660 2019 Antoninus
1678 1961 1813 2036 archiepi-

125 2051 239 2106 fuerunt
265 2051 367 2118 sancti,
404 2069 469 2122 ergo
494 2051 627 2105 sanctitas
650 2056 692 2106 est
716 2050 848 2107 ecclesiae
872 2051 955 2105 nota?
982 2065 1097 2120 scopus,
1121 2052 1198 2118 quod
1211 2051 1310 2120 plures
1329 2056 1453 2103 mortuos
1471 2051 1629 2121 aesitaverit,
1650 2070 1734 2120 quam
1753 2054 1812 2122 epse

126 2137 200 2191 Num
220 2154 312 2202 omne,
331 2138 404 2208 quod
422 2137 508 2191 estin
527 2137 686 2192 doctoribus
706 2139 847 2205 ecclesiae,
864 2138 955 2192 statim
984 2137 1124 2205 Christus,
1151 2139 1229 2205 quad
1245 2145 1372 2206 potestas
1390 2137 1563 2202 castesium,
1588 2136 1763 2193 terrestrium
1788 2147 1815 2194 ct

125 2223 179 2277 erit
200 2231 267 2277 nota
290 2223 445 2277 ecclesiae?
469 2241 534 2276 num
560 2242 594 2278 ex
618 2224 678 2278 vita
700 2225 791 2294 potius
814 2242 896 2296 quam
923 2242 956 2280 ex
982 2224 1140 2290 inferamini
1157 2223 1194 2276 sit
1214 2222 1271 2290 ipsi
1289 2224 1506 2289 communicata,
1532 2225 1610 2291 quod
1625 2225 1746 2288 facilius
1759 2244 1816 2297 per

124 2309 253 2364 docmina
265 2308 453 2378 judicabimus
473 2308 508 2363 de
527 2309 703 2364 doctoribus?
731 2317 761 2364 at
779 2309 831 2365 hac
849 2310 956 2364 ratione
982 2309 1066 2361 istum
1084 2316 1165 2362 catur
1189 2311 1231 2362 ad
1250 2309 1390 2364 Christum
1408 2326 1492 2377 quam
1508 2326 1562 2378 per
1580 2308 1716 2380 Paulum,
1740 2311 1817 2380 quad

125 2393 260 2460 efficitur,
286 2394 440 2449 doctrinam
468 2411 484 2447 a
510 2395 586 2450 duda
614 2395 754 2466 proditore
787 2397 955 2466 propositam
982 2397 1087 2448 trinam
1108 2395 1288 2464 disciplinam
1306 2396 1341 2448 dc
1359 2413 1443 2448 mauu
1463 2395 1587 2464 propria
1607 2413 1662 2449 aon
1685 2397 1815 2464 cordata,

125 2479 213 2536 fuisse
239 2480 351 2545 falsam,
377 2488 472 2535 contra
488 2497 552 2534 vero
570 2480 723 2535 doctrinam
742 2481 956 2552 pseudoaposto-
982 2483 1034 2535 scd
1053 2489 1152 2535 catena
1167 2483 1268 2546 ferrea
1285 2481 1407 2550 suscepit
1426 2499 1511 2550 usquc
1530 2482 1572 2534 ad
1584 2483 1731 2551 sanguinis
1749 2483 1816 2552 effu-

126 2567 230 2635 lorum,
254 2567 301 2639 qui
324 2584 353 2621 se
377 2566 613 2634 transfigurabant
634 2566 664 2619 in
685 2565 789 2621 Christi
811 2570 958 2638 apostolos,
982 2569 1102 2632 sionem,
1121 2586 1205 2620 unam
1220 2585 1275 2636 pro
1292 2566 1351 2619 suis
1371 2565 1470 2636 euripis,
1489 2584 1560 2635 quac
1576 2567 1708 2621 minimae
1726 2571 1815 2639 uara,

50 2653 213 2713 prefuisse
232 2671 331 2708 veram.
367 2659 391 2708 4.
412 2652 552 2707 Ecclesiae
578 2653 704 2707 doctores
727 2653 839 2707 fuerunt
862 2655 959 2724 saneti,
980 2671 1037 2721 pro
1064 2654 1094 2706 ia
1109 2654 1278 2723 perperos-to
1297 2653 1490 2706 asstantibus
1508 2653 1610 2718 aliam,
1633 2672 1691 2722 pra
1711 2655 1748 2709 iis
1768 2652 1819 2724 qui

128 2739 238 2793 interim
258 2747 350 2793 tamen
376 2739 431 2791 suis
458 2737 550 2792 adhuc
568 2737 729 2792 laborarunt
754 2739 847 2792 naevis
867 2756 900 2794 ac
918 2741 958 2793 in·
983 2741 1014 2792 ia
1030 2742 1134 2794 mundo
1152 2748 1300 2794 versantur
1316 2742 1428 2793 tertiam
1444 2744 1494 2794 ese
1513 2748 1584 2810 part.
1597 2745 1621 2794 3.
1639 2741 1681 2797 tit.
1695 2748 1736 2798 23.
1753 2759 1776 2800 ε,
1793 2734 1826 2799 1.

128 2824 312 2899 firmitatibus,
323 2824 435 2896 quidam
448 2824 531 2878 etiam
544 2831 575 2877 ut
584 2822 845 2890 Noachus,Lothus.
855 2827 959 2894 Aaron,
985 2822 1012 2898 ξ
1033 2831 1055 2881 1.
1082 2830 1110 2880 et
1133 2828 1222 2897 seqq.)
1251 2832 1343 2881 tamen
1373 2826 1494 2896 ipsorum
1521 2826 1647 2880 doctrina
1663 2821 1816 2897 judicanda

127 2907 229 2973 David,
248 2909 346 2965 Petrus
366 2911 395 2963 in
413 2926 537 2964 enormes
554 2909 650 2980 lapsus
669 2909 833 2980 inciderunt,
852 2919 881 2966 at
892 2931 958 2966 num
984 2909 1082 2964 fuisset
1101 2926 1134 2964 ex
1155 2911 1239 2965 uerbo
1258 2910 1320 2967 Gal
1338 2917 1366 2980 l,
1383 2927 1409 2963 r.
1428 2916 1458 2965 8:
1484 2911 1544 2964 Sed
1560 2912 1589 2964 si
1604 2912 1648 2965 uel
1665 2928 1728 2977 aas,
1748 2910 1816 2982 apo'·

128 3003 275 3068 propterea
299 2997 424 3051 doctrina
441 2996 564 3067 ipsorum
584 2995 666 3050 desiit
684 3011 744 3051 esse
764 2996 847 3051 vera?
887 3004 909 3052 5.
929 2998 958 3053 si
983 2997 1063 3062 stati,
1088 2999 1132 3050 vai
1154 2998 1271 3067 capetus
1290 2999 1325 3050 de
1345 2997 1422 3050 coelo
1441 2997 1606 3064 coangelisct
1623 2997 1715 3067 subu,
1731 3016 1816 3070 prac-

127 3101 160 3137 er
183 3082 328 3136 sanctitate
353 3081 585 3152 patriarcharum,
616 3080 813 3151 prophetarum
842 3089 869 3136 et
893 3100 957 3154 spo·
983 3090 1109 3150 terquam
1129 3084 1205 3151 quod
1223 3082 1472 3151 cvaapciiaasimus
1491 3081 1581 3146 troia,
1604 3085 1753 3137 anatliema
1771 3084 1816 3139 sit.

126 3156 258 3223 stolorum
277 3166 641 3239 deecclesiajudicandum,
659 3172 754 3221 nostra
771 3168 957 3239 potiusquam
982 3167 1083 3238 Apage
1109 3167 1194 3238 igitur
1219 3167 1349 3220 immania
1375 3165 1424 3221 illa
1448 3168 1628 3238 pronuntiata
1651 3168 1735 3223 verbo
1761 3167 1814 3224 Dei

126 3255 252 3309 Romana
264 3252 380 3306 ecclesia
399 3252 507 3306 laudem
522 3250 599 3304 illam
612 3250 670 3304 'sibi
690 3250 827 3306 vendicat
855 3253 957 3309 Nostra
983 3270 998 3307 ε
1018 3252 1150 3307 diametro
1174 3253 1325 3320 contraria,
1350 3253 1427 3322 qaod
1444 3269 1477 3304 ca
1497 3253 1615 3307 laterali
1637 3255 1740 3308 Christi
1757 3257 1816 3309 oui·
1829 3272 1878 3315 xn.
1892 3271 1927 3314 ss,

127 3341 200 3394 enim
227 3338 342 3393 eeclesia
368 3337 469 3391 insistit
488 3336 627 3391 doctrinae
647 3336 867 3408 patriacharum,
894 3355 956 3409 pro·
983 3355 1049 3391 nere
1068 3331 1240 3392 &ancusae
1265 3337 1415 3405 assilierit,
1443 3338 1491 3393 lib.
1514 3339 1589 3393 conf.
1615 3340 1634 3396 f.
1655 3345 1713 3396 tlt.
1741 3342 1822 3411 quad

128 3426 272 3497 phetarum
298 3431 325 3478 et
348 3423 547 3492 apostolorum,
572 3408 622 3477 bos
639 3423 765 3478 doctores
785 3423 846 3478 illos
866 3425 955 3496 sequi·
983 3423 1153 3477 Fraocs'scus
1170 3424 1267 3492 primo
1292 3423 1364 3490 vita,
1392 3425 1502 3477 &mum
1514 3426 1652 3494 passione
1667 3427 1763 3491 factus
1780 3426 1818 3481 sit

127 3512 189 3566 m'nr
218 3518 245 3565 et
272 3510 511 3577 corssanpuirsitatc
543 3510 689 3563 doctrinae
719 3509 787 3580 ipsis
817 3511 958 3580 conjuncti
984 3512 1025 3562 ari
1042 3507 1190 3578 imapinem
1210 3518 1235 3561 ct
1255 3509 1467 3563 similitudinem
1484 3509 1556 3563 Jcsu
1570 3510 1677 3566 Christi
1693 3513 1820 3583 mucsfirs'

128 3614 241 3663 sumus;
262 3592 400 3648 Pontificii
420 3610 485 3647 vero
504 3595 539 3649 ab
558 3584 717 3666 integritate
734 3595 877 3650 doctrinae
896 3614 957 3667 pro·
983 3594 1031 3650 iol.
1058 3599 1096 3649 13.
1125 3596 1202 3664 quad
1228 3594 1367 3662 stipmatis
1395 3595 1514 3665 quiaque
1536 3598 1682 3650 valueram
1705 3616 1818 3653 suorum

129 3680 256 3754 pheticae
287 3684 315 3734 et
343 3670 510 3750 apostolicae
533 3682 592 3749 jam
621 3681 687 3735 olim
713 3689 899 3751 recesserunt,
929 3691 959 3736 ut
983 3689 1071 3733 servet
1096 3698 1115 3733 a
1139 3688 1226 3734 morte
1245 3689 1360 3733 aeterna
1376 3681 1466 3750 viros,
1493 3683 1542 3752 qui
1559 3701 1578 3737 a
1596 3691 1718 3753 tempora
1737 3686 1817 3741 iilius

130 3767 196 3822 alibi
217 3767 425 3822 demonstratur.
462 3774 485 3821 6.
510 3764 688 3821 Ethnicorum
705 3766 832 3822 doctores
852 3775 879 3821 et
897 3769 958 3822 hae·
985 3784 1070 3835 usqae
1089 3767 1129 3818 ad
1145 3768 1228 3832 fiacus
1240 3767 1338 3819 muudi
1347 3767 1475 3821 vicerunt
1487 3777 1512 3821 ct
1523 3769 1621 3839 uiuent,
1641 3771 1817 3827 Bemhardus

131 3852 283 3910 resiarchas
302 3851 386 3906 fuisse
406 3851 538 3922 superbos
557 3871 611 3906 non
629 3871 780 3924 negamus,
799 3853 908 3907 interim
927 3873 960 3908 ex
986 3854 1013 3906 in
1031 3870 1116 3907 rosar.
1135 3857 1207 3923 part.
1226 3859 1250 3907 2.
1268 3870 1347 3907 serm.
1367 3859 1408 3908 27.
1429 3871 1494 3924 pag.
1508 3859 1566 3909 224.
1588 3873 1658 3925 quae
1675 3873 1817 3929 nunquam

130 3958 163 3996 eo
180 3935 278 3994 confici
292 3937 395 4007 nequit,
413 3938 585 3992 sanctitatem
597 3938 670 3993 ritae
685 3938 714 3991 in
726 3939 887 3993 doctoribus
900 3956 959 3993 csse
987 3937 1146 4008 persuaderi
1170 3938 1251 3992 nobis
1275 3940 1427 4009 patiemur,
1451 3938 1518 3994 licet
1543 3940 1708 3997 Franciscus
1733 3943 1818 3999 fuerit

131 4031 225 4079 notam
244 4022 391 4089 ecclesiae,
409 4022 469 4077 fieri
487 4023 558 4076 enim
576 4029 674 4091 potest,
693 4031 724 4078 ut
742 4025 826 4078 etiam
845 4025 960 4080 catholi·
987 4034 1043 4077 tam
1063 4030 1190 4092 sanctus,
1210 4040 1293 4094 quarn
1311 4024 1410 4095 aliquis
1427 4042 1443 4079 ε
1461 4024 1537 4080 coelo
1555 4027 1679 4097 angelus,
1699 4046 1733 4083 ac
1750 4024 1824 4085 licet¹

130 4127 179 4163 cus
199 4110 295 4162 doctor
315 4109 351 4161 sit
374 4107 509 4177 superbus
534 4115 561 4161 et
579 4114 610 4160 ut
630 4109 783 4164 haereticus
802 4110 900 4165 doctor
917 4129 961 4164 su·
987 4109 1077 4164 adhuc
1101 4109 1147 4163 alii
1169 4114 1224 4164 tres
1247 4111 1390 4179 pontifices
1410 4110 1462 4164 sub
1482 4112 1624 4167 haereseos
1643 4131 1734 4183 poena
1752 4098 1823 4188 stig-¹

130 4193 256 4265 perbiam
280 4210 357 4246 suam
387 4191 519 4260 occultet3
547 4195 683 4264 quomodo
709 4195 794 4265 igitur
820 4197 960 4251 occultum
988 4203 1063 4250 mata
1080 4195 1280 4249 illaFrancisci
1299 4196 1335 4250 ab
1354 4196 1481 4251 omnibus
1500 4198 1724 4267 credijuberent,
1743 4200 1818 4271 quod

131 4280 200 4334 illud
225 4279 322 4332 vitium
347 4282 518 4348 potestesse
543 4279 657 4333 visibilis
680 4289 748 4335 nota
772 4280 858 4337 falsae
876 4284 960 4338 eccle·
984 4282 1043 4350 jam
1067 4288 1131 4335 aute
1155 4280 1260 4335 factum
1285 4298 1302 4335 a
1326 4281 1459 4352 Gregorio
1481 4281 1533 4339 lX.
1559 4283 1718 4341 Alexandro
1737 4285 1771 4342 V.
1792 4274 1838 4342 ct'·

131 4366 209 4421 siae?
246 4364 459 4420 Haeresiarchae
487 4383 594 4436 semper
620 4366 787 4430 obtendunt,
814 4386 843 4423 se
869 4369 961 4423 studio
989 4367 1101 4422 Nicolso
1114 4366 1165 4422 ΠΙ.
1185 4366 1304 4437 denique
1321 4368 1387 4423 licet
1398 4368 1473 4423 mille
1490 4369 1537 4423 alii
1549 4387 1612 4424 cum
1625 4364 1826 4427 Bonaven‘tura'

132 4450 335 4523 promovendae
366 4451 469 4522 gloriae
498 4451 607 4506 divinae
642 4459 670 4506 et
701 4452 796 4507 salutis
825 4453 962 4508 humanae
989 4454 1017 4505 in
1045 4452 1164 4523 legenda
1193 4452 1334 4507 Francisci
1358 4461 1495 4521 statuant,
1527 4457 1681 4509 Francisco
1710 4466 1819 4511 mortua

133 4540 264 4610 dogmata
285 4537 332 4590 illa
351 4552 519 4608 proponere,
544 4545 640 4591 contra
655 4554 720 4591 vero
738 4539 916 4593 ambitionem
935 4548 963 4594 et
989 4540 1121 4608 stipraata
1145 4558 1164 4591 a
1187 4539 1318 4607 pluribus
1336 4541 1426 4602 faisse
1448 4543 1546 4609 agnita
1565 4543 1653 4596 clasis
1671 4545 1700 4595 ia
1719 4562 1753 4596 ea
1770 4544 1820 4597 im·

134 4623 292 4693 superbiam
311 4640 388 4676 suam
409 4620 504 4676 scdulo
517 4626 658 4691 premunt;
677 4624 814 4692 quomodo
830 4623 962 4695 igiturex
992 4626 1089 4690 rosbais,
1111 4625 1154 4678 cui
1173 4625 1339 4679 contradicit
1358 4625 1516 4680 Matthaeus
1536 4627 1629 4696 Paris,
1647 4629 1694 4698 qui
1712 4645 1744 4683 eo
1761 4630 1822 4699 ipso

135 4706 265 4780 superbia
283 4707 391 4762 illorum
411 4707 521 4761 occulta
539 4707 573 4762 de
593 4707 718 4761 doctrina
736 4706 795 4762 fieri
813 4716 904 4779 potest
919 4712 963 4781 ju·
991 4718 1121 4781 tempore,
1131 4728 1186 4780 qao
1195 4711 1360 4765 Franciscus
1373 4710 1450 4779 obiit,
1460 4711 1560 4777 floruit,
1569 4713 1599 4766 in
1608 4713 1672 4769 hist.
1680 4712 1764 4768 Henr.
1771 4710 1828 4768 111:

135 4794 257 4851 dicium?
991 4812 1048 4867 reg.
1067 4798 1151 4867 Angl.
1179 4815 1207 4867 p.
1230 4800 1287 4853 329.
1312 4814 1431 4868 negans,
1460 4798 1518 4852 ulla
1542 4798 1746 4869 praedictorum
1765 4790 1824 4854 vul*-

55 4905 121 4945 ,ιω
170 4887 230 4938 261.
267 4882 422 4934 diurnorum
445 4882 604 4934 scoriadam.
639 4879 712 4934 Num
736 4881 810 4935 vitae
832 4881 964 4935 sanctitas
991 4899 1086 4935 nerum
1113 4883 1141 4936 in
1167 4883 1252 4938 latere
1277 4882 1321 4937 vel
1347 4880 1466 4953 pedibus
1492 4884 1550 4938 sive
1569 4885 1697 4940 manibus
1715 4903 1820 4941 reman-

50 4958 115 4998 ’ω’
136 4966 295 5026 doctoribus
316 4964 458 5021 Romanae
476 4967 608 5020 ecclesiae
626 4964 711 5018 tribui
731 4967 838 5037 possit?
861 4969 963 5023 Bellar·
990 4969 1057 5021 sisse
1076 4969 1214 5039 stigmata

50 5018 120 5100 billi
135 5047 225 5110 minus
248 5053 293 5108 hic
317 5059 448 5122 provocat
474 5052 515 5103 ad
538 5052 737 5120 patriarchas,
760 5054 915 5122 propbetas
939 5061 964 5106 ct
1025 5056 1083 5110 262.
1103 5052 1263 5108 Intucamur
1273 5073 1337 5110 vero
1348 5060 1493 5126 tantopere
1503 5055 1725 5126 depraedicatam
1734 5058 1818 5115 eccle·
1833 5073 1945 5113 suestra

50 5113 121 5202 ⁸32.
136 5140 293 5212 apostotos,
321 5141 362 5191 ad
386 5139 545 5207 primitivae
574 5138 705 5190 ecciesiae
731 5141 860 5190 doctores
880 5148 904 5191 at
926 5143 966 5192 asi
991 5140 1046 5193 siae
1058 5139 1200 5193 Romanae
1213 5139 1427 5194 sanctitatemin
1440 5141 1520 5194 curia
1528 5149 1557 5195 et
1568 5141 1635 5195 urbe
1644 5141 1776 5214 Romana,
1790 5143 1819 5199 in
1833 5124 1924 5217 ww

50 5219 76 5255 'b
138 5226 268 5280 ordinum
286 5224 482 5294 reiipiosarum
502 5223 681 5276 institutores.
716 5221 772 5276 Sed
785 5223 869 5293 plane
883 5223 965 5276 inuri·
991 5223 1118 5295 pontifice
1137 5231 1268 5295 tanquam
1287 5225 1391 5296 capite,
1415 5223 1615 5295 cardinalibus,
1639 5224 1826 5301 archiepisco?

137 5308 252 5375 (leirene,
286 5314 352 5382 quia
382 5328 432 5364 nec
458 5310 624 5378 prophetae,
663 5325 713 5362 nec
747 5309 879 5377 apostoli,
914 5327 965 5364 nec
990 5313 1040 5380 pis,
1054 5310 1199 5381 episcopis,
1213 5309 1410 5376 sacerdotibus,
1423 5312 1821 5382 monachis,.lesuitisetlaicis

137 5397 292 5470 primitivae
316 5395 447 5449 ecclesiae
467 5395 591 5448 doctores
611 5393 730 5464 amplexi
751 5399 816 5447 sunt
835 5393 965 5464 dogmata
990 5414 1044 5449 non
1062 5414 1080 5449 a
1098 5395 1207 5464 nostris,
1226 5396 1275 5450 sed
1295 5414 1312 5449 a
1331 5395 1387 5449 suis
1405 5397 1528 5466 ipsorum
1545 5396 1726 5470 scriptoribus
1737 5403 1823 5473 potisss

137 5472 282 5555 papalia,'
295 5498 366 5551 quae
401 5498 452 5534 nos
490 5497 522 5535 cr
552 5476 660 5550 scriptis
683 5478 797 5533 ¹illorum
821 5483 963 5550 oppugna·
991 5481 1097 5548 simum,
1119 5480 1214 5535 velex
1236 5481 1284 5551 iis,
1305 5478 1457 5552 quos'suos
1477 5501 1538 5538 esse
1555 5479 1738 5558 contendunt,
1756 5480 1822 5543 deli·

1408 5586 1463 5640 341
