4004 6022
783 235 836 291 DE
852 234 1044 294 EOCLESIA
1696 246 1756 303 415

55 407 159 446 seruus
177 406 320 445 seruos-um
335 396 391 453 est,
408 388 549 445 Dominus
567 388 762 458 Domiuomm,
773 390 896 460 perinde
921 390 1094 460 principum,
1115 390 1280 460 pontificum
1308 389 1495 459 Germaniae,
1520 390 1626 446 Italiae
1648 392 1758 462 1111111-

56 496 95 531 ac
122 477 150 530 si
170 477 252 530 Deus
274 476 369 539 foret,
394 492 454 529 esse
478 476 563 545 cupit.
610 476 740 544 lupentio
763 476 895 545 loquitur,
922 477 1045 530 tontibus
1067 477 1259 531 sacerdotibus
1271 477 1436 547 populoque
1457 477 1583 531 Romarm
1603 494 1758 546 111111111-

57 563 146 633 quasi
162 564 243 616 Deris
259 562 310 631 eit,
328 561 404 628 lepas
422 569 583 629 commutat,
599 579 667 614 suas
683 561 782 629 sancit,
801 570 894 615 conta·
922 570 994 631 tum,
1022 561 1197 628 abdicatum,
1224 563 1370 617 haereseos
1390 565 1554 617 damnatum
1572 564 1758 621 declaramus.

58 651 164 713 minat,
182 649 298 718 diripit,
318 647 435 716 spoliat,
452 649 590 716 fraudat,
611 647 723 716 occidit,
741 648 821 702 hamo
838 647 896 715 ilie,
922 647 984 712 Quo
1010 647 1144 718 pertinet,
1173 649 1247 720 quod
1274 648 1433 704 fridericus
1460 648 1500 703 11.
1529 648 1559 702 in
1588 649 1705 721 epistola
1722 650 1759 705 ad

58 753 142 807 quem
166 734 369 789 Antichristum
391 752 490 787 uocare
516 734 618 800 solent,
650 735 680 786 in
703 734 784 803 cujus
795 735 896 802 fronte
922 731 1051 787 Ottonem
1074 733 1214 788 Bararum
1236 735 1312 804 apud
1329 734 1429 790 Arent.
1454 734 1501 789 lib.
1524 741 1549 790 7.
1572 750 1637 792 ann.
1655 735 1760 800 scribit,

58 821 250 893 blasphemiae
268 836 366 873 nomen
383 820 516 889 scriptum
533 827 589 872 est:
621 821 700 873 Deus
712 838 779 888 sum,
799 837 896 873 errare
922 819 1022 873 1111111
1046 821 1236 875 Antichristus
1260 823 1351 876 inesse
1375 822 1596 876 Romanensilus
1616 824 1759 891 pontilici-

58 927 119 963 non
137 925 269 978 possum,
292 907 323 959 in
346 905 449 976 templo
477 908 535 959 Dei
556 908 647 974 sedet,
680 906 761 975 lonpe
786 905 896 974 lateque
923 905 981 975 hies,
1000 923 1051 959 uec
1068 908 1143 961 ullos
1159 908 1242 976 alios,
1256 911 1489 977 quemadmodum
1501 924 1590 976 opera
1605 910 1759 972 ostendunt,

60 995 232 1049 dominatur.
274 991 353 1046 Idem
375 991 554 1047 Eberhardus
578 1010 612 1046 ex
631 991 777 1047 collatione
795 990 896 1046 Christi
923 993 1006 1045 esitio
1027 992 1206 1048 Christianae
1231 994 1366 1062 relipioni
1387 1011 1453 1050 esse.
1489 993 1544 1048 Eat
1560 1010 1635 1066 1111
1654 993 1759 1048 Β11111-

59 1088 90 1137 et
124 1079 310 1135 Romanorum
347 1077 509 1149 pontificum
547 1077 810 1133 Antichristianismi
849 1094 896 1132 eos
924 1077 1012 1132 111111
1030 1085 1057 1132 11
1074 1087 1165 1149 neget,
1182 1078 1268 1135 ullam
1288 1079 1468 1134 mutationem
1486 1079 1657 1134 1111111111
1674 1080 1760 1134 11111-

60 1166 218 1221 convincit:
255 1165 382 1221 Christus
419 1166 547 1219 inimicos
583 1166 650 1219 odio
686 1166 786 1218 labae
816 1173 896 1232 aaut,
923 1165 964 1217 111
982 1181 1041 1218 esse
1059 1162 1175 1234 factam3
1193 1171 1294 1236 neget,
1310 1181 1345 1220 ex
1361 1172 1484 1220 veterum
1502 1164 1612 1235 scriptis
1631 1165 1759 1219 mutatio·

61 1255 175 1307 eosdem
192 1268 289 1305 antara
301 1251 459 1321 praecipit,
479 1252 514 1304 de
535 1250 609 1304 hisce
624 1251 796 1321 promereri,
813 1252 896 1316 fidem
923 1266 986 1304 1111
1016 1248 1137 1319 aliquam
1165 1249 1347 1305 demonstrari
1378 1268 1473 1321 posse,
1504 1251 1583 1323 quasi
1612 1267 1677 1306 vero
1702 1249 1761 1304 ulla

61 1339 188 1394 nostibus
210 1355 332 1406 seruare,
350 1337 489 1402 benefieiis
505 1337 647 1405 maleficia
667 1338 780 1406 capiare
800 1339 896 1404 docet,·
923 1336 1033 1407 gravior
1059 1352 1092 1389 ac
1118 1336 1290 1406 pestilentior
1319 1338 1435 1392 mutatio
1463 1354 1523 1393 1111
1547 1337 1648 1408 possit,
1677 1353 1760 1407 quam

62 1427 255 1480 Romanenses
283 1433 382 1478 contra
413 1431 511 1476 sancta
539 1423 647 1476 uiolare
671 1424 811 1491 foedae,
840 1425 899 1476 Dei
924 1420 998 1491 quod
1022 1429 1108 1490 caput
1135 1422 1209 1476 illius
1235 1422 1368 1478 ecelesiae
1395 1423 1424 1477 in
1452 1423 1652 1478 Antichristum
1678 1422 1760 1493 dege·

61 1512 175 1565 nomine
197 1518 309 1563 sacrato
333 1512 374 1561 ad
392 1508 541 1575 saliendos
564 1507 687 1562 homines
711 1510 804 1573 abuti,
831 1510 896 1562 bene
923 1507 1040 1562 neravit.

62 1598 172 1651 meritis
194 1597 321 1666 inpratos
344 1612 416 1663 esse,
438 1594 601 1659 malefactis
618 1595 752 1664 beneficia
771 1613 896 1664 campen·
960 1599 1016 1648 175.
1053 1597 1077 1648 3.
1097 1590 1154 1648 Sed
1170 1592 1257 1648 habet
1273 1593 1458 1648 Bellarminus
1471 1594 1547 1649 aliud
1559 1600 1760 1666 argumentum,

62 1701 140 1749 sare,
157 1684 272 1751 bellare,
291 1683 413 1750 litipare,
428 1682 614 1750 defraudare,
621 1683 756 1749 prodere,
769 1683 897 1751 decipere
923 1696 978 1749 quo
1002 1679 1120 1749 probare
1146 1686 1263 1735 conatur
1288 1678 1423 1736 ecclesiae
1452 1679 1594 1736 1111111111
1617 1681 1761 1735 veritatem

63 1771 116 1824 sset
134 1787 237 1838 mapsa
253 1768 367 1838 pietatis
385 1767 534 1835 superficie
550 1766 658 1836 jubens,
678 1767 792 1820 diuinae
811 1767 897 1836 moje-
923 1782 956 1818 ex
989 1765 1081 1836 capite
1107 1765 1267 1820 durationis.
1313 1766 1449 1820 Nostram
1477 1765 1587 1837 (inquit)
1615 1767 1761 1821 ecclesiam

63 1856 149 1921 etati,
184 1855 309 1923 coelesti,
337 1854 551 1923 prouidentiae,
582 1862 699 1906 naturae
730 1871 898 1924 rcpupnarc,
924 1868 982 1905 esse
998 1868 1093 1905 veram
1112 1852 1264 1920 ecclesiam,
1278 1853 1401 1922 probari
1412 1855 1599 1923 potestatium
1613 1855 1760 1922 iocurqu-

63 1958 212 2013 supremae
239 1940 383 2008 majestati
406 1958 425 1991 a
452 1941 516 1994 Deo
543 1939 605 2009 Opi,
624 1941 706 1993 Mau.
725 1941 897 2007 constitutae,
925 1946 1022 1993 nemo.
1058 1939 1134 1991 Nam
1162 1948 1226 1992 ante
1245 1940 1362 1992 Luthem'
1388 1947 1516 2008 tempora
1542 1958 1598 1993 non
1624 1946 1704 1993 mant
1730 1939 1760 1992 iu

63 2030 99 2082 id
116 2035 157 2081 est
175 2027 376 2096 imperatoriae
389 2026 519 2080 resistere
530 2044 581 2080 nas
594 2026 698 2081 uolunt.
726 2029 896 2082 1111111210.
923 2026 1026 2077 mundo
1044 2025 1102 2076 uisi
1120 2024 1173 2077 itae
1190 2025 1349 2093 relipiones,
1367 2027 1564 2095 Papanssmus,
1583 2025 1759 2089 Judaismus,

10 2122 51 2165 111
64 2114 206 2185 Rupertus
232 2112 278 2181 (al.
301 2111 450 2181 liebertus)
473 2112 675 2168 Lincolniensis
698 2113 845 2184 episcopus
868 2114 895 2167 in
924 2110 1164 2179 dfulametsismue,
1185 2111 1375 2179 Graccismus,
1393 2112 1642 2178 Nestorianisrnus,
1661 2113 1760 2166 Hussi·

65 2216 206 2270 sermone,
228 2217 311 2272 quem
334 2199 432 2253 habuit
456 2215 548 2253 coram
568 2216 642 2270 papa
667 2198 828 2254 Innocentio
846 2198 895 2253 IV.
923 2206 1014 2251 tarum
1042 2197 1167 2251 lsasresis
1192 2206 1217 2251 ct
1245 2199 1376 2252 Romana
1401 2199 1530 2256 ecclesia.
1572 2199 1632 2255 Sed
1655 2207 1760 2253 certum

64 2295 95 2344 et
111 2285 298 2342 cardinalibus
317 2285 351 2339 de
368 2284 473 2340 clericis
487 2284 628 2339 1111111111
645 2285 738 2341 curiae
757 2285 797 2341 sic
815 2286 895 2340 dicit:
922 2291 971 2354 est,
990 2302 1045 2336 nen
1062 2283 1153 2348 fuisse
1171 2301 1266 2337 veram
1286 2285 1432 2338 ecclesiam
1449 2286 1557 2340 Christi
1574 2287 1655 2355 apud
1669 2286 1759 2339 ullam
1779 2295 1783 2309 ’

63 2372 135 2428 01111
158 2371 321 2443 princepale
349 2390 419 2441 opus
450 2371 567 2441 Chresti,
595 2381 713 2441 propter
736 2374 814 2441 quod
834 2372 895 2441 ipse
922 2389 954 2424 ea
980 2371 1138 2441 praedictis
1160 2371 1257 2438 sectis,
1286 2379 1315 2422 ut
1338 2370 1422 2423 eliam
1446 2371 1605 2424 Lutlserane'
1624 2373 1759 2440 fatentur,

61 2461 139 2516 uenit
162 2461 193 2513 in
218 2460 365 2528 mundum,
391 2459 428 2512 sit
452 2460 609 2511 animarum
626 2458 777 2521 vivificatio
798 2466 824 2511 et
844 2458 895 2511 Sa·
922 2473 988 2524 erpo
998 2457 1062 2525 fuit
1079 2458 1159 2524 apud
1176 2452 1336 2510 Romanam
1352 2457 1505 2526 ecclesiam,
1525 2466 1574 2510 aut
1591 2465 1662 2511 certe
1672 2459 1759 2527 periit

62 2555 148 2600 tanae
175 2563 245 2616 opus
268 2544 419 2615 proprium
445 2551 470 2596 et
495 2544 613 2596 mamma
635 2543 672 2596 ab
695 2560 727 2597 eo
750 2544 896 2612 inventum,
923 2544 958 2595 de
975 2544 1079 2596 mundo
1100 2543 1190 2597 omnis
1208 2559 1275 2595 uera
1294 2543 1590 2608 etoisibilieecclesia,
1608 2545 1685 2612 quod
1695 2544 1760 2608 fieri

61 2640 156 2703 utpote
173 2632 331 2686 homicidae
350 2631 386 2684 ab
404 2630 500 2696 initio,
517 2630 554 2682 sit
573 2629 732 2683 animarum
750 2631 852 2684 occisio
870 2637 896 2682 et
922 2647 977 2683 nou
998 2646 1083 2698 posse
1108 2645 1197 2699 supra
1221 2630 1372 2686 docuimus.
1408 2632 1448 2685 At
1471 2648 1536 2684 vero
1554 2637 1645 2684 sectae
1664 2647 1758 2684 omnes

63 2719 258 2788 mortificatio,·
287 2717 345 2787 ipsi
366 2725 497 2787 pastores
516 2733 669 2786 personam
694 2717 765 2769 Jesu
792 2715 897 2769 Christi
921 2716 1078 2769 haereticae
1098 2717 1174 2770 brevi
1191 2717 1366 2785 defecerunt,
1380 2725 1496 2787 praeter
1516 2734 1578 2784 aas,
1598 2734 1668 2788 quae
1685 2733 1759 2770 nunc

63 2805 160 2858 induti
175 2805 286 2858 uerbum
304 2804 363 2857 Dei
381 2820 436 2856 non
452 2802 665 2865 annuntiantes,
692 2802 745 2854 etsi
770 2819 826 2856 non
851 2820 896 2854 su-
924 2810 1036 2856 eeortae
1056 2809 1128 2870 sunt,
1145 2804 1178 2857 id
1194 2804 1271 2872 quod
1285 2803 1391 2870 probat
1410 2804 1534 2873 exemplo
1549 2804 1760 2858 Arianorumet

58 2892 256 2961 peraddercnt
276 2887 401 2942 malitias
418 2888 507 2951 alias,
533 2896 598 2941 sunt
615 2888 826 2942 Aetnensem
844 2888 896 2942 Sa·
924 2890 1111 2957 Alhipeasium
1130 2898 1213 2959 atqru
1231 2891 1419 2960 additusque
1438 2893 1479 2944 ad
1497 2891 1616 2944 Lutheri
1633 2899 1760 2960 tempora

64 2984 149 3030 tanus
166 2977 383 3043 transtipuratus
402 2973 432 3026 in
454 2973 584 3042 anpelum
602 2974 689 3040 lucis,
713 2973 897 3040 1111111111-
924 2979 1058 3031 ducentas
1075 2977 1277 3030 hamaicorum
1296 2978 1502 3032 diuersissimas
1519 2978 1651 3042 familiae
1666 2991 1760 3032 nume·

64 3070 172 3129 trenes,
199 3070 365 3116 mactatores
395 3061 486 3114 ouium
512 3067 539 3113 et
566 3061 725 3129 perditores
758 3061 898 3126 facientes
922 3064 1000 3132 rari,
1027 3081 1059 3117 ea
1084 3063 1184 3132 quidue
1210 3081 1266 3116 non
1288 3065 1429 3133 supersint
1446 3064 1504 3116 nisi
1518 3065 1656 3134 reliquiae
1675 3081 1759 3135 quae·

65 3151 178 3203 domum
197 3149 334 3202 orationis
352 3148 511 3216 speluncam
524 3146 673 3202 latronum.
707 3145 789 3200 Circa
801 3147 897 3200 eadem
924 3153 991 3204 dam
1007 3149 1244 3203 Nestorianorum
1261 3156 1310 3202 etc.
1348 3151 1589 3218 Eutychianos-um
1606 3152 1635 3203 in
1656 3151 1760 3205 omenta

64 3241 193 3306 tempora
216 3234 380 3291 Guilielmus
406 3232 523 3287 Aurifex
546 3231 639 3303 palam
657 3233 763 3303 docuit,
788 3250 899 3304 papam
924 3246 949 3290 et
975 3238 1157 3290 Huesitarum
1183 3236 1213 3288 in
1240 3236 1392 3305 Boiemia,
1420 3236 1548 3306 reliquas
1576 3254 1670 3290 omnes
1688 3238 1759 3305 fun·

66 3340 128 3377 esse
153 3323 372 3392 Antichristum,
404 3321 523 3374 Romam
552 3320 723 3388 Babylonem
757 3328 783 3373 et
812 3337 898 3389 prae·
925 3325 1001 3377 ditus
1032 3322 1180 3376 interiisse.
1230 3321 1455 3392 Respondemus:
1493 3328 1514 3376 1.
1540 3320 1646 3377 Eodem
1677 3322 1759 3378 modo

66 3410 143 3463 latos
171 3409 293 3462 membra
318 3406 491 3462 Antichrisli.
537 3405 615 3461 Idem
641 3406 767 3461 fecerunt
791 3405 898 3460 Probus
924 3408 1067 3464 Pharisaei
1086 3416 1114 3464 11
1130 3407 1288 3463 sacerdotes
1304 3407 1550 3478 Hierosolymitani
1569 3407 1759 3463 1111110111·
1822 3452 1826 3463 .

68 3496 216 3566 episcopus
241 3492 380 3548 Tullemis
407 3492 480 3547 circe
505 3509 608 3547 annum
635 3497 708 3548 1280.
733 3492 781 3564 qui
799 3492 898 3548 Roma-
924 3502 996 3549 stum
1017 3500 1045 3550 11
1062 3493 1200 3564 apostolos
1218 3495 1406 3565 argumentari
1424 3494 1585 3564 potuissent.
1621 3495 1696 3550 Ante
1713 3511 1759 3551 re·

67 3598 167 3636 nenses
203 3579 316 3634 clericos
352 3579 476 3632 Satanm
513 3588 538 3632 et
568 3579 737 3633 amussim·
764 3586 898 3649 satrapas
924 3588 981 3636 stra
999 3587 1124 3652 tempora
1139 3597 1195 3635 non
1213 3587 1293 3635 erant
1311 3580 1341 3634 in
1358 3580 1590 3636 mundonisihae
1603 3582 1760 3654 religiones,

67 3668 145 3739 apud
161 3669 262 3722 Arent.
282 3672 380 3734 vocat,
410 3663 575 3720 Guilielmus
593 3665 629 3720 de
648 3664 676 3721 S.
698 3664 801 3720 Amore
822 3665 897 3721 theo·
924 3668 1103 3740 paganismus
1120 3675 1149 3722 11
1168 3666 1423 3738 eeclesiaiudaiea,
1441 3671 1490 3722 sed
1509 3675 1615 3723 certum
1634 3678 1684 3738 111,
1703 3687 1759 3726 111

67 3755 150 3826 logne
183 3752 345 3808 Parisiensis
372 3758 401 3807 et
429 3751 578 3806 canonicus
608 3749 817 3818 leovacensis,
850 3750 897 3807 Jo·
923 3754 1009 3810 fuisse
1028 3754 1172 3810 ecclesiam
1185 3753 1214 3808 in
1225 3755 1398 3825 paganismo.
1423 3755 1500 3827 Ergo
1511 3756 1628 3811 ecclesia
1639 3756 1761 3813 susum

68 3841 173 3896 hannes
207 3840 241 3894 de
274 3838 386 3894 Peliaco
424 3836 568 3908 theologus
607 3836 786 3901 Periaienois,
826 3834 898 3891 Mat·
924 3850 966 3897 111
983 3857 1048 3896 vera
1065 3840 1195 3907 11111111,
1219 3849 1248 3896 11
1264 3858 1314 3912 per
1332 3858 1503 3914 consequens
1522 3860 1578 3899 non
1596 3843 1707 3898 111111)
1726 3860 1760 3898 ea

67 3928 142 3983 thiae
173 3925 335 3981 Parisiensis
366 3922 478 3979 natione
505 3923 659 3992 Bohemus,
692 3923 832 3978 Arnoldus
863 3922 898 3977 de
923 3927 1117 3985 recedendum.
1167 3927 1309 3998 Quidquid
1344 3943 1395 3998 pro
1423 3926 1534 3984 Christo
1566 3934 1595 3983 et
1626 3929 1757 4000 apostolis

68 4013 145 4069 Villa
165 4028 250 4082 nova,
275 4009 393 4064 Michaiil
411 4009 530 4064 Cesenas
550 4008 586 4064 11.
606 4008 744 4065 centenas
762 4008 897 4080 generalis
924 4015 988 4069 huic
1011 4021 1174 4086 argumento
1197 4013 1315 4070 ludaico
1338 4013 1532 4085 respondetur,
1554 4014 1627 4069 idem
1646 4016 1700 4069 sibi
1716 4032 1758 4071 rs·

66 4100 272 4163 Minoritarum,
318 4098 418 4153 Petrus
461 4096 597 4152 iohannis
641 4097 775 4152 dioecesis
820 4096 897 4151 Bira-
924 4118 1055 4172 sponsum
1072 4101 1257 4157 Bellarminus
1276 4106 1387 4154 statuat
1421 4103 1446 4154 2.
1458 4097 1600 4164 Quomodo
1615 4099 1691 4156 Deus
1704 4101 1758 4156 sub
1771 4112 1808 4152 11.
1824 4111 1869 4155 117.

65 4186 320 4249 111111111111111,
338 4184 501 4239 franciscus
521 4183 686 4254 Petrarchs,
711 4183 897 4253 Hieronymus
924 4187 1021 4243 mediis
1037 4194 1158 4258 papatus
1176 4185 1298 4242 tenebris
1318 4184 1461 4240 ecclesiam
1481 4185 1534 4240 sibi
1546 4188 1758 4259 conservaverit,

66 4272 252 4340 Savonarola,
281 4271 412 4328 Nicolaus
435 4270 537 4325 Hosius
564 4271 593 4326 in
621 4269 737 4341 epistola
759 4269 796 4324 ad
815 4269 897 4324 Caro·
923 4274 1007 4345 paulo
1034 4266 1098 4344 post
1121 4271 1271 4342 espositum
1295 4270 1415 4328 dabitur.
1454 4271 1549 4326 Facile
1574 4271 1757 4340 concedimus,

66 4361 126 4415 lum
151 4359 289 4414 Bovillum
314 4358 416 4429 aliique
439 4358 608 4427 complures,
639 4374 754 4427 quorum
777 4356 897 4411 testimo·
923 4377 1017 4415 veram
1038 4358 1183 4413 ecclesiam
1201 4355 1253 4411 sub
1273 4364 1380 4427 papatu
1398 4373 1454 4411 non
1470 4356 1560 4412 fuisse·
1573 4364 1633 4411 tum
1652 4366 1757 4430 tempo·

66 4448 115 4503 nis
133 4446 162 4500 in
180 4444 306 4516 catologo
323 4444 434 4498 testium
451 4443 589 4511 veritatis,
614 4445 643 4498 in
662 4441 825 4497 lectionibus
843 4459 896 4497 me·
923 4446 960 4500 ris
978 4444 1108 4500 eomodo
1126 4442 1263 4499 visibilem
1282 4448 1366 4514 atque
1383 4442 1420 4498 ab
1436 4459 1558 4498 errorum
1576 4444 1704 4499 sordibus
1716 4462 1757 4501 re·

67 4533 247 4592 morabilibus
265 4531 373 4589 Wolffii
397 4541 480 4604 atque
503 4531 571 4587 alibi
593 4531 695 4602 passim
714 4530 896 4584 inveniuntur.
922 4538 1082 4602 purgatam,
1101 4528 1191 4602 qualis
1211 4534 1254 4583 est
1269 4528 1361 4594 hodie,
1381 4535 1528 4602 postquam
1547 4531 1639 4587 divino
1654 4532 1757 4588 benefi-

67 4621 198 4689 Quinimo
214 4620 244 4674 in
262 4618 375 4690 publico
394 4619 465 4672 sacri
481 4618 598 4674 Romani
615 4617 723 4688 imperii
741 4616 832 4671 edicto
844 4614 896 4669 sub
924 4619 966 4673 cio
985 4618 1032 4672 lux
1053 4616 1190 4689 evangelii
1209 4633 1242 4671 ex
1261 4616 1382 4672 tenebris
1400 4617 1454 4671 illis
1473 4619 1593 4686 emicuit,
1611 4620 1660 4674 sed
1676 4636 1709 4674 ex
1723 4636 1757 4675 eo

67 4706 211 4763 Ludorico
237 4704 287 4761 1v.
318 4704 458 4760 lohannes
483 4704 578 4759 XXII.
610 4703 734 4776 pontifex
758 4701 898 4757 Romanus
924 4723 979 4760 non
996 4711 1087 4776 potest
1103 4704 1211 4768 inferri,
1240 4704 1314 4775 quod
1331 4703 1413 4774 plane
1430 4703 1543 4775 perierit
1558 4705 1587 4758 in
1604 4705 1684 4762 terris
1703 4706 1757 4760 Dei

66 4798 182 4850 vocatur
206 4792 399 4846 Antichristus.
441 4790 612 4858 Sanpuinem
640 4790 825 4845 Christianum
849 4788 898 4853 (in-
925 4792 1048 4848 ecclesia.
1081 4790 1177 4846 Latuit
1195 4790 1224 4844 in
1241 4791 1397 4859 solitudine,
1413 4790 1462 4845 ubi
1480 4789 1578 4848 habuit
1594 4792 1685 4847 locum
1702 4792 1756 4847 sibi

68 4881 179 4956 quiunt)
206 4879 257 4933 ilie
284 4881 360 4948 sitit,
388 4879 548 4932 discordiae
575 4886 602 4931 et
629 4879 796 4932 seditionum
821 4877 900 4931 mala
924 4885 1052 4950 paratum
1075 4895 1093 4932 a
1117 4876 1188 4934 Deo.
1224 4877 1379 4948 Apocalyp.
1401 4882 1447 4942 12,
1469 4894 1494 4930 r.
1522 4883 1545 4933 s.
1587 4883 1612 4934 3.
1630 4878 1758 4934 Ecclesia

67 4970 169 5039 ubique
194 4971 317 5036 pestium
343 4968 415 5020 iuter
442 4964 615 5019 Christianos
640 4967 722 5029 serit,
747 4967 854 5031 fratres
871 4965 900 5017 in
925 4964 1033 5020 Graeca
1048 4963 1144 5034 purior
1159 4963 1214 5018 fuit
1231 4980 1314 5034 quam
1330 4962 1464 5032 Romana,
1481 4962 1658 5018 Hussiterum
1671 4965 1757 5020 11111·

66 5056 178 5122 fratres
199 5061 303 5116 armat,
326 5070 376 5106 nec
394 5053 457 5105 licet
476 5050 642 5104 Christianis
655 5069 710 5120 per
727 5051 799 5104 lunc
819 5052 898 5105 Anti·
926 5052 983 5108 siae
1000 5051 1098 5105 itidem
1118 5050 1154 5106 ab
1172 5049 1381 5105 antichristiani
1398 5049 1570 5105 idolomanie
1583 5050 1697 5106 fuerunt
1714 5068 1756 5107 re·

70 5143 203 5197 christum
227 5157 328 5210 pacem
358 5158 377 5192 a
405 5139 469 5192 Dea
496 5138 594 5190 datam
620 5153 740 5191 seruare.
775 5138 811 5190 In
841 5138 900 5193 alio
925 5146 1073 5211 purgatam
1092 5137 1192 5192 falsum
1210 5137 1295 5208 igitur
1315 5142 1370 5206 est,
1389 5135 1502 5205 periisse
1520 5136 1604 5207 plane
1620 5137 1757 5194 visibilem

70 5231 192 5299 quodsun
211 5229 318 5282 edicto:
342 5227 439 5295 Repno
457 5226 577 5279 numano
597 5221 730 5295 (pontifex
747 5222 900 5292 iohannes)
927 5225 1086 5293 ecclesiam,
1112 5223 1165 5278 nisi
1186 5222 1311 5277 Romana
1335 5222 1452 5278 ecclesia
1477 5223 1514 5276 sit
1538 5239 1605 5278 vera
1631 5224 1755 5282 ecclesia

70 5315 173 5385 inhiat,
192 5316 262 5368 sicut
277 5321 379 5384 pastor
397 5321 438 5367 est
452 5320 634 5382 personatus,
655 5311 696 5363 ita
715 5312 845 5378 mysticus
862 5319 901 5365 est
926 5319 951 5373 1.
968 5312 1103 5366 Haereses
1126 5309 1203 5380 illas,
1230 5326 1298 5381 quas
1317 5308 1501 5363 Bellarminus
1519 5315 1658 5381 recenset,
1682 5330 1756 5370 com·

70 5403 267 5456 Antichristus.
311 5399 393 5455 Item:
417 5398 537 5470 Imperii
562 5397 730 5451 Antichristi
759 5406 900 5451 auctorem
925 5415 1033 5471 pressas
1053 5397 1758 5468 11111111111111,111ο1111111111111111111

67 5488 134 5557 jure
152 5497 264 5554 nostro,
287 5486 418 5551 consilio,
442 5485 589 5554 ammeta,
613 5500 747 5538 consensu
764 5485 903 5539 communi
925 5485 1099 5542 dominentur
1115 5491 1144 5542 et
1160 5490 1327 5559 grassum,
1344 5482 1426 5541 facile
1443 5483 1631 5552 concedimus3
1646 5484 1755 5544 interim
