4004 6022
177 369 180 376 ’
262 413 322 472 sm
828 403 949 461 rocus
966 401 1169 460 messurus
1186 401 1385 460 sscuunm

260 560 290 614 in
311 558 397 616 verbu
421 574 521 613 nomen
544 574 601 612 non
623 557 729 614 habent
751 559 781 613 iu
800 575 825 614 e.
842 558 904 616 Cor.
923 559 1044 630 episcopi
1062 555 1091 630 ξ.
1104 558 1108 609 Ι
1121 557 1244 613 homines
1268 566 1359 612 tomen
1384 557 1545 626 imitantur,
1573 557 1707 612 scalenos
1730 557 1890 613 catholicas
1905 575 1947 613 ns-

262 646 336 717 quod
360 650 454 699 autem
480 649 521 700 68,
547 643 611 700 dist.
653 645 688 699 Si
711 662 743 699 re
761 645 899 715 priveris,
926 664 976 699 nec
995 620 1276 735 namenIctoritotem
1294 653 1321 699 ct
1338 645 1481 699 ueritatem
1499 645 1556 697 sihi
1570 645 1727 699 vendicare.
1764 642 1947 700 tunulum

261 733 362 786 hahere
385 730 514 794 mereris,
540 736 572 784 ut
594 730 701 786 scilicet
718 730 788 786 illud
805 733 951 802 procedat,
979 729 1167 802 quaudotlib.
1188 737 1212 786 t.
1229 731 1292 786 eds.
1312 730 1457 786 hiarciou:
1493 731 1615 785 Faciunt
1629 732 1714 795 sanos
1733 738 1760 784 et
1778 747 1891 800 cupae,
1906 731 1996 796 saut

260 834 360 871 nomen
384 817 527 886 eipniticat
552 817 736 870 suhsmntiam
758 818 804 872 ccl
823 819 985 888 qualitatem
1004 790 1196 891 neces-iciant
1222 816 1354 870 ecclesias
1380 826 1407 870 ct
1435 817 1632 872 Marcionitas.
1674 815 1844 871 hutentius
1863 816 1946 873 lius

261 903 368 957 sariam
386 904 475 957 inesse
490 903 581 957 alicui
595 905 730 974 sthccto,
754 921 833 958 secus
849 905 878 959 si
890 908 991 959 ‘nomeu
1010 904 1094 973 sipni·
1106 894 1109 943 ¹
1119 901 1235 957 institut
1257 918 1282 958 o.
1300 908 1350 958 3οτ
1387 902 1502 970 Simpuli
1518 902 1618 972 amasse
1637 903 1848 957 haeretieorum
1865 911 1948 958 coast

256 991 324 1060 ficet
355 989 445 1042 solam
471 989 625 1059 simplicem
650 992 920 1047 demonstrationem.
951 990 1033 1048 Num.
1056 980 1151 1046 sehse
1169 989 1346 1058 potissimum
1367 987 1544 1042 Christianae
1564 997 1591 1042 et
1610 1005 1691 1042 asans
1709 1003 1768 1042 csse
1787 989 1949 1043 catholicon

261 1074 414 1146 subjungit,
434 1091 467 1128 eu
484 1076 547 1130 sola
564 1077 759 1145 nominatione,
778 1085 809 1131 ut
824 1078 892 1146 quia
910 1077 1050 1131 masculus
1069 1084 1095 1130 ct
1120 1073 1266 1127 ecclesiam
1285 1083 1401 1145 pedam,
1425 1074 1500 1145 quod
1526 1073 1631 1128 dictum
1646 1073 1753 1147 alleget
1769 1074 1949 1132 Bcllsrmiuus

259 1161 370 1225 femina
400 1177 430 1215 ae
460 1163 593 1232 coujupes
617 1165 753 1228 nominate
781 1181 837 1216 non
856 1163 977 1232 prchmi
999 1163 1094 1216 matri·
1120 1158 1168 1214 lib.
1188 1163 1213 1216 ³.
1231 1159 1267 1215 de
1287 1160 1355 1215 ecci
1373 1176 1398 1216 e.
1420 1165 1442 1215 t.
1481 1159 1579 1214 Ariani
1597 1160 1663 1216 olim
1680 1177 1710 1217 se
1728 1160 1894 1217 Catholicae
1909 1180 1949 1218 vo·

261 1247 392 1312 monium,
413 1248 480 1316 quia
496 1266 568 1301 emor
585 1251 699 1304 moecha
714 1258 859 1319 maestum
869 1249 1095 1318 facienspeucre
1118 1244 1237 1312 cubent,
1266 1245 1336 1301 alios
1358 1263 1424 1301 vero
1448 1247 1656 1302 Homoussanar
1682 1254 1708 1301 et
1734 1249 1949 1318 Athanasium,

260 1335 385 1403 quadam
413 1333 558 1389 meritorio
587 1335 677 1389 ushilo
705 1337 796 1390 secius
827 1353 898 1390 uuor
925 1336 1094 1390 nominatur.
1119 1336 1191 1387 teste
1208 1331 1285 1388 Sixto
1306 1332 1421 1390 Senensi
1438 1333 1486 1390 lib.
1499 1339 1524 1390 4.
1543 1333 1668 1389 biblioth.
1688 1333 1949 1392 Posuauienssslc·

260 1425 311 1476 tot.
333 1420 377 1476 tit.
403 1418 432 1476 s.
459 1421 495 1474 ed
518 1422 537 1475 Ι.
558 1420 616 1477 Jul.
641 1423 675 1479 dn
700 1424 788 1478 adult.
807 1425 896 1479 coire.
916 1440 949 1477 cu
966 1422 1095 1476 diaconis
1120 1417 1210 1474 suites
1237 1417 1276 1476 th.
1294 1425 1325 1475 t:
1353 1421 1461 1474 Arcani
1486 1421 1654 1476 orthodaaos
1673 1421 1889 1478 Hamaueianos
1904 1440 1950 1494 prr

261 1507 345 1560 etiam
366 1513 392 1559 et
411 1508 569 1578 coilcpiatis
585 1516 650 1562 runt
667 1510 783 1578 qnidam
800 1512 878 1564 nudo
892 1509 1095 1579 appellationis
1119 1505 1314 1559 contumeliam
1338 1506 1469 1560 diatruut
1494 1514 1520 1560 st
1539 1509 1709 1562 Donatistae
1731 1508 1820 1562 etiarn
1845 1524 1893 1564 eos
1911 1527 1949 1565 uo

257 1601 406 1664 meteutu
421 1593 509 1648 celati
528 1594 576 1648 lib.
591 1601 621 1651 e.
643 1594 672 1650 C.
692 1595 727 1651 de
744 1611 844 1653 sacros.
858 1597 958 1651 eccles.
990 1594 1095 1660 Quarto
1119 1591 1219 1644 cabant
1253 1593 1415 1646 traditores.
1467 1592 1645 1664 Augustinus
1679 1601 1779 1650 centn
1811 1595 1950 1668 epistolam

262 1697 295 1733 aa
324 1681 434 1734 ratione
463 1681 592 1734 naturali
619 1689 644 1734 et
674 1682 831 1736 testimonia
853 1682 1092 1752 philosophorum,
1120 1677 1306 1733 Fundamenti
1332 1696 1356 1735 a.
1384 1685 1413 1735 l:
1446 1681 1547 1735 Omnes
1577 1681 1712 1735 haeretici
1733 1699 1766 1736 se
1795 1682 1949 1739 Catholicae

261 1766 352 1820 hiultu
374 1764 486 1821 nomina
508 1765 591 1822 rebus
616 1766 687 1822 falso
711 1773 777 1822 suut
795 1767 931 1839 imposita.
967 1769 1042 1841 Ergo
1061 1784 1095 1823 ex
1120 1765 1181 1819 clici
1195 1765 1298 1821 volunt.
1335 1765 1422 1839 Epist.
1441 1774 1483 1825 48.
1503 1775 1650 1837 memoret,
1669 1768 1836 1824 Douefistes
1855 1771 1895 1825 sie
1912 1771 1947 1826 iu·

261 1853 372 1907 nomine
401 1852 439 1906 ad
467 1868 525 1906 rem
547 1870 604 1907 non
630 1860 672 1908 est
694 1859 829 1925 perpetua
853 1861 882 1910 st
906 1862 981 1910 certa
999 1870 1094 1909 conse·
1120 1849 1262 1921 scripsisse
1284 1851 1407 1907 libellum
1434 1869 1513 1908 suum
1536 1853 1695 1925 imperatori
1718 1854 1836 1910 missum
1861 1856 1949 1912 adver·

263 1940 384 2011 quentia
424 1939 543 1994 Nomina
560 1956 616 1993 non
634 1956 742 2010 semper
760 1957 794 1995 ex
813 1946 888 1996 certo
902 1941 1024 2011 judicio,
1045 1940 1094 1995 sed
1120 1953 1168 1991 sus
1192 1936 1393 1993 Caecilianum:
1430 1940 1555 1994 Libellus
1573 1940 1707 1994 ccclesiae
1724 1942 1885 1998 cathols'coe
1903 1944 1951 1996 cri·

260 2043 297 2080 ex
321 2025 460 2079 communi
483 2024 612 2095 opinione
635 2025 822 2097 imponuntur.
857 2028 931 2100 Ergo
950 2045 968 2082 a
986 2027 1095 2082 nomine
1121 2023 1225 2077 minum
1251 2024 1409 2079 Caeciliani
1430 2027 1555 2079 traditus
1575 2026 1745 2096 imperatori
1761 2046 1780 2081 a
1795 2038 1884 2099 parte
1898 2048 1951 2084 ssa·

263 2113 299 2166 ad
324 2128 381 2167 rem
407 2127 463 2166 uon
490 2128 635 2182 possumus
661 2130 726 2169 vere
755 2119 879 2170 streete
901 2112 1095 2186 argumentari.
1115 2109 1187 2179 jori.
1216 2109 1258 2164 Er
1276 2110 1422 2167 collatione
1433 2111 1507 2166 tertii
1520 2111 1576 2166 diei
1588 2129 1652 2167 cum
1665 2113 1823 2169 Donatistis
1834 2122 1952 2188 apparet,

261 2197 317 2253 Res
342 2199 509 2270 qusndoquc
536 2214 571 2253 ea
596 2200 709 2254 nomina
733 2201 867 2268 retinent,
902 2199 1003 2272 quibus
1029 2200 1095 2255 clim
1122 2196 1196 2267 quod
1225 2196 1419 2253 contenderint
1435 2197 1613 2266 Donatistae,
1640 2215 1671 2254 se
1688 2200 1781 2270 potius
1799 2200 1953 2259 Cstboheos

260 2284 374 2339 suenum
396 2284 567 2353 appellatae,
591 2285 744 2341 licetillud
763 2286 868 2357 ipsum,
889 2284 1096 2357 propterquod
1122 2283 1258 2352 appellari
1289 2283 1390 2339 debere
1420 2300 1505 2356 quem
1532 2284 1703 2340 ademarius
1735 2303 1816 2358 suos,
1858 2288 1953 2362 quibus

261 2388 294 2426 eo
319 2369 430 2425 nomine
456 2369 613 2440 appellatae
636 2372 754 2437 incunt,
788 2379 893 2443 pereat.
927 2372 971 2428 Sic
995 2370 1096 2427 Judeei
1121 2385 1284 2438 responsum
1314 2387 1332 2424 a
1359 2370 1455 2441 judice
1482 2371 1589 2439 datum,
1627 2379 1658 2424 ut
1682 2381 1788 2442 qsmnto
1814 2377 1906 2445 napis
1927 2397 1953 2434 sc

261 2463 385 2527 tempore
411 2455 514 2510 Christi
539 2456 679 2512 vocabant
703 2475 734 2513 se
756 2476 846 2513 semen
867 2460 1015 2523 Abrahae,
1041 2472 1097 2510 nou
1126 2454 1283 2512 Catholicae
1302 2456 1440 2524 dicerent,
1457 2464 1536 2510 tanto
1554 2458 1646 2528 mapsa
1662 2475 1777 2513 causam
1795 2476 1878 2514 marn
1894 2472 1953 2532 ‘ope

262 2543 337 2614 quod
369 2559 466 2598 revera
494 2549 602 2607 esseut,
636 2544 685 2599 sed
720 2546 795 2617 quod
830 2546 949 2615 majores
975 2545 1096 2616 ipsorum
1122 2548 1197 2607 rent,
1218 2549 1250 2594 ut
1269 2557 1301 2595 cc
1319 2543 1402 2595 moda
1417 2543 1543 2610 probare
1556 2551 1684 2612 possent,
1700 2560 1730 2598 sc
1748 2561 1809 2600 csse
1832 2549 1954 2604 Catholi-

260 2629 392 2696 inissent,
416 2644 434 2682 a
459 2645 577 2699 quorum
601 2629 762 2701 integritate
787 2637 816 2685 et
838 2631 972 2702 reiigione
990 2629 1096 2685 defece
1122 2643 1171 2680 aas
1192 2626 1235 2693 (id
1254 2627 1329 2698 quod
1349 2634 1377 2683 et
1395 2645 1446 2682 nos
1466 2627 1619 2683 Pontifieiis
1637 2629 1720 2685 hodie
1738 2635 1954 2704 respondemus).

261 2719 332 2769 rant.
374 2714 449 2785 Ergo
472 2730 490 2767 a
513 2715 625 2769 nomine
649 2732 705 2769 nou
728 2723 822 2786 potest
843 2716 909 2771 duci
926 2714 1095 2771 lirmumar-
1122 2711 1218 2767 Verba
1237 2713 1389 2785 Augustini
1409 2713 1439 2768 in
1460 2713 1601 2770 breviculo
1622 2715 1801 2774 eodafionnm
1819 2735 1885 2777 cnm
1903 2720 1955 2779 Do

261 2806 433 2874 gnmeutnm.
477 2798 664 2870 Philosophus
690 2800 737 2856 lib.
762 2808 786 2858 t.
811 2802 930 2874 metaph.
955 2819 978 2858 c.
1004 2807 1042 2857 11.
1061 2801 1100 2856 de.
1122 2797 1231 2853 mustis
1249 2799 1396 2855 collafioue
1413 2799 1469 2856 diei
1485 2801 1560 2855 tertii
1577 2817 1601 2856 c.
1620 2807 1644 2857 t.
1661 2803 1701 2856 sie
1719 2802 1841 2862 habeut:
1877 2811 1955 2866 inter

262 2893 385 2959 generat.
407 2884 520 2941 animal.
544 2904 567 2942 o.
591 2892 613 2944 1.
638 2893 667 2942 et
684 2887 750 2941 alibi
767 2888 871 2957 passim
888 2889 984 2956 docet,
1010 2903 1096 2960 quse·
1121 2885 1190 2938 hacc
1215 2885 1298 2939 aiam
1319 2888 1354 2940 de
1376 2886 1516 2941 catholico
1533 2889 1658 2956 nomene,
1682 2891 1763 2958 apud
1778 2909 1850 2961 quos
1862 2898 1956 2964 potius

262 2975 327 3030 dsm
340 2971 494 3044 praedicari
506 2971 684 3047 συνωνύμως,
703 2974 842 3044 quaedum
854 2990 920 3031 sero
931 2972 1096 3044 ὁμωνύμως,
1123 2979 1207 3036 esset,
1233 2989 1329 3041 pauca
1356 2973 1391 3026 ah
1420 2981 1539 3043 utraque
1563 2983 1651 3044 parte
1677 2976 1905 3042 (orthodoxorum
1929 2990 1956 3038 ct

261 3063 427 3129 homonyma
444 3060 543 3113 saltem
559 3077 659 3113 nomeu
678 3060 779 3114 hahere
797 3078 952 3126 commune,
973 3080 1028 3116 non
1047 3079 1096 3115 au
1121 3057 1341 3125 Donatistarum)
1366 3058 1482 3113 inuicem
1507 3061 1584 3113 eiiam
1601 3068 1629 3114 ct
1645 3061 1755 3131 objecta
1774 3073 1881 3120 suntet
1894 3069 1955 3138 jue

261 3157 315 3203 tem
338 3164 413 3215 rem,·
439 3146 511 3200 iuter
527 3147 660 3200 univocos
679 3154 705 3200 ct
723 3148 890 3216 aequivocas
903 3148 1098 3217 praedicatio·
1122 3162 1183 3197 cum
1209 3152 1248 3197 est
1273 3145 1436 3214 principali
1464 3164 1566 3200 causae
1596 3149 1691 3217 potius
1721 3155 1873 3208 reseruari.
1918 3157 1956 3211 tu

262 3251 312 3290 nes
329 3234 487 3304 plurimum
510 3233 658 3297 interesse,
688 3251 707 3287 a
729 3234 840 3287 nomine
867 3235 1015 3305 aequivoco
1041 3253 1097 3288 uon
1119 3239 1185 3299 poti
1209 3231 1358 3300 aliquanta
1386 3232 1555 3296 identidem,
1587 3227 1647 3288 cum
1675 3236 1813 3291 cathmum
1838 3243 1956 3297 nonsins's

260 3337 347 3392 posse
366 3319 434 3374 duci
450 3327 644 3390 arpumentum
656 3320 714 3373 ussi
724 3320 905 3388 sophisticum
917 3328 968 3377 ete.
994 3320 1096 3386 Quinto
1121 3318 1205 3380 sacta
1222 3318 1358 3372 mentione
1376 3320 1501 3373 dicerem
1522 3322 1704 3391 Donatistae,
1721 3327 1805 3393 apud
1820 3342 1851 3380 se
1865 3331 1956 3398 posim

265 3426 297 3463 sc
332 3407 471 3462 communi
501 3407 677 3475 experientia,
725 3407 814 3478 Saepe
843 3408 980 3463 salutetur
1009 3409 1096 3481 virgo,
1122 3419 1181 3456 esse
1201 3403 1368 3458 catholicam
1387 3411 1437 3460 sta.
1468 3406 1541 3461 ”In
1558 3395 1778 3466 hae‘calletioue
1793 3410 1956 3473 Donatista

263 3509 336 3565 quse
362 3492 455 3547 nobile
483 3497 604 3547 scortum
635 3498 684 3546 est.
736 3493 905 3548 Mahometes
931 3495 1041 3551 vocant
1067 3512 1097 3550 se
1122 3489 1203 3544 tertio
1230 3507 1339 3562 quoque
1365 3493 1449 3549 verbo
1475 3510 1554 3547 suum
1578 3511 1639 3549 esse
1663 3512 1765 3551 nomen
1790 3498 1954 3557 catholicum

263 3596 394 3647 maenum
410 3579 584 3648 prophetam,
602 3595 635 3632 ac
653 3578 719 3632 telis
736 3580 812 3649 apud
829 3596 893 3634 suos
909 3580 1000 3636 adhuc
1015 3581 1097 3637 hehe·
1123 3575 1355 3645 protestabantur.
1389 3577 1545 3636 Catholicae
1563 3597 1581 3634 a
1598 3580 1761 3638 Novatianis
1779 3583 1872 3641 dictos
1891 3590 1954 3645 Cor

263 3671 318 3736 tur,
337 3682 392 3720 nou
410 3670 502 3718 tamen
519 3662 580 3718 tuit.
615 3663 753 3735 Discipuli
767 3664 931 3722 Mahometis
949 3676 1050 3723 vocant
1068 3684 1098 3724 sc
1123 3661 1251 3716 aelianus
1278 3662 1377 3718 uscrit
1402 3664 1556 3737 Reihingus
1583 3666 1660 3722 fund.
1688 3673 1713 3726 s.
1738 3685 1767 3740 p.
1791 3675 1852 3728 tte.
1892 3674 1955 3748 Epi-

263 3752 473 3819 Musclmauas,
498 3749 551 3804 boc
569 3756 625 3816 est,
648 3750 828 3821 orthodoxos,
848 3752 914 3807 item
933 3754 1098 3818 Abdullam,
1124 3747 1241 3819 phemius
1266 3749 1374 3805 hmrcsi
1400 3757 1441 3807 37.
1459 3751 1495 3807 de
1511 3752 1624 3808 Arianis
1641 3753 1724 3824 dicit,
1748 3761 1829 3827 quod
1843 3763 1956 3832 affec-ta·

263 3839 317 3893 hoc
342 3845 383 3893 est
406 3836 461 3891 Dei
486 3852 595 3905 servos,
617 3835 761 3906 pontifices
779 3855 843 3893 suos
860 3845 961 3894 vocant
981 3841 1098 3911 Calsphe
1124 3835 1181 3888 rint
1196 3853 1295 3890 nomeu
1307 3838 1481 3907 catholicum,
1497 3855 1578 3910 quem
1587 3839 1739 3912 Epiphsnii
1751 3842 1844 3902 locum
1857 3847 1958 3922 allegat

264 3925 396 3987 munte,
420 3923 472 3978 hoe
489 3928 545 3990 est,
566 3921 619 3978 Dei
642 3922 767 3979 mosmos.
802 3923 835 3979 In
854 3925 994 3996 primitiva
1011 3928 1098 3982 eccle
1124 3920 1260 3976 Batonius
1282 3929 1346 3979 tom.
1373 3928 1396 3979 3.
1422 3924 1512 3978 euual.
1532 3933 1679 3984 annotet.
1698 3941 1776 3986 uum
1795 3936 1820 3987 3.
1855 3933 1957 3991 Salvis·

264 4012 306 4067 sia
328 4010 442 4083 quidam
467 4009 599 4065 haeretici
624 4010 762 4064 uouebant
776 4027 807 4066 se
822 4013 1014 4082 Apostoliccs,
1039 4015 1097 4068 Au·
1124 4025 1177 4061 nus
1196 4008 1230 4063 de
1250 4008 1303 4064 Dei
1321 4009 1521 4082 gubernatione
1541 4012 1589 4070 lib.
1612 4020 1636 4071 t.
1653 4032 1680 4085 p.
1702 4021 1766 4071 150:
1802 4019 1895 4089 Apud
1912 4040 1958 4076 m

264 4099 382 4168 pelicea,
417 4098 571 4165 Cothonea,
605 4097 770 4150 Encratitas
805 4105 832 4150 et
863 4098 1012 4152 Gnosticos
1046 4106 1099 4156 eta.
1125 4093 1222 4162 (Gothi
1247 4095 1356 4162 Asiam)
1383 4096 1520 4150 haeretici
1540 4108 1618 4165 sunt,
1653 4103 1736 4171 apud
1754 4119 1785 4157 sc
1806 4123 1866 4159 non
1889 4115 1956 4162 sunt

264 4201 338 4257 quae
349 4182 551 4254 appellationes
563 4183 697 4253 majorem
709 4183 754 4238 vei
766 4191 839 4240 certe
851 4185 994 4257 sequelam
1008 4187 1097 4257 splen·
1126 4182 1200 4235 Nam
1217 4182 1248 4234 iu
1264 4189 1371 4236 tantum
1389 4199 1421 4237 re
1443 4183 1600 4242 Catholicae
1618 4201 1677 4240 essc
1685 4187 1837 4256 judicant,
1857 4199 1893 4246 ut
1910 4210 1958 4247 nos

265 4272 359 4326 dorem
387 4267 494 4323 habent
520 4284 603 4339 quam
629 4285 729 4323 nomen
755 4269 930 4328 catholicum.
975 4272 1098 4327 Armenii
1124 4267 1202 4337 ipsos
1218 4267 1374 4322 haereticae
1394 4269 1596 4339 appellationes
1614 4272 1856 4343 tulamsamcns.
1881 4277 1960 4342 Quod

265 4357 416 4413 Christiani
438 4353 626 4426 patriarcham
642 4372 723 4410 suum
739 4364 840 4412 vocent
857 4356 1045 4424 catholicum,
1066 4365 1099 4413 nt
1126 4370 1191 4422 erqo
1214 4354 1263 4408 illi
1285 4354 1366 4408 nolu
1385 4363 1463 4423 sant,
1492 4357 1543 4410 hoc
1560 4365 1587 4411 a
1603 4375 1653 4411 nos
1669 4357 1737 4413 tut.
1775 4362 1839 4416 Noc
1856 4380 1906 4418 cos
1920 4367 1959 4420 in·

266 4449 384 4513 apparet
400 4459 433 4497 ex
450 4441 642 4496 dissertatione
659 4441 806 4496 Tbeorieui
824 4459 889 4497 cum
906 4445 1098 4501 Armeniorum
1119 4440 1229 4509 jurium
1246 4441 1359 4494 diuinae
1379 4443 1553 4509 renuatiari
1563 4447 1665 4510 jacere
1684 4447 1756 4498 certi
1766 4463 1872 4514 sumus,
1886 4453 1961 4521 quod

266 4528 418 4587 Catholico.
451 4527 518 4582 Illos
536 4535 629 4583 tamen
648 4545 700 4598 pro
717 4528 1016 4586 Romano-Catholinis
1036 4532 1099 4588 Bel·
1124 4525 1371 4580 miuvrtm'Paiti
1396 4527 1503 4581 stillim
1525 4529 1637 4595 ditati,
1660 4529 1709 4585 illi
1728 4549 1780 4586 ⁹⁸⁰⁸
1802 4534 1959 4605 injuriosos

260 4616 397 4671 herminus
415 4632 471 4670 uon
484 4614 618 4687 agnoscit.
1125 4613 1211 4667 Patri
1241 4613 1413 4681 misenam,
1437 4615 1505 4683 quia
1532 4617 1667 4685 aequales
1692 4618 1777 4672 etiarn
1802 4625 1959 4678 meriamur.

138 4721 225 4762 nomm
302 4709 358 4760 154.
377 4708 401 4759 2.
413 4702 606 4771 Quodcunque
623 4717 723 4755 nomen
740 4700 872 4756 haeretici
889 4701 942 4757 sibi
959 4712 1098 4777 arrogant,
1126 4698 1268 4754 Liuianus
1294 4697 1323 4752 iu
1347 4700 1458 4771 panopl.
1482 4702 1614 4772 praeiet:
1651 4704 1761 4758 Priscis
1777 4706 1843 4761 illis
1857 4711 1961 4765 nouus

137 4771 334 4864 fflffiplssillud
363 4806 418 4844 non
449 4793 492 4842 est
521 4787 644 4859 genuina
673 4792 700 4841 et
728 4787 840 4858 propria
861 4805 943 4845 serae
966 4791 1099 4847 ecclesiae
1115 4786 1279 4840 ‘catholicae
1321 4795 1406 4858 atquc
1443 4789 1614 4858 apostolieae
1649 4791 1720 4855 fidei
1752 4805 1961 4864 propepasom

137 4875 232 4966 3⁶¹3·
263 4884 337 4933 uota
373 4875 460 4946 Atqui
478 4891 577 4929 nomen
596 4873 762 4929 catholicum
778 4883 807 4929 et
818 4873 1003 4931 Christianum
1015 4878 1099 4933 etiam
1124 4871 1208 4925 amul
1237 4880 1263 4926 et
1287 4883 1530 4945 properantem,
1560 4877 1716 4944 Basiliam,
1743 4879 1960 4951 Nosionscnum

165 4936 193 4977 ⁸⁸
265 4962 403 5020 haeretici¹
426 4960 479 5015 sibi
502 4969 641 5032 amogant.
676 4960 751 5032 Ergo
769 4977 870 5016 nomen
888 4963 1054 5018 catholicum
1071 4971 1099 5018 et
1125 4959 1319 5029 Ambrosium,
1357 4961 1573 5031 Hieronymum,
1608 4964 1795 5033 Aupnctiusuu
1825 4967 1962 5024 hocrm'ci

265 5047 451 5104 Christianum
468 5063 524 5100 nou
543 5053 586 5101 est
602 5048 725 5117 genuine
741 5053 768 5102 et
785 5048 898 5119 propria
917 5065 999 5104 serae
1013 5049 1098 5104 eccle·
1124 5045 1369 5100 calumniabantur
1401 5048 1574 5117 apostolicae
1605 5050 1751 5104 doctrinae
1777 5063 1961 5124 emptam

261 5135 323 5190 siae
342 5140 417 5189 nota
453 5133 587 5203 Majorem
604 5133 787 5188 Beilsrmiuus
805 5151 861 5190 uon
879 5139 972 5206 potest
987 5151 1099 5206 negare,
1125 5139 1151 5186 et
1175 5133 1330 5188 hacanos
1351 5136 1551 5201 Manichacus,
1575 5136 1837 5204 Honoratianum,
1864 5140 1960 5197 Sobel

266 5222 332 5293 quis
355 5220 481 5290 superius
503 5236 526 5273 c.
552 5224 576 5273 t.
602 5215 631 5294 ξ.
654 5226 677 5274 5.
701 5218 837 5290 disputat,
864 5223 1004 5276 sincmam
1023 5221 1100 5275 uerbi
1124 5221 1229 5290 lianos,
1248 5221 1461 5275 Basilianistas.
1488 5220 1553 5276 Lib.
1572 5228 1596 5280 t.
1615 5239 1639 5278 c.
1658 5222 1731 5279 'isin
1748 5222 1959 5282 lin.=·Jooinio-

261 5307 507 5378 praedicationem
529 5325 587 5361 uon
611 5323 670 5360 csse
692 5313 788 5359 natam
805 5308 955 5372 eaclmiae,
982 5326 1042 5362 cum
1063 5309 1100 5361 sit
1124 5327 1177 5362 nus
1189 5309 1366 5363 Ambrosium
1379 5301 1542 5378 appellabat
1554 5310 1765 5380 Manichaesrsn,
1776 5315 1960 5380 tutaminum

266 5394 489 5447 communissima
503 5393 630 5447 omnihus
647 5393 736 5460 sectis,
756 5392 856 5446 saltem
876 5394 1007 5462 opinione
1023 5393 1099 5462 spao-
1124 5394 1278 5464 Pclopiaui
1302 5395 1479 5448 haereticum.
1517 5392 1604 5449 Ibid.:
1631 5397 1806 5450 Donatistae
1830 5414 1862 5452 sc
1883 5400 1960 5455 solos

264 5498 337 5534 rum
380 5478 471 5535 hiinor
487 5497 521 5536 cx
538 5480 698 5535 inductione
715 5478 902 5550 exemplorum
923 5485 965 5536 est
983 5478 1098 5535 manife-
1117 5481 1270 5550 jactabunt
1301 5478 1485 5534 Christianos.
1531 5479 1624 5537 Ocnus
1647 5481 1696 5538 lib.
1720 5489 1746 5539 t.
1771 5483 1854 5540 loson
1875 5485 1960 5543 tbeol.

265 5572 319 5623 suc
353 5563 511 5636 Cyprianus
528 5565 607 5636 epist
628 5571 670 5622 tt.
687 5562 898 5622 deNorstiauis
908 5562 1018 5619 smibit:
1045 5566 1099 5622 Vo-
1123 5582 1147 5623 e.
1171 5570 1194 5622 1.
1211 5564 1287 5621 circs
1298 5564 1378 5620 init:
1401 5565 1563 5620 Haereticis
1581 5568 1708 5622 omnihus
1724 5566 1777 5624 h'eo
1794 5568 1962 5644 mess,

249 5652 495 5715 lmsmcrun
521 5669 612 5724 more,
642 5668 716 5726 mnis
739 5669 801 5709 cum
819 5650 1015 5705 immam
1030 5628 1262 5724 semiantrum
1275 5666 1337 5706 um
1356 5653 1613 5723 adranoncsanc
1630 5655 1791 5722 mansure
1807 5665 1835 5712 st
1851 5658 1917 5714 casis
1930 5660 1962 5715 in
