4004 6022
764 271 815 331 00
836 269 960 334 secun
979 272 1114 335 conns.
1748 288 1788 350 Μ

10 446 61 487 :sn-
134 434 176 486 62.
218 427 333 486 Tertius
369 429 439 485 ritus
468 435 511 484 est
539 430 751 486 communicatio
781 431 927 486 infantum.
954 431 1117 489 uniformem
1143 432 1172 487 in
1196 433 1337 503 primitiva
1362 434 1494 504 ecclesia,
1528 433 1623 508 colligi
1642 441 1735 507 potest
1756 453 1810 498 ex,

10 497 62 588 ἓξ
91 516 347 575 Commmicabant‘
369 518 442 571 enim
470 525 576 571 veteres
608 518 764 588 aliquando
791 519 925 587 insontes,
953 518 1115 576 Innocentio
1145 520 1269 592 pontifici
1301 519 1438 589 Romano,
1466 522 1515 594 qui
1543 522 1572 577 in
1601 539 1652 578 sua
1681 541 1789 580 summa

10 605 56 639 Μ*
89 605 142 657 secl
157 604 209 657 sub
227 621 286 657 una
304 611 411 658 tantum
430 605 535 674 pecie,
559 605 692 659 nimirum
708 605 878 659 instillanda
896 605 927 658 in
953 622 976 659 0.
996 611 1021 662 9.
1046 606 1086 661 sio
1102 606 1219 662 scribit:
1249 607 1324 669 Quia
1352 609 1524 663 eucharistia
1544 618 1720 677 aupmentum
1738 612 1790 665 dat

90 708 121 743 os
138 706 236 745 eorum
253 690 369 761 aliquid
383 691 529 761 sanquinis
548 691 682 760 Domini,
711 699 742 744 ut
762 699 843 762 patet
869 699 927 745 tum
952 692 1072 761 cratiae,
1093 694 1157 747 ideo
1172 695 1304 748 dicerunt
1318 696 1442 764 quidam,
1460 698 1537 764 quod
1546 695 1678 765 paruulis
1689 698 1789 751 danda

89 792 122 830 es
142 777 288 847 clypriano
306 777 336 832 in
353 794 434 833 serm.
453 778 488 830 de
507 777 612 847 iapssb,
638 785 696 830 tum
717 794 750 831 ee
773 778 927 843 manifesta
953 786 1024 831 esset
1040 778 1213 832 eucharistia
1232 780 1262 832 io
1278 782 1376 847 forma
1395 781 1507 850 liquida
1526 783 1674 852 sanpuinis
1689 782 1789 837 Domi-

88 864 213 934 rats'one,
240 866 308 935 quia
332 883 388 919 non
407 871 527 935 posssmt
550 865 677 932 infantes
695 865 784 918 cibum
803 864 925 935 aliquem
952 866 1023 932 uici,
1048 864 1092 920 vet
1117 866 1147 918 in
1166 867 1265 930 forma
1277 867 1366 936 panis
1386 869 1554 922 comminuta
1574 877 1600 922 et
1619 868 1740 923 ccmrita
1758 869 1789 922 in

87 952 212 1006 solidum
237 968 354 1006 summ.
388 950 615 1021 Respondemus:
641 956 662 1006 i.
679 950 856 1022 Propositum
883 959 1041 1019 sevaque,
1062 952 1130 1022 quia
1148 953 1176 1005 si
1193 953 1308 1023 aliquid
1324 954 1364 1007 eis
1383 954 1608 1023 subtraheretur,
1634 957 1669 1009 de
1692 954 1789 1023 pratia
1885 1016 1889 1023 ,

87 1036 258 1093 Bellus-mino
276 1054 361 1093 unam
380 1037 500 1109 speciem
519 1038 599 1107 panis
619 1036 815 1108 comprobare,
837 1043 866 1092 at
884 1037 925 1093 in·
951 1038 1064 1107 aliquid
1084 1039 1285 1093 diminueretur
1303 1048 1329 1094 et
1348 1040 1389 1094 ita
1406 1042 1497 1095 minus
1516 1041 1649 1096 haberent
1667 1041 1697 1095 in
1710 1042 1787 1096 cosla

87 1123 214 1180 fantrbns
230 1124 260 1179 in
279 1124 420 1196 primitiva
437 1124 555 1180 ccclesia
567 1124 650 1195 juxta
660 1123 821 1179 Bellsrmini
838 1142 925 1181 asser·
946 1125 1116 1193 praemium.
1156 1127 1235 1180 Unde
1252 1143 1373 1196 peccare
1395 1129 1505 1197 dicum,
1529 1128 1579 1198 qui
1597 1129 1639 1182 eis
1659 1129 1787 1183 euchari-

88 1211 194 1267 tionem
222 1210 343 1266 debatur
367 1210 442 1266 solus
467 1209 552 1279 calix,
578 1208 712 1265 hacmnus
734 1210 821 1283 igitur
843 1226 924 1282 argu-
949 1211 1040 1263 stiam·
1060 1213 1233 1267 subtrahunt.
1270 1214 1335 1267 Alii
1359 1213 1503 1282 dicerunt,
1532 1215 1610 1284 quod
1633 1232 1689 1268 non
1717 1220 1788 1269 esset

89 1304 213 1352 mentum
231 1301 276 1353 est
292 1313 310 1351 a
328 1295 489 1369 quaestione
506 1294 635 1351 alienum.
670 1295 823 1352 Peritatem
842 1296 925 1352 ratio·
946 1298 1080 1366 paruulis
1120 1300 1220 1353 (100ἅο
1249 1300 1434 1355 'eucharistia
1474 1308 1594 1370 propter
1627 1300 1788 1370 periculum

89 1384 131 1437 nis
160 1383 235 1439 inter
263 1400 344 1438 usum
373 1381 458 1437 solius
487 1382 569 1453 panis
595 1388 623 1438 et
646 1383 733 1437 soliut
756 1381 850 1438 calicis
869 1399 924 1437 non
951 1384 1102 1452 ejectionis,
1121 1393 1146 1439 et
1163 1386 1232 1455 quia
1250 1387 1323 1440 nshil
1343 1387 1383 1440 cti:
1402 1387 1517 1452 ualeret,
1535 1387 1592 1440 nisi
1606 1386 1786 1456 deplutirent.

89 1469 246 1525 concedunt
263 1486 357 1525 omnes
375 1467 522 1525 Pontificii.
559 1468 817 1525 abominamenta
836 1470 925 1525 infan-
953 1469 1013 1524 Sed
1027 1473 1069 1525 ad
1087 1472 1138 1526 hoc
1157 1472 1290 1526 diamant
1310 1474 1426 1543 quidam
1444 1473 1541 1542 mapni
1560 1473 1623 1541 oiri,
1642 1474 1787 1543 quodmn

88 1561 147 1611 tum
169 1562 279 1630 pugnat
303 1573 366 1610 cum
388 1555 561 1627 praescripto
586 1556 736 1627 apostolico
756 1562 779 1613 1.
800 1557 862 1613 (lor.
885 1564 924 1621 11,
951 1558 1071 1626 eripitur
1090 1559 1120 1610 in
1138 1558 1323 1612 eucharistiae
1343 1559 1492 1629 sumtione,
1516 1559 1575 1613 nisi
1596 1561 1674 1630 quod
1690 1565 1787 1628 matus

89 1660 113 1700 r.
133 1647 180 1700 28:
206 1642 313 1698 Probet
331 1659 361 1696 se
381 1644 473 1713 :psum
491 1643 587 1712 homo,
611 1651 637 1696 et
658 1643 700 1696 sic
724 1645 759 1696 de
776 1660 855 1712 pane
872 1642 924 1698 illo
951 1644 1084 1699 instaur
1110 1653 1137 1698 et
1164 1662 1252 1717 sapor
1278 1646 1416 1701 sentiatur
1440 1651 1492 1701 etc.
1528 1646 1673 1711 Quomodo
1699 1645 1787 1718 igitur

90 1731 156 1783 edat
182 1730 264 1796 etde
283 1728 373 1782 calice
394 1728 447 1782 illo
467 1728 559 1797 bibat,-
588 1745 614 1781 v.
635 1733 681 1784 26:
710 1729 925 1800 quotiescunque
951 1747 986 1785 ex
1013 1730 1069 1786 ritu
1095 1731 1172 1786 sario
1202 1737 1231 1786 et
1264 1731 1438 1787 inconstante
1466 1731 1622 1788 communio
1651 1731 1702 1788 sub
1729 1746 1787 1788 uns

89 1814 295 1870 maducabitis
317 1830 420 1884 panem
444 1815 517 1868 hunc
541 1822 568 1867 et
588 1822 626 1867 'ea
642 1814 696 1868 illo
715 1815 803 1869 colim
819 1815 925 1884 bibetis,
951 1815 1044 1887 specie
1061 1815 1245 1888 probabitur?

90 1910 205 1957 mortem
226 1901 347 1955 Domini
369 1901 578 1955 manuatim.
614 1900 759 1967 Quomodo
783 1901 869 1974 igitur
892 1919 925 1957 ex
986 1907 1028 1959 63.
1063 1901 1186 1968 Quartus
1206 1903 1289 1973 ritus,
1313 1921 1394 1977 quem
1418 1902 1605 1959 Bellarmiuus
1622 1909 1716 1977 urget,
1745 1910 1900 1959 ratosn-

90 1989 144 2044 ritn
169 1987 305 2044 eudesius
332 2005 394 2043 cum
418 2005 516 2043 norma
537 1987 615 2043 verbi
641 1987 728 2043 divini
751 1988 841 2044 minus
862 2005 925 2045 con·
952 1989 1165 2044 communicatio
1191 1997 1384 2059 aeprotorum,
1411 2007 1495 2063 quam
1515 1995 1548 2045 ut
1565 1989 1713 2061 plurimum
1733 1988 1785 2046 sub
1798 1963 1917 2064 ἓξὲξ..

91 2093 161 2149 gruo
192 2074 350 2131 communio
381 2073 434 2129 snb
463 2091 520 2129 uns
545 2074 637 2145 specie
664 2074 777 2146 probari
805 2074 925 2147 poterit?
951 2092 1008 2130 una
1024 2076 1117 2147 specie
1134 2075 1240 2132 iactam
1259 2076 1379 2147 probare
1392 2082 1509 2132 conatur
1520 2094 1553 2132 ex
1565 2075 1686 2133 Eusebio
1698 2074 1746 2132 lib.
1760 2080 1786 2134 t.
1799 2068 1883 2109 W·
1946 2084 1951 2091 ”

92 2169 114 2219 3.
137 2161 182 2218 Ne
208 2162 238 2216 in
265 2160 412 2216 Pontificio
443 2160 555 2234 quidem
582 2160 700 2216 ecelesia
727 2161 810 2217 hodie
834 2162 924 2218 locum
952 2161 1015 2217 hist.
1034 2178 1059 2218 0.
1073 2168 1115 2220 36.
1151 2162 1270 2219 Paulino
1287 2163 1316 2218 i'n
1334 2163 1393 2218 vita
1411 2161 1568 2227 Ambrosii,
1591 2161 1787 2234 Amphilochia

91 2247 176 2306 hebet
207 2247 420 2304 communicatio
452 2246 605 2318 infantum,
633 2247 708 2303 unde
744 2247 926 2304 Bessarminus
950 2248 980 2302 in
1012 2248 1071 2304 vita
1104 2248 1202 2305 Basilii
1234 2254 1286 2305 etc.
1342 2248 1570 2321 Respondemus:
1607 2254 1629 2305 1.
1659 2245 1792 2304 lustinus'

91 2335 151 2408 ipse
170 2346 233 2391 eam
255 2332 394 2404 improbat
417 2333 464 2390 lib.
486 2339 509 2391 l.
535 2333 571 2390 de
595 2334 696 2406 baptis.
715 2351 737 2391 c.
755 2340 780 2391 3.
796 2351 868 2407 resp.
888 2334 925 2388 ad
951 2334 1024 2406 apol.
1044 2341 1067 2391 2.
1084 2340 1112 2391 et
1128 2335 1317 2408 Hieronymus
1334 2335 1414 2407 epist.
1429 2341 1454 2391 4.
1472 2334 1509 2388 ad
1524 2332 1671 2390 Rusticum
1682 2339 1786 2389 mitan-

91 2428 115 2480 3.
136 2439 246 2496 argum.
264 2419 420 2492 Anabapt:
448 2420 515 2491 Ipse
541 2422 696 2490 Dominus,
724 2428 755 2474 ut
775 2421 926 2490 indicaret,
950 2426 1013 2492 tur,
1039 2427 1185 2494 utramque
1209 2422 1329 2493 speeiem
1349 2421 1458 2477 solitam
1479 2417 1580 2477 deferri
1600 2419 1636 2475 ad
1655 2419 1786 2476 absentes

91 2508 291 2564 eucharistiam
319 2500 375 2563 non
406 2523 465 2562 esse
491 2526 547 2577 pro
577 2507 735 2576 insontibus
759 2507 925 2576 institutam,
950 2513 979 2563 et
1008 2506 1140 2563 infirmos.
1184 2506 1280 2562 Verba
1304 2506 1470 2579 Hieronymi
1497 2505 1567 2563 haec
1595 2512 1674 2562 sunt:
1702 2505 1789 2562 Nihil

88 2596 180 2651 noluit
207 2612 269 2650 nm
296 2595 327 2648 in
353 2594 426 2648 lacte
451 2595 633 2664 coristituere,
662 2595 739 2664 quod
755 2601 796 2648 est
812 2595 925 2648 unicum
951 2595 1098 2666 Eruperio
1117 2593 1219 2662 ditius,
1237 2595 1288 2666 qui
1305 2612 1408 2665 corpus
1426 2594 1546 2650 Domini
1564 2594 1690 2649 canistro
1707 2593 1787 2647 uimi-

89 2683 242 2753 insantium
259 2681 430 2750 alimentum,
449 2682 502 2735 scd
518 2681 548 2734 io
561 2697 640 2752 pane
659 2689 686 2735 et
704 2681 777 2746 uino,
795 2698 867 2752 puae
884 2683 927 2735 ad
949 2698 1015 2748 neo,
1041 2683 1207 2752 sanquinem
1226 2689 1326 2752 portat
1351 2683 1381 2736 in
1399 2683 1480 2737 uitro.
1515 2680 1595 2738 Beda
1613 2680 1661 2737 lib.
1679 2687 1703 2737 4.
1720 2679 1790 2753 10102.

89 2771 164 2825 solos
185 2767 300 2823 adultos
320 2767 441 2837 proprie
464 2768 613 2837 pertinent.
648 2766 697 2825 lib.
716 2774 740 2824 4.
759 2766 795 2823 de
815 2766 925 2823 eucher.
950 2768 1047 2826 eccles.
1066 2786 1090 2826 0.
1111 2775 1150 2825 14.
1169 2769 1281 2825 cuidam
1297 2785 1384 2842 puero
1402 2773 1517 2840 aegroto
1529 2767 1669 2840 apostolos
1680 2765 1785 2823 dixisse

90 2873 112 2912 0.
132 2860 174 2913 23.
192 2870 303 2926 propos.
323 2858 353 2910 3:
381 2852 453 2917 Quia
467 2854 588 2923 patrueli
605 2872 662 2909 non
681 2855 809 2923 indipent
826 2854 925 2910 eucha-
949 2855 1045 2912 rsfsru
1062 2856 1238 2927 Exspectare
1255 2856 1354 2925 habes,
1374 2858 1463 2911 donee
1481 2855 1583 2909 missae
1602 2854 1787 2924 celebrentur,

61 2990 63 2994 .
89 2942 172 2997 rs⁰stia
200 2941 374 3010 messario,
409 2957 459 2995 nec
489 2941 550 2995 sine
577 2941 763 2996 insumentis
791 2941 832 2995 eis
857 2941 927 2996 dari
951 2960 985 2996 ac
1009 2942 1113 2997 mauce
1134 2942 1281 2998 Dominiei
1303 2943 1431 3014 corporis
1454 2949 1481 2997 et
1504 2941 1651 3013 :supanis
1672 2947 1787 3011 accepto

86 3035 196 3101 posset,
219 3029 285 3083 ideo
304 3045 359 3082 noa
378 3029 465 3081 datur
482 3028 523 3081 eis
543 3043 631 3098 neque
650 3045 669 3081 a
689 3027 854 3092 Catholicis,
878 3043 925 3081 ne·
950 3029 993 3083 sic
1012 3028 1176 3098 infirmitate
1193 3029 1277 3084 amul
1295 3047 1330 3083 aa
1345 3036 1435 3084 morte
1450 3018 1597 3083 absolutus
1613 3029 1655 3081 ad
1672 3035 1788 3083 misma
1887 3032 1891 3041 '

91 3133 142 3188 pus
169 3115 205 3169 ab
230 3114 387 3170 haerebas
422 3113 568 3180 Quomodo
589 3113 677 3185 igitur
700 3129 733 3167 ex
751 3113 809 3168 ritu
824 3113 925 3169 vetem
951 3117 981 3170 in
1009 3118 1096 3172 coelis
1123 3117 1234 3186 paedia
1260 3116 1425 3172 adleuaris.
1461 3120 1487 3172 2.
1511 3114 1698 3170 Bellarminns
1726 3113 1787 3186 ipse

91 3200 233 3267 0001001ιο,
253 3217 336 3274 quem
352 3201 479 3257 Romana
497 3199 614 3256 ecclesia
632 3199 786 3272 abrogavit,
805 3216 925 3255 eommu—
951 3203 1045 3273 addit,
1073 3210 1104 3257 ut
1120 3203 1278 3273 plurimum
1301 3203 1352 3255 sub
1376 3219 1434 3255 una
1450 3202 1544 3271 speeie
1562 3209 1693 3271 asarotos
1713 3218 1785 3255 aom-

91 3290 201 3346 nionem
220 3287 273 3343 sub
290 3305 347 3343 una
364 3287 458 3360 specie
475 3286 661 3344 Bellarminus
678 3287 821 3343 Romam
838 3286 926 3342 eccle·
951 3291 1117 3358 muns'casse,
1136 3288 1191 3343 suit
1212 3303 1279 3360 ergo
1298 3288 1368 3342 ritus
1386 3287 1570 3359 particularis,
1590 3286 1638 3360 qui
1657 3304 1713 3343 non
1724 3291 1785 3358 pot·

91 3375 149 3432 siae
167 3374 317 3431 cardinalis
333 3374 453 3446 probare
472 3372 592 3445 poterit?
631 3379 656 3431 4.
672 3373 785 3428 Falsum
804 3379 860 3444 est,
885 3374 925 3427 in-
952 3383 995 3433 est
1007 3392 1067 3432 nec
1093 3374 1178 3431 debet
1201 3373 1350 3429 universali
1368 3373 1502 3430 ecclesiae
1521 3369 1715 3429 consuetudini
1732 3369 1791 3427 suh'

89 3461 215 3520 lantibus
232 3461 322 3518 solum
341 3461 472 3533 poculum
493 3475 602 3532 semper
620 3459 705 3516 fnisse
723 3460 832 3526 datum,
859 3459 926 3532 quia
951 3468 1070 3535 unaque
1093 3461 1185 3532 specie
1212 3458 1434 3516 communicandi
1456 3459 1568 3532 opponi.
1604 3464 1629 3517 3.
1647 3456 1785 3514 Eusebius

89 3547 247 3622 Cyprianus
279 3565 359 3606 serm.
386 3548 421 3603 de
448 3546 533 3618 lapsis
560 3553 588 3603 st
614 3563 647 3602 ex
673 3545 722 3601 illo
749 3547 926 3619 Angnsb'nus
951 3547 998 3607 lib.
1018 3554 1042 3604 6.
1067 3547 1131 3603 hist
1151 3563 1174 3602 c.
1193 3550 1234 3603 33.
1263 3562 1298 3601 ex
1320 3544 1438 3617 epistola
1455 3544 1587 3618 Dionysii
1601 3540 1786 3601 Alexandrini

89 3636 168 3709 epist
189 3640 232 3692 23.
256 3635 294 3691 ad
312 3633 403 3690 Bonii.
430 3641 495 3689 tom.
519 3639 545 3691 2.
573 3651 601 3705 p.
623 3639 661 3689 18.
689 3633 718 3687 in
741 3649 860 3705 persona
883 3633 924 3688 in·
951 3635 1036 3691 reiert
1059 3633 1185 3706 quidem,
1211 3633 1405 3705 presbyterum
1425 3633 1536 3687 &aare
1550 3648 1642 3704 puero
1655 3628 1785 3701 particu-

88 3722 198 3779 iantum
218 3721 258 3778 sio
277 3723 441 3795 loquuntur:
471 3722 533 3776 Nos
557 3720 631 3774 nshil
647 3721 780 3786 fecimus,
806 3737 857 3775 nec
878 3722 925 3774 de·
951 3722 1009 3776 lam
1032 3720 1219 3775 eucharistiae
1240 3719 1394 3790 Serapioni
1414 3719 1477 3774 seni
1502 3726 1618 3790 aeproto
1640 3719 1786 3790 perferen·

89 3810 189 3865 relicto
207 3810 268 3864 cibo
285 3817 312 3863 et
326 3808 433 3880 pocrslo
453 3808 572 3863 Domini
590 3808 633 3861 ad
652 3807 781 3877 profana
798 3807 925 3862 conuiuia
951 3811 1028 3874 ciam
1047 3807 1097 3864 sed
1111 3807 1207 3862 statim
1226 3805 1313 3876 addit,
1327 3814 1511 3878 praeceptum
1524 3822 1617 3877 puero
1634 3805 1737 3874 fuisse,
1754 3808 1790 3857 ut

90 3905 189 3967 ponte
207 3895 434 3967 properavimus.
470 3893 548 3949 Idem
567 3892 742 3965 Augustinus
766 3892 845 3964 epist.
867 3898 924 3949 tot.
950 3898 1013 3951 eam
1039 3896 1233 3961 madefactam
1256 3895 1286 3948 in
1309 3912 1340 3949 os
1357 3894 1432 3949 :enh
1449 3893 1627 3961 infunderet,
1652 3891 1728 3965 quod
1745 3890 1785 3947 in·

92 3983 128 4038 ad
145 3981 233 4040 Vital
256 3980 416 4054 Carthagin.
435 3999 463 4052 p.
482 3986 523 4037 st.
543 3980 579 4035 de
598 3979 752 4035 infantibus
763 3980 803 4035 sio
816 3979 925 4035 scribit:
950 3982 1087 4054 telligitur
1110 3998 1143 4038 ex
1166 3979 1318 4036 canonibus
1337 3980 1446 4037 concssii
1465 3979 1634 4036 'lirrononsis
1654 3978 1712 4033 sire
1729 3976 1785 4032 'lu-

91 4068 147 4125 tut
159 4070 187 4123 si
203 4069 233 4123 in
246 4086 341 4138 parua
360 4076 452 4123 aetate
472 4068 645 4137 mmiuntur,
664 4068 758 4137 utique
775 4069 925 4122 secumdum
950 4069 1038 4126 ronici
1063 4068 1139 4141 apud
1158 4066 1272 4123 Isonem
1292 4072 1321 4123 et
1337 4066 1546 4135 Burchardnm,
1573 4064 1623 4121 ubi
1648 4063 1786 4139 praeeipi-

92 4173 134 4224 ea,
153 4171 226 4227 pisae
240 4173 295 4226 per
315 4173 418 4226 corpus
438 4161 581 4225 peccarunt
600 4158 652 4210 etc.
676 4154 790 4224 mansio
812 4169 925 4207 carnem
951 4160 1010 4226 tur,
1037 4163 1068 4209 ut
1086 4155 1273 4223 eucharistia,
1299 4170 1370 4223 puae
1387 4153 1418 4207 in
1435 4152 1567 4207 uiaticum
1584 4169 1617 4206 eu
1634 4152 1693 4206 uita
1712 4167 1786 4207 eacs·

93 4243 201 4299 Christi
235 4243 474 4296 manducaverunt
510 4241 555 4296 uel
588 4258 645 4294 non
678 4240 925 4310 manducares-unt,
953 4244 1079 4298 dentium
1097 4249 1270 4311 reservatur,
1299 4239 1419 4294 intincta
1442 4240 1479 4293 sit
1497 4239 1527 4293 in
1545 4239 1709 4310 sanquinem
1726 4240 1787 4293 Do·

91 4330 206 4399 quando
225 4336 251 4383 et
269 4329 435 4399 sanpuinem
455 4327 581 4382 hiberum
598 4327 643 4381 uel
659 4344 716 4381 non
734 4327 866 4392 biberunt,
883 4345 925 4382 se·
953 4330 1036 4400 mini,
1059 4337 1089 4383 ut
1105 4328 1241 4383 amanter
1258 4327 1407 4398 presbyter
1428 4327 1523 4380 dicere
1537 4327 1644 4396 possit:
1678 4326 1804 4396 eorpus

92 4418 213 4470 auidum
231 4415 301 4469 haec
318 4432 399 4486 erpo,
422 4431 495 4484 quae
509 4431 566 4486 per
583 4395 863 4485 corpus⁶90sserunt,
876 4414 925 4484 ju·
952 4425 978 4471 et
1001 4416 1118 4485 sanpuis
1145 4413 1265 4470 Domini
1288 4412 1380 4467 nonni
1399 4413 1472 4466 Jesu
1495 4412 1602 4467 Glsrsirti
1620 4412 1716 4483 prosit
1735 4407 1789 4465 tibi

92 4505 233 4557 04000000.
268 4499 306 4555 Et
322 4500 375 4556 hoo
392 4518 425 4556 ex
441 4500 601 4573 Augustino
619 4506 677 4555 tam
691 4500 876 4565 manifestum,
895 4504 927 4554 ut
951 4505 982 4558 in
999 4505 1084 4558 uitam
1103 4509 1254 4570 aeternam,
1272 4499 1347 4556 unde
1366 4498 1540 4570 intelligitur,
1563 4504 1708 4570 utramque
1725 4513 1787 4570 spe-
1813 4574 1814 4579 η

91 4587 150 4661 ipse
177 4588 261 4644 etiam
287 4587 370 4642 index
394 4603 508 4658 operum
529 4586 650 4660 August.
670 4588 737 4646 edit.
756 4587 846 4642 Paris.
873 4587 925 4642 sub
952 4590 1022 4646 siem
1040 4589 1196 4660 judicatam
1219 4584 1305 4642 fuisse
1326 4585 1520 4643 necessariam.
1556 4592 1581 4642 4.
1597 4585 1731 4640 Paulinus
1756 4583 1786 4638 in
1829 4572 1833 4585 ’
1867 4593 1872 4602 ’

91 4675 130 4732 lit
150 4675 182 4730 E.
204 4680 291 4747 ponat
308 4673 380 4728 hanc
399 4675 631 4745 propositionem:
662 4675 848 4729 Eucharistio
874 4676 925 4728 do·
951 4677 1010 4732 vita
1027 4674 1169 4731 Ambrosii
1188 4672 1298 4744 scribit,
1317 4689 1392 4738 eum,
1411 4688 1530 4744 corpore
1550 4671 1671 4728 Domini
1685 4678 1785 4740 sumto,

92 4764 175 4817 batur
194 4762 263 4816 olim
277 4761 409 4832 paruulis
427 4763 478 4815 sub
495 4770 613 4832 utraque
631 4762 735 4833 specie,
759 4768 787 4816 et
804 4759 927 4817 remittat
951 4763 1000 4817 ubi
1016 4763 1093 4817 :llud
1109 4760 1310 4829 deplutioerat,
1337 4759 1467 4815 continuo
1493 4759 1616 4814 animam
1640 4761 1705 4813 Deo
1722 4750 1787 4831 red-
1842 4769 1844 4774 ’

90 4849 221 4906 lectorem
247 4848 284 4902 ad
313 4845 361 4904 lib.
388 4855 413 4905 5.
439 4846 605 4918 hypognost.
633 4856 700 4907 tom.
724 4853 750 4905 8.
776 4863 840 4920 pag.
866 4853 925 4904 233.
953 4850 1081 4918 didisse;
1108 4848 1157 4904 sed
1183 4865 1216 4903 ex
1233 4844 1368 4918 peculiari
1387 4844 1435 4901 illo
1454 4846 1549 4902 mortis
1567 4841 1787 4917 supervenientis

91 4933 245 5007 Gregorius
268 4933 438 4990 Turonensis
462 4931 533 4986 libro
560 4933 589 4986 in
609 4934 725 5006 gloriam
744 4932 926 5006 plurimorum
952 4953 1031 5005 omn,
1061 4951 1116 5006 quo
1138 4949 1205 4989 usus
1229 4931 1324 4988 calicis
1348 4947 1383 4987 ex
1401 4931 1540 4988 accidenti
1557 4929 1611 4986 fuit
1627 4928 1786 5003 impeditus,

90 5026 245 5094 martyrum
265 5038 288 5077 a.
309 5027 343 5078 t:
376 5018 487 5075 Judaei
511 5018 657 5087 eujusdam
681 5021 810 5076 uitriarii
832 5021 925 5089 filius,
952 5041 1008 5078 non
1025 5026 1118 5094 potest
1135 5019 1238 5092 colligi,
1256 5024 1385 5091 aegrotos
1401 5018 1522 5091 reliquos
1543 5015 1596 5072 sub
1609 5023 1786 5073 unatantum

91 5127 152 5163 arm
178 5110 252 5163 inter
274 5107 452 5162 Christianos
471 5121 577 5175 pueros
601 5108 642 5159 aa
663 5109 759 5162 stadia
778 5108 926 5163 literarum
952 5109 1044 5180 speeie
1058 5106 1287 5163 'communicasse
1322 5103 1431 5160 Erasmi
1447 5101 1585 5176 judicium
1603 5102 1638 5159 de
1656 5101 1704 5158 illo
1719 5102 1792 5159 scri·¹

92 5205 279 5264 mercaretur,
298 5197 424 5266 quadam
443 5194 499 5262 elie,
521 5193 588 5245 cium
606 5192 754 5249 missarum
765 5198 847 5265 festa
865 5213 926 5250 cum
953 5203 1031 5268 ptore
1050 5195 1124 5250 sitae
1142 5191 1282 5248 Ambrosii
1306 5191 1359 5247 sub
1381 5190 1464 5246 titulo
1483 5187 1593 5245 Pauun
1616 5197 1712 5246 notum
1730 5194 1786 5245 est:

91 5282 159 5340 aliis
198 5283 359 5349 infantibus
390 5282 419 5334 in
451 5278 570 5333 basilica
601 5276 719 5332 Mariae
752 5283 925 5337 odebraren·
956 5283 1011 5347 Qui
1026 5283 1077 5337 ille
1096 5281 1170 5335 idem
1190 5280 1298 5349 artises
1315 5288 1357 5333 est
1374 5277 1425 5347 (ait
1443 5277 1473 5332 in
1488 5275 1606 5348 praefat
1624 5275 1786 5345 Ambrosii),

91 5379 145 5440 tur,
166 5371 208 5423 ad
222 5367 471 5438 participationem
488 5364 611 5437 ploriosi
627 5366 756 5433 comari:
774 5377 799 5422 et
812 5370 925 5438 saapui·
953 5370 1003 5441 qui
1026 5377 1083 5424 tam
1106 5368 1195 5422 multa
1224 5364 1424 5421 contaminarit
1450 5362 1480 5416 in
1506 5360 1621 5434 scriptis
1648 5359 1793 5443 Hieronuf'

91 5458 136 5510 nis
155 5455 306 5512 Dominici
327 5471 389 5508 cum
413 5454 481 5507 aliis
501 5448 659 5518 infantibus
679 5447 779 5515 infans
795 5452 928 5511 Judaeus
952 5455 1055 5513 miani:
1084 5462 1167 5509 natus
1196 5454 1227 5507 in
1254 5452 1328 5507 huna
1357 5450 1461 5505 ludum.
1504 5455 1528 5507 5.
1547 5448 1578 5508 si
1597 5446 1786 5530 Amphilochi

10 5541 79 5601 tros
93 5542 219 5598 occant
256 5547 280 5598 t.
302 5539 585 5597 Communicstionom
603 5535 742 5592 infantum
764 5549 821 5595 non
839 5538 926 5598 tuisse
952 5541 1046 5601 libello
1063 5540 1133 5599 tides
1141 5538 1278 5610 habenda,
1297 5534 1419 5593 Basilius
1437 5551 1471 5593 sa
1488 5535 1567 5609 hors,
1586 5551 1643 5609 qna
1658 5533 1793 5609 enecuit
