4004 6022
851 307 902 363 on
922 308 1115 367 sconsam.
1256 300 1259 307 ·
1772 318 1840 383 (25,

133 483 198 520 cum
214 461 285 519 illud
304 462 414 517 demum
432 463 646 535 agnoscendum,
668 464 742 535 qnod
764 463 926 535 simpliciter
943 468 972 518 et
983 458 987 562 ἱ
999 465 1073 535 quod
1101 470 1213 521 teneant
1231 466 1271 532 id,
1300 465 1374 538 qnod
1393 483 1410 520 a
1429 467 1556 538 pluribus
1576 468 1696 523 omnium
1712 468 1835 524 locorum

133 551 262 608 absolute
291 548 430 620 loquendo
459 549 495 603 ab
520 549 648 606 omnibus
672 550 794 605 omnium
817 556 971 621 temporum
984 593 985 596 η
999 557 1027 606 et
1050 557 1205 624 temporum
1228 552 1385 607 bominibus
1403 553 1487 608 fucrit
1504 554 1651 624 creditum,
1675 572 1778 627 ergone
1794 554 1835 611 illi

134 642 163 694 et
181 637 306 692 locorum
323 635 480 690 hominibus
499 643 624 701 tenetur,
645 644 704 692 tum
721 638 791 691 nihil
810 637 861 693 erit
878 637 972 692 catho·
984 608 986 681 ξ
1000 637 1110 691 dicendi
1134 638 1253 693 fuisscnt
1275 637 1432 694 Catholici?
1471 646 1494 695 3.
1517 640 1557 693 Ex
1579 658 1633 711 qno
1654 641 1835 713 liquidissime

133 724 231 791 licum,
259 722 326 794 qnia
345 739 400 777 non
418 727 510 793 potest
528 723 644 777 inveniri
662 724 727 778 talis
745 723 867 777 omnium
885 684 1128 795 homi-*apparea
1155 723 1295 780 Vincentii
1320 724 1477 779 Lerinensis
1498 725 1687 782 definitionem
1704 744 1763 782 esse
1781 727 1834 784 hoc

133 828 202 864 num
227 809 256 863 in
281 825 339 862 una
365 808 458 879 aliqua
481 809 616 880 religione
640 825 799 864 consensus.
836 809 973 881 Agnoscit
998 811 1081 865 modo
1100 810 1318 883 intelligendam.
1357 811 1530 866 Catiiolicam
1550 821 1601 883 est,
1626 816 1703 883 qnod
1718 833 1834 885 sonrpsr,

134 896 186 951 hoc
212 895 271 966 ipse
289 895 488 959 Bellarminus,
516 895 581 950 ideo
598 895 682 951 hasce
701 896 907 952 observationes
924 896 972 950 ad·
984 882 987 902 '
1000 900 1076 966 quod
1090 898 1197 967 ubique,
1216 900 1294 967 qaod
1312 899 1347 950 ah
1368 899 1494 952 omnihus
1508 907 1625 964 tenetur,
1644 900 1749 955 scilicet
1761 906 1835 957 recte

134 983 191 1050 dit,
210 990 240 1035 ut
258 983 376 1036 ecclesia
394 984 432 1035 sit
450 983 599 1050 catholica,
618 1001 674 1037 noa
692 984 815 1053 requiri,
839 992 869 1036 nt
887 984 923 1036 ait
942 983 972 1036 in
999 983 1195 1051 sentientibus,
1219 984 1390 1055 Scriptorum
1416 984 1596 1056 sequentibus
1621 991 1648 1040 et
1668 1002 1749 1043 verae
1769 985 1834 1042 finci

134 1069 261 1125 omnihus
279 1069 436 1122 hominihus
453 1069 537 1122 totius
556 1071 667 1133 man-di,
686 1072 739 1123 scd
758 1077 865 1123 tantam
882 1078 912 1122 al
931 1069 1221 1126 ira-adhaerentibus.
1263 1070 1291 1125 si
1315 1088 1348 1125 ex
1375 1071 1434 1125 sola
1460 1077 1488 1125 et
1510 1073 1584 1125 nuda
1604 1071 1745 1126 hominnm
1765 1070 1835 1127 mni-

136 1165 260 1211 aotsscat
277 1156 403 1209 omnibns
417 1156 575 1224 provinciis
593 1163 619 1208 ct
631 1156 658 1208 ia
672 1156 796 1209 omnihus
806 1157 972 1224 fructificet,
984 1170 987 1177 ·
1000 1156 1119 1210 titudine
1144 1156 1261 1211 ecclesia
1282 1156 1419 1210 catholica
1438 1164 1510 1212 esset
1529 1158 1715 1227 aestimanda,
1740 1175 1834 1216 conse·

135 1243 177 1297 ita
196 1250 226 1296 at
245 1243 275 1295 ia
292 1243 418 1294 omnibus
431 1242 588 1311 provinciis
608 1243 701 1311 aliqui
717 1243 774 1295 sint
792 1245 828 1296 cic
848 1243 972 1296 ecclesia.
984 1180 988 1285 D
1000 1258 1087 1313 quens
1107 1241 1191 1311 foret,
1213 1259 1273 1296 eam
1293 1259 1347 1295 non
1368 1259 1476 1313 sempor
1494 1259 1553 1296 esse
1571 1243 1746 1314 catholicam,
1770 1244 1835 1316 quia

135 1329 220 1396 Item,
246 1346 301 1382 non
330 1328 452 1396 requiri,
475 1335 505 1381 ut
530 1328 581 1381 ltoc
605 1329 656 1390 fiat
679 1328 777 1395 simul,
811 1329 851 1381 ila
871 1336 899 1381 at
917 1328 1036 1391 ano‚ad
1054 1328 1195 1399 ingentem
1213 1329 1550 1403 paucitatem-aliqnando
1571 1330 1749 1384 contrahitur.
1779 1330 1835 1387 Sed

135 1424 260 1484 tempore
277 1414 306 1466 in
326 1413 452 1466 omnibus
466 1414 622 1482 provinciis
642 1415 800 1467 necessario
820 1431 878 1467 esse
891 1432 971 1483 opor·
984 1395 987 1433 ¹
1000 1414 1117 1469 ccclesia
1145 1431 1253 1485 semper
1277 1422 1319 1468 est
1343 1422 1371 1468 ct
1395 1423 1488 1469 manet
1512 1416 1647 1470 catholica
1671 1417 1753 1471 etiam
1775 1421 1834 1472 tum

136 1509 194 1556 teat
217 1501 330 1570 aliquos
345 1501 458 1569 fideles,
481 1502 552 1554 sotis·
572 1502 644 1554 caim
662 1518 733 1568 csso,
757 1501 784 1553 ci
794 1502 850 1570 fiat
869 1518 973 1554 succes·
985 1482 987 1599 ἱ
999 1501 1147 1570 temporis,
1166 1501 1278 1571 quando
1296 1501 1473 1556 multitudine
1491 1502 1700 1557 adhaerentium
1719 1519 1735 1557 a
1754 1518 1834 1575 syna·

136 1589 202 1642 rica
232 1589 278 1641 Ea
297 1604 351 1656 qao
369 1587 402 1638 id
419 1587 544 1656 coquitur
561 1585 681 1657 (inquit),
700 1588 777 1656 qaod
794 1587 821 1639 si
838 1605 896 1639 aaa
910 1587 972 1638 cola
985 1624 987 1629 >
1000 1603 1074 1658 goga
1098 1587 1218 1642 Satanae
1244 1593 1398 1657 superatur.
1435 1587 1538 1641 Mansit
1552 1580 1695 1643 ¹catholica
1712 1596 1835 1661 tempore

132 1674 284 1744 prouincia
302 1673 435 1727 retineret
454 1689 547 1725 veram
562 1671 867 1743 fidcmlnotaoptime)‚
880 1634 1176 1744 acNacicataclysmi,
1219 1689 1282 1727 cum
1320 1679 1413 1729 tamen
1447 1674 1647 1744 propemodum
1683 1676 1835 1746 parictibus

137 1776 200 1815 aare
220 1767 245 1812 et
260 1758 381 1829 proprie
400 1758 540 1811 diceretur
558 1759 879 1823 catholicaaummodo
894 1758 973 1811 clare
999 1760 1125 1830 privatae
1144 1759 1241 1813 domus
1259 1759 1350 1814 Noahi
1370 1760 1560 1830 clauderetur,
1580 1762 1681 1817 mansit
1699 1763 1836 1819 catholica

137 1848 344 1914 ostenderetur,
371 1862 432 1899 eam
455 1861 514 1898 eoae
538 1862 621 1897 sinam
645 1852 671 1898 ct
693 1847 810 1899 candem
831 1862 893 1897 cam
911 1799 1052 1944 ma'in
1072 1845 1252 1916 patriarchis,
1281 1863 1344 1899 cnm
1361 1846 1518 1901 idololatria
1535 1846 1646 1919 gentilis
1666 1847 1750 1919 longe
1766 1848 1834 1904 late·

136 1949 209 2002 qaae
219 1933 284 2000 suit
301 1932 397 2000 aliquo
416 1938 538 1999 tempore
558 1931 602 1984 cel
616 1931 736 1985 diuersis
750 1932 778 1984 iu
793 1938 849 1984 toto
862 1932 973 1984 mundo.
985 1950 987 2038 q
1001 1948 1054 2002 que
1073 1937 1260 2004 grassaretur3
1280 1933 1381 1986 mansit
1399 1924 1548 2002 catholica,
1567 1950 1629 1987 cnm
1648 1934 1719 1988 intra
1738 1935 1834 1990 Palae·

137 2018 215 2074 Hacc
229 2017 422 2081 Ballarminus,
443 2032 514 2087 qnae
533 2016 679 2071 manifeste
694 2016 850 2080 ostendunt,
871 2018 1091 2115 nequa-,otinas
1129 2017 1198 2072 fines
1237 2021 1440 2086 coarctaretnr;
1475 2019 1576 2073 mansit
1615 2019 1751 2076 catholica
1783 2021 1834 2077 snb

137 2121 222 2176 qnam
241 2103 344 2174 requiri
363 2103 399 2156 ad
419 2102 552 2157 ecclesiae
570 2102 804 2168 catholicismum,
825 2107 857 2156 ut
876 2101 973 2172 quovis
1001 2103 1075 2162 Elia.
1107 2104 1154 2174 qui
1183 2104 1417 2175 conquerebatur,
1446 2121 1475 2159 se
1504 2106 1592 2158 solum
1619 2123 1679 2161 esse
1707 2127 1739 2162 ox
1766 2107 1836 2163 reris

126 2192 166 2260 *in
186 2191 247 2245 loco
266 2187 326 2260 ipso
345 2194 410 2243 actu
427 2188 597 2256 inveniatur,
620 2194 703 2259 atque
721 2193 753 2242 ut
771 2205 865 2242 omncs
885 2187 970 2241 natio·
1001 2188 1054 2243 Dei
1079 2189 1232 2243 cultoribus
1259 2190 1385 2243 relictum
1403 2191 1594 2262 superstitem
1625 2193 1723 2247 mansit
1744 2193 1836 2248 catho·

137 2292 186 2331 nes
215 2281 243 2330 et
264 2275 422 2346 provinciae
448 2273 528 2328 simul
554 2280 582 2329 et
605 2291 660 2328 uno
687 2280 809 2343 tempore
833 2273 873 2327 issi
895 2289 972 2327 accc·
1000 2276 1054 2329 lica
1072 2281 1194 2345 tempore
1211 2275 1392 2345 antichristi,
1412 2276 1460 2330 ubi
1481 2276 1575 2331 fideles
1595 2284 1673 2331 erant
1688 2279 1835 2334 admodum

137 2362 219 2431 dant,
258 2359 307 2416 sed
334 2362 481 2415 eccleciam
512 2361 694 2414 ailalomiaaa
722 2377 780 2413 essa
806 2368 831 2413 et
862 2376 973 2412 monere
1001 2363 1069 2430 rari,
1102 2362 1203 2416 mansit
1230 2362 1368 2417 catholica
1391 2368 1515 2434 tompore
1540 2364 1732 2419 invalescentis
1756 2365 1835 2420 Aris-

137 2448 320 2514 catiolicam,
345 2450 372 2500 si
395 2448 439 2501 cel
459 2465 516 2500 una
529 2447 680 2515 provincia
698 2462 793 2499 arram
813 2453 838 2498 ct
857 2444 972 2498 catholi·
1001 2448 1095 2515 nismi,
1124 2448 1234 2518 qnando
1259 2449 1338 2515 longe
1365 2449 1458 2519 plnres
1484 2448 1637 2518 ῠμοούσιοι·
1653 2449 1837 2520 repudiabant

138 2554 200 2590 corn
224 2536 313 2604 fidam
343 2533 475 2596 retincat,
510 2532 583 2603 qnod
615 2531 705 2600 ipsum
735 2531 861 2601 agnoscit
891 2530 973 2585 etiarn
1002 2551 1084 2604 qnam
1114 2534 1305 2604 acceptabant.
1356 2534 1464 2588 Dicitur
1493 2552 1558 2606 crgo
1586 2534 1735 2599 catholica,
1771 2537 1838 2608 quia

139 2621 241 2691 Georg.
263 2618 412 2676 Schererus
430 2619 460 2671 in
485 2618 551 2688 cpit.
576 2616 678 2688 postill.
705 2617 739 2671 de
762 2623 846 2687 temp.
867 2634 895 2687 p.
918 2622 974 2672 175.
1002 2619 1127 2675 doctrina
1150 2625 1178 2675 et
1203 2619 1286 2689 fides,
1319 2637 1402 2692 quam
1429 2621 1605 2692 amplectitur
1627 2637 1659 2674 ac
1683 2620 1836 2691 profitetur,

139 2706 173 2761 ld
196 2722 262 2760 vero
285 2704 372 2776 probe
395 2709 490 2759 notare
512 2703 657 2774 jubemus,
684 2720 717 2757 ex
740 2718 773 2757 eo
797 2702 869 2757 enim
888 2702 973 2756 mani·
1001 2713 1043 2761 est
1068 2705 1217 2774 catholica,
1241 2705 1345 2777 qnippe
1368 2705 1491 2761 unanimi
1510 2707 1709 2778 prophetarum
1727 2713 1754 2762 et
1770 2724 1835 2778 apo·

139 2793 240 2849 fastum
264 2798 317 2855 est,
343 2791 554 2862 amplitudinem
578 2789 655 2844 illam
680 2807 735 2844 non
758 2789 790 2844 et
808 2790 929 2844 locorum
947 2795 975 2844 et
1002 2793 1134 2849 stolorum
1166 2809 1302 2847 consensu
1332 2792 1524 2863 comprobata,
1557 2793 1715 2864 quicunque
1742 2801 1837 2850 coetus

138 2878 341 2950 provinciarum
369 2894 497 2946 numero,
524 2877 573 2931 sed
601 2891 634 2930 ex
659 2875 714 2932 lide
739 2875 877 2930 catholica
894 2877 974 2932 aesti-
1003 2897 1167 2934 consensum
1194 2878 1271 2932 illum
1296 2884 1403 2948 tuetur,
1433 2884 1474 2933 est
1497 2895 1561 2933 vere
1588 2878 1748 2934 catholicus.
1792 2879 1837 2935 In·

139 2965 269 3019 mandam
296 2979 364 3020 esse.
404 2962 483 3019 Vidit
509 2962 561 3016 hoc
584 2962 725 3030 Becanus,
751 2962 813 3016 ideo
837 2967 916 3016 tract.
940 2963 975 3017 de
1001 2967 1082 3021 terim
1106 2983 1160 3020 non
1186 2982 1321 3040 negamus
1348 2964 1495 3019 discrimen
1513 2965 1584 3019 illud
1603 2965 1675 3020 inter
1692 2966 1837 3022 ecclesiam

140 3050 258 3108 ecclesia
284 3057 390 3122 quaest.
417 3056 438 3105 l.
466 3049 552 3104 concl.
579 3055 602 3104 4.
629 3064 693 3119 pag.
722 3053 761 3102 59·
808 3047 1034 3163 Bellflrminqu.
1061 3058 1089 3107 et
1116 3051 1149 3108 N.
1175 3052 1208 3107 T.
1238 3052 1312 3124 quod
1336 3052 1372 3106 ad
1397 3051 1473 3105 illam
1499 3051 1683 3122 pertinuerint
1700 3052 1838 3109 ordinarie

140 3144 235 3210 aperte
261 3136 425 3192 contradicit
454 3134 593 3190 scnbenst
624 3136 774 3203 Utrumque
795 3135 974 3204 praedictum
1002 3139 1158 3207 lsrailitae,
1184 3137 1282 3192 ceteris
1310 3137 1441 3209 gentibus
1468 3154 1485 3191 a
1511 3136 1656 3207 republica
1681 3137 1791 3193 lsraiilis
1808 3147 1837 3196 et

140 3226 168 3278 in
200 3224 369 3294 scriptoris,
398 3238 494 3291 nempe
520 3221 664 3275 ecclesiam
689 3219 796 3274 Christi
822 3228 847 3273 ct
872 3221 974 3290 diffaa·
1002 3223 1174 3281 testamentis
1187 3223 1398 3294 promissionum
1411 3222 1584 3291 abalienatis,
1601 3230 1710 3293 praeter
1724 3240 1836 3296 paucos,

31 3319 60 3362 {1-
76 3314 125 3360 m
140 3313 264 3366 dandam
281 3312 312 3363 iu
329 3316 383 3364 toto
402 3309 476 3375 orbe,
495 3315 520 3362 ot
532 3315 671 3377 perpetuo
689 3323 851 3360 mansarum
870 3308 900 3360 ia
918 3314 975 3362 toto
1002 3313 1049 3382 qui
1076 3327 1139 3365 cnm
1164 3308 1266 3380 populo
1291 3308 1445 3362 Israiilitico
1468 3326 1497 3363 se
1516 3308 1740 3380 conjungebant;
1767 3309 1836 3367 haec

141 3400 213 3461 orbe,
233 3414 284 3451 acc
303 3415 427 3466 amquam
441 3396 687 3465 comicinqoadam
701 3396 742 3446 orl
754 3413 838 3448 unam
850 3394 974 3463 aliquam
1002 3414 1067 3453 vero
1088 3396 1147 3450 sine
1171 3395 1328 3449 discrimine
1352 3411 1384 3449 ex
1403 3394 1520 3450 iudaeis
1538 3395 1642 3466 pariter
1660 3396 1837 3467 algentibus

135 3493 247 3556 portem
274 3491 322 3536 ant
351 3483 499 3535 nationem.
543 3481 627 3533 Hanc
648 3497 759 3533 senaim
784 3489 863 3550 urqct
880 3482 975 3549 Auqc-
1002 3483 1155 3556 colligitur,
1182 3488 1209 3537 et
1234 3499 1329 3537 omnes
1348 3481 1469 3536 omnium
1488 3482 1610 3536 locorum
1630 3499 1662 3536 ac
1682 3488 1837 3555 temporum

140 3573 230 3626 atinus
254 3579 350 3624 contra
378 3569 554 3624 Donatistoc.
590 3567 627 3621 Et
650 3585 716 3639 pag.
741 3572 786 3622 73:
825 3569 973 3637 Nunquam
1002 3570 1098 3625 fideles
1123 3569 1331 3639 complectitur,
1359 3569 1387 3622 in
1413 3585 1468 3639 qua
1486 3567 1688 3639 significatione
1708 3589 1762 3625 non
1781 3589 1837 3629 am-

139 3661 268 3719 suturum
294 3665 346 3720 cst,
375 3664 405 3708 ut
429 3655 545 3708 ecclesio
571 3654 610 3707 sit
633 3655 662 3706 in
685 3655 738 3707 lrac
755 3654 799 3706 cel
816 3655 868 3707 illa
882 3662 975 3724 parto,
1002 3657 1074 3728 plius
1091 3655 1211 3709 habetur
1230 3659 1370 3725 respectus
1390 3654 1427 3707 ad
1445 3654 1583 3709 internum
1603 3654 1668 3709 fidei
1689 3662 1717 3711 ct
1738 3658 1837 3713 doctri·

140 3746 192 3798 aed
210 3751 345 3814 perpetuo
374 3759 508 3795 mamare
535 3748 574 3793 erl
601 3740 631 3792 in
655 3748 711 3794 toto
735 3742 799 3794 orbe
824 3758 909 3810 casque
936 3744 976 3794 ad
1002 3759 1055 3797 nae
1081 3739 1315 3808 catholicismnm,
1347 3740 1395 3811 qui
1424 3746 1451 3795 et
1478 3739 1512 3796 V.
1537 3746 1565 3795 et
1589 3741 1622 3796 N.
1648 3742 1681 3796 T.
1705 3744 1837 3802 ccclesiae

139 3834 221 3896 (inem
240 3830 346 3884 mundi.
381 3834 405 3885 2.
422 3826 450 3882 Si
464 3826 629 3880 catholicum
643 3826 712 3880 illud
725 3827 882 3892 dicendum,
901 3829 973 3899 quod
1002 3827 1154 3884 communis
1180 3832 1235 3895 est,
1262 3845 1313 3897 pcr
1339 3844 1421 3897 quem
1447 3834 1564 3897 utraque
1585 3828 1702 3882 ecclesia
1721 3830 1836 3885 ascetis

141 3918 232 3990 plures
252 3915 469 3986 amplectuntur,
491 3913 567 3982 qnod
585 3915 673 3983 maior
691 3930 755 3984 pars
775 3913 915 3967 hominnm
935 3913 973 3967 di·
1000 3914 1201 3969 haereticorum
1222 3920 1249 3969 et
1267 3912 1392 3967 coetibus
1411 3911 1564 3966 infidelium
1582 3912 1769 3984 distinguitur,
1787 3915 1836 3970 sed

140 4003 224 4058 versis
250 4003 316 4056 locis
344 4018 377 4055 ac
398 3999 568 4070 temporibus
590 3999 741 4053 viventium
761 3999 874 4070 probat,
899 3999 974 4054 nulla
1001 4002 1036 4057 ad
1064 4006 1207 4055 extemnm
1235 3999 1357 4054 locorum
1380 4003 1408 4052 et
1429 4003 1584 4068 temporum
1609 3999 1836 4072 catholicismum,

139 4090 236 4161 religio
259 4089 348 4160 magis
373 4088 425 4142 erit
450 4086 584 4141 catholica
604 4103 687 4157 qnam
707 4085 881 4153 Atheismns,
909 4086 973 4157 Epi·
1001 4089 1049 4160 qui
1068 4086 1200 4142 ecclcsiae
1214 4085 1248 4142 N.
1261 4084 1294 4140 Τ.
1307 4084 1435 4155 proprius
1455 4089 1504 4149 est,
1523 4101 1574 4155 per
1593 4102 1675 4156 quem
1695 4086 1731 4141 ab
1750 4085 1836 4144 eccle·

140 4177 306 4242 cureismns,
344 4174 537 4228 Lucianismus
573 4180 600 4227 et
630 4172 770 4226 bominum
802 4172 973 4242 perditorum
1000 4175 1042 4229 sia
1065 4173 1100 4230 V.
1125 4172 1157 4226 T.
1184 4171 1373 4242 distinguitur.
1415 4175 1438 4225 4.
1456 4169 1543 4225 Juxta
1560 4169 1719 4225 Len'neusis
1739 4171 1836 4228 defini·

139 4260 330 4337 gastrolatria,
363 4259 592 4315 catholicissimus
621 4266 702 4313 crunt
731 4259 818 4313 salsae
848 4258 883 4312 de
913 4259 973 4314 Deo
1000 4262 1102 4316 tionem
1135 4258 1266 4329 dogmata
1299 4256 1442 4311 Romanae
1472 4256 1606 4312 ecclesiae
1636 4273 1691 4311 non
1720 4265 1837 4330 possunt

139 4349 296 4422 opiniones,
317 4346 482 4410 idololatria,
502 4346 647 4400 mendacia
666 4353 718 4400 etc.
739 4344 807 4400 haec
826 4345 897 4399 enim
917 4363 972 4400 om·
1000 4347 1056 4402 dici
1080 4344 1230 4414 catholica,
1260 4360 1323 4397 cum
1347 4358 1400 4396 nec
1426 4344 1462 4396 ab
1485 4344 1627 4410 omnihus,
1655 4361 1706 4398 nco
1727 4346 1836 4416 ubique,

139 4437 215 4492 nium
234 4441 369 4490 terrarum
387 4439 415 4488 et
435 4432 576 4487 nationum
598 4431 692 4486 orbem
710 4437 905 4504 pervagantur.
940 4431 972 4486 In
1000 4449 1054 4488 neo
1076 4447 1184 4501 semper
1203 4429 1307 4484 fuerint
1325 4428 1443 4498 credita,
1470 4428 1510 4482 uti
1525 4434 1624 4498 postea
1641 4429 1724 4485 latius
1744 4436 1834 4487 osten·

139 4524 191 4579 hac
218 4539 328 4593 quoque
352 4518 554 4591 significatione
575 4518 787 4573 Muhamctistse
814 4537 863 4589 pro
881 4518 973 4573 catho-
1000 4521 1104 4576 demus.

139 4611 199 4665 licis
233 4626 292 4664 sese
318 4606 460 4662 venditare
489 4611 615 4676 possent,
654 4605 720 4675 quia
746 4605 973 4659 bluhametismns
1038 4610 1092 4660 183.
1133 4609 1157 4659 2.
1193 4601 1328 4656 Producit
1362 4600 1547 4656 Bellarminns
1578 4600 1710 4655 vaticinia
1738 4602 1773 4658 V.
1803 4589 1962 4657 mansur.

139 4695 309 4769 provincius,
338 4694 464 4763 regiones
489 4709 521 4745 ac
544 4708 629 4762 regna
650 4692 804 4745 vastissima
824 4690 851 4744 in
870 4691 973 4747 oriente
1001 4692 1100 4762 quibas
1125 4689 1299 4760 propaqotio
1330 4688 1464 4742 ccclesiae
1490 4689 1520 4740 in
1547 4705 1640 4742 omncs
1665 4698 1759 4756 quates
1784 4653 1970 4786 ρένὲῑὲἒξῗε-

139 4783 292 4853 occupavit.
330 4779 477 4842 liutran,
504 4796 529 4830 v.
553 4782 590 4831 13.
627 4777 695 4831 Luc.
717 4783 761 4846 13,
779 4796 804 4830 v.
825 4783 865 4832 24.
884 4778 974 4849 inquit
1000 4777 1186 4831 rcaivcrsolcm
1204 4775 1343 4844 ecranqelii
1348 4774 1595 4845 praedicationem
1608 4773 1667 4838 fait
1679 4776 1836 4844 praedicta.
1850 4807 1930 4838 omnes

138 4868 277 4926 Christus:
306 4865 468 4920 Contendiic
492 4863 601 4916 intrare
616 4882 669 4933 per
688 4872 835 4932 aspasiam
851 4871 972 4933 portam,
1000 4864 1101 4919 Psalm.
1120 4868 1144 4930 2,
1162 4880 1189 4918 v,
1208 4866 1232 4917 8.
1266 4863 1345 4913 Deua
1368 4861 1457 4913 Pater
1474 4862 1516 4913 ad
1532 4861 1640 4913 Filiam
1658 4878 1736 4914 auam
1756 4854 1961 4947 Chiffissssw

139 4957 206 5028 quia
235 4957 296 5009 lala
324 4961 362 5007 cst
380 4960 468 5022 porta
495 4958 520 5002 ct
538 4949 664 5019 apertiora
682 4952 742 5014 oia,
773 4969 843 5020 qaae
862 4952 973 5004 obducit
1000 4959 1071 5003 stam
1090 4948 1176 5002 elicit:
1207 4947 1328 5000 Postula
1346 4965 1364 4999 a
1384 4963 1441 5016 me,
1468 4954 1494 4999 et
1519 4946 1945 5041 (labolitigationis-{¹1⁰3}st

138 5043 169 5097 ia
198 5043 325 5104 exitium,
356 5046 382 5091 et
409 5036 490 5090 mcclii
514 5043 590 5100 sunt,
629 5036 679 5104 qui
703 5036 900 5102 inqrcdr'antur
919 5055 973 5108 per
999 5037 1147 5089 reditatum
1170 5040 1246 5085 taam
1274 5040 1300 5085 ct
1314 5032 1519 5102 possessionem
1538 5041 1613 5085 luam
1631 5033 1763 5087 terminos
1780 5039 1834 5087 ter·
1912 5032 1917 5043 '

139 5129 233 5191 illam;
256 5133 354 5180 contro
378 5142 441 5177 vcro
467 5130 587 5192 angusta
609 5130 696 5190 porta
717 5129 758 5175 est
775 5130 800 5175 ct
819 5132 900 5177 arcto
918 5104 1058 5193 nimicae.
1076 5118 1178 5174 Psalm.
1200 5123 1242 5183 72,
1260 5136 1286 5172 v.
1306 5123 1329 5174 8.
1364 5120 1409 5171 De
1426 5135 1512 5187 raquo
1526 5118 1632 5171 Christi
1640 5120 1837 5189 praedictum:

138 5233 208 5285 qaae
232 5214 273 5266 ad
293 5212 380 5265 citam
405 5210 481 5263 ducit
507 5216 532 5261 ct
550 5208 641 5277 parmi
660 5216 736 5277 sarrit,
766 5210 815 5278 qui
833 5200 1189 5263 iavom'unt'dominabitur
1214 5222 1232 5256 a
1260 5204 1335 5256 mari
1358 5220 1446 5273 usqae
1469 5205 1510 5256 ad
1535 5221 1611 5256 mare
1635 5212 1661 5257 ct
1681 5222 1700 5257 a
1719 5205 1836 5275 flumine

139 5301 228 5355 illam.
264 5299 339 5369 Ergo
362 5296 385 5350 si
407 5313 439 5350 cx
459 5295 517 5348 sola
541 5293 721 5363 amplitudine
744 5301 771 5347 et
794 5311 907 5350 numero
928 5299 972 5368 ju·
999 5309 1084 5363 acque
1105 5293 1146 5345 ad
1164 5290 1296 5344 terminos
1315 5288 1390 5343 orbis
1408 5296 1554 5343 terrorum.
1594 5289 1678 5345 Hisce
1697 5289 1835 5345 vaticiniis

138 5385 303 5448 dicandum,
320 5382 366 5436 via
385 5382 421 5435 ad
440 5379 580 5435 interitum
599 5379 689 5451 magis
710 5379 862 5450 catholica,
880 5388 908 5436 et
926 5383 973 5455 qui
1000 5379 1121 5435 annectit
1140 5377 1243 5431 dictum
1261 5376 1363 5432 Christi
1381 5376 1447 5431 Luc.
1466 5381 1511 5439 24,
1538 5394 1562 5430 r.
1584 5382 1624 5432 li.
1649 5383 1676 5431 et
1695 5379 1789 5432 Actor.
1812 5382 1834 5440 l,

137 5488 198 5528 eam
233 5469 442 5542 ingrediuntur,
478 5465 566 5537 magis
591 5464 718 5520 catholici
747 5472 827 5520 erunt
854 5467 972 5523 dicendi.
1000 5485 1025 5520 r.
1051 5471 1075 5522 Β.
1096 5464 1144 5519 ubi
1164 5462 1313 5535 praedicit,
1341 5463 1517 5533 euanqcliam
1535 5480 1594 5517 esse
1607 5463 1835 5534 praedicandum

137 5557 245 5630 Pagani
271 5563 393 5627 tempore
420 5553 606 5626 apostolorum
626 5569 689 5609 vere
707 5557 836 5624 poterant
851 5552 1029 5625 gloriari„in
1053 5568 1146 5608 omaro
1170 5558 1266 5621 pentes
1289 5550 1369 5605 initio
1393 5550 1473 5614 facto
1499 5552 1535 5606 ab
1559 5550 1746 5606 Hierusalem.
1782 5547 1858 5645 Ro,
