4004 6022
221 324 279 409 111
815 314 938 377 nocue
955 315 1161 395 1111111111
1179 318 1323 391 smnus

217 490 245 546 p.
264 479 306 541 bt.
324 474 395 531 inter
413 471 550 544 δύσφημα
566 473 612 526 sal
627 468 869 545 μυθολογούμενα
889 471 957 546 ἔργα
980 471 1057 528 Chri·
1087 492 1141 544 quo
1163 491 1278 530 coenam
1306 475 1427 530 Domini
1444 477 1633 547 celebramus,
1656 485 1715 531 tam
1727 479 1832 548 proed
1850 496 1926 535 nunc

220 560 317 635 stianis
341 560 452 632 objecta
473 563 601 616 numerat
623 555 808 633 ἀνθρωπείων
832 561 945 628 σαρκῶν
967 556 1058 633 papir.
1087 560 1165 616 abest
1192 559 1299 614 Christi
1326 578 1441 630 corpus,
1469 580 1553 632 quam
1580 565 1658 619 abest
1676 565 1784 618 coetum
1800 573 1927 621 eterra.

220 645 409 727 Tertullianus
438 646 468 701 in
498 645 606 719 apolog.
640 660 663 699 c.
693 651 717 703 1.
748 662 776 716 p.
800 651 842 703 24.
867 646 934 706 edit.
971 645 1058 704 Com:
1087 653 1150 716 part
1173 652 1197 703 1.
1217 664 1289 719 resp.
1308 647 1345 702 ad
1363 647 1462 720 collaq.
1489 667 1518 721 p.
1538 655 1580 706 15.
1608 652 1692 720 sipna
1711 651 1741 704 in
1759 652 1846 705 terris
1866 653 1926 705 sita

219 735 353 793 Dicimur
369 733 581 788 sceleratissimi
594 735 629 786 de
644 741 821 787 sacramento
836 733 1016 802 infanticidii
1034 742 1059 787 et
1087 748 1147 787 csse
1164 733 1217 797 ait,
1241 750 1289 788 res
1305 742 1398 788 autem
1414 735 1589 807 siqniflcatas
1607 737 1638 790 in
1655 738 1742 793 coelis
1754 738 1879 807 positas,
1898 747 1927 792 et

215 822 324 892 pabulo
358 820 433 875 inde.
489 817 534 886 (in
570 835 641 892 quae
669 818 755 875 verba
784 819 825 874 sic
856 824 1060 875 commentatur
1087 827 1179 873 tamen
1197 820 1315 875 illarum
1332 822 1417 875 stiam
1430 839 1487 876 esse
1500 823 1927 895 uerissimamcanjunctionsm;

192 933 196 942 ·
219 905 319 967 Franc.
348 906 505 977 Zephyrus:
535 905 667 976 Suspicio
687 900 722 960 de
740 913 918 961 sacramento
937 906 1058 971 infanti-
1088 908 1135 974 (an
1153 923 1217 961 vere
1235 905 1289 962 hoc
1303 914 1452 973 asseratur,
1471 909 1555 980 paulo
1566 909 1817 982 posuissemus),
1838 930 1928 983 qnan-

220 993 293 1049 es'dii
320 991 437 1054 invaluit
463 1008 496 1044 aa
527 1008 575 1061 eo,
605 993 682 1061 quod
700 992 730 1045 in
745 990 907 1047 Christiano
928 993 1059 1061 dopmate
1086 993 1186 1046 tumois
1214 1000 1292 1048 tanto
1318 1011 1337 1047 a
1364 994 1443 1048 nobis
1477 995 1629 1053 iratervailo
1652 999 1773 1052 neemia
1799 1017 1853 1055 sua
1881 1001 1927 1054 di-

220 1078 318 1133 habcri
341 1077 509 1133 audiebant:
533 1095 601 1133 caro
627 1094 690 1132 ntea
712 1094 776 1132 aare
796 1085 836 1133 est
854 1077 932 1133 cibare
953 1085 979 1131 ct
996 1095 1060 1130 san·
1086 1086 1171 1143 stent,
1201 1087 1305 1149 quanta
1336 1081 1478 1135 beatorum
1507 1081 1577 1138 silae
1605 1086 1687 1139 sedes
1716 1103 1806 1154 supra
1829 1103 1927 1140 omme

219 1162 283 1233 par's
302 1180 377 1217 meus
395 1179 459 1216 uere
478 1171 518 1218 est
534 1171 626 1233 potus.
657 1163 778 1234 Cumque
796 1171 934 1218 tormenta
956 1164 1063 1219 Christi
1087 1165 1180 1219 coelas
1199 1181 1213 1218 e
1231 1166 1316 1219 terris
1334 1167 1442 1220 absunt.
1478 1166 1926 1228 11011νί11111111111111111111

220 1251 402 1320 tenebrasque
425 1250 495 1304 illas
518 1250 548 1303 in
575 1249 737 1305 memoriam
762 1251 825 1320 ejus
845 1249 1004 1304 Christiani
1019 1267 1060 1304 rc·
1086 1251 1183 1323 Tigur.
1210 1250 1293 1308 inre
1317 1260 1480 1310 sacrament
1500 1270 1573 1311 auno
1597 1261 1673 1312 1549:
1710 1256 1779 1310 Cum
1798 1257 1828 1311 in
1846 1260 1926 1313 coela

219 1343 455 1409 praesentarent,
477 1336 573 1403 faesia
595 1353 765 1406 persuasum
781 1344 821 1391 est
839 1337 986 1392 manualis
1003 1354 1061 1405 my·
1088 1340 1278 1407 quaerendam
1305 1355 1365 1393 esse
1396 1339 1539 1395 Christum
1564 1341 1698 1412 dicimus,
1723 1343 1793 1398 haec
1820 1344 1926 1399 lemelia

221 1423 337 1483 sterium
360 1423 449 1495 panis
472 1441 527 1477 non
547 1423 782 1493 inteiliqsntibus,
804 1431 835 1476 ut
853 1424 894 1476 ibi
911 1439 940 1477 se
956 1423 1062 1488 scrinis
1087 1423 1213 1477 locorum
1231 1424 1398 1478 distantiam
1417 1426 1497 1480 nobis
1515 1434 1597 1481 sonat
1615 1435 1641 1480 et
1654 1428 1791 1496 exprimit.
1814 1431 1926 1485 Tamet-

222 1510 323 1567 ritibus
346 1509 593 1579 contaminarent.)
636 1509 740 1567 Notum
765 1515 807 1564 est
829 1507 978 1565 Averrhoie
997 1524 1060 1564 con·
1087 1509 1114 1562 si
1138 1509 1210 1563 enim
1229 1509 1425 1580 philosophice
1443 1512 1582 1583 loquendo
1609 1531 1698 1582 snpra
1727 1514 1820 1570 coelos
1845 1516 1926 1570 locus

222 1596 340 1664 vicium,
365 1613 395 1652 se
420 1597 634 1668 perambulasse
660 1595 755 1650 orbem
771 1603 926 1664 terrarum,
950 1612 1001 1650 nec
1018 1596 1060 1650 in·
1087 1612 1143 1648 non
1172 1603 1224 1664 est,
1255 1597 1324 1666 quia
1353 1603 1445 1650 tamen
1474 1615 1577 1669 corpses
1603 1597 1725 1666 Christi,
1752 1607 1783 1653 ut
1797 1602 1860 1667 sert
1876 1603 1926 1656 hu

223 1685 330 1739 uenisse
347 1691 454 1753 pentem
470 1684 656 1737 scelestiorem
675 1682 725 1735 sub
744 1681 817 1747 sale,
841 1698 925 1751 quam
944 1680 1060 1735 Christi·
1087 1681 1165 1734 maai
1192 1683 1321 1752 corporis
1354 1690 1459 1737 amara
1490 1691 1516 1738 ct
1543 1687 1657 1752 modus,
1694 1686 1804 1749 findam
1832 1696 1874 1742 est
1900 1697 1928 1743 et

223 1789 307 1840 anas,
337 1770 439 1840 quippe
471 1770 521 1840 qai
548 1771 696 1824 comedant
725 1770 818 1823 Deum
845 1785 932 1822 suum.
977 1766 1060 1824 Unde
1087 1767 1179 1836 coelo,
1197 1776 1229 1821 ut
1245 1768 1317 1838 loco,
1335 1769 1505 1839 continetur,
1524 1787 1634 1825 necnee
1651 1778 1691 1825 est
1711 1789 1729 1823 a
1748 1771 1828 1826 nobis
1845 1781 1925 1828 tanto

222 1875 287 1915 sero
306 1856 390 1928 hujus
409 1855 610 1925 accusationis,
637 1856 799 1929 δυσφημίας
820 1871 854 1911 ac
872 1858 1061 1929 βλασφημίας,
1088 1854 1212 1907 locorum
1240 1856 1390 1910 interuallo
1420 1857 1545 1924 distare,
1575 1865 1680 1926 quanto
1711 1859 1816 1914 coctum
1848 1862 1927 1916 abest

223 1944 347 2008 occasio,
375 1960 458 2015 quam
488 1941 563 2014 quod
590 1941 631 2012 pii
657 1945 764 2001 veteres
791 1957 886 1996 veram
909 1947 937 1997 et
957 1941 1060 1997 realem
1087 1957 1106 1992 a
1143 1947 1229 1993 terra.
1283 1940 1359 1997 Besa
1389 1942 1419 1996 in
1450 1942 1512 1999 coll.
1541 1942 1707 2001 Possiaceno
1740 1960 1813 2001 anno
1842 1952 1924 2003 1561:

223 2029 346 2101 corporis
375 2036 404 2084 11
429 2027 571 2100 sanguinis
594 2026 697 2082 Christi
723 2027 753 2082 in
778 2043 857 2083 sacra
879 2044 966 2082 coena
983 2044 1061 2099 prae
1090 2025 1172 2088 Quod
1201 2028 1243 2080 ad
1270 2029 1366 2097 spatia
1392 2029 1515 2084 locorum
1546 2032 1657 2095 attinet,
1689 2048 1792 2102 corpus
1817 2031 1929 2089 Christi

223 2117 341 2172 1111111111
368 2122 433 2171 suut
457 2113 595 2188 professi?
638 2111 801 2169 ”cordate
826 2113 947 2169 Thomas
966 2113 1060 2171 Cram-
1088 2121 1165 2166 tanto
1195 2114 1320 2169 locorum
1351 2114 1500 2169 interuallo
1531 2135 1550 2171 a
1576 2135 1653 2186 pane
1687 2126 1714 2172 et
1741 2118 1806 2174 uino
1824 2138 1926 2176 sacrae

222 2220 314 2259 merus
343 2201 571 2273 archiepiscopus
595 2200 803 2257 cantuariensis
830 2200 859 2255 in
883 2199 1001 2270 epistola
1023 2199 1060 2254 ad
1088 2215 1190 2253 coenae
1220 2201 1321 2269 distat,
1349 2209 1483 2271 quamam
1512 2202 1619 2257 coelum
1645 2221 1664 2256 a
1688 2211 1766 2260 terra
1787 2206 1926 2263 distabit*

223 2290 398 2348 loachimum
415 2287 576 2346 Vadisnum
596 2287 738 2343 consulem
757 2286 833 2358 apud
851 2286 880 2344 S.
899 2286 1013 2342 Gallum
1031 2286 1060 2340 in
1087 2266 1214 2340 Piscatoi
1239 2285 1269 2340 in
1295 2293 1402 2357 quaest.
1420 2286 1523 2345 rhetor.
1541 2288 1577 2343 de
1596 2289 1688 2346 verbis
1705 2290 1832 2349 Domini:
1862 2292 1925 2350 Hoc

222 2376 332 2435 Helvet.
350 2376 427 2432 edita
444 2393 463 2432 a
483 2374 599 2442 Quirino
616 2373 741 2430 Reutero
760 2373 915 2445 professore
932 2370 1061 2428 Heidelb.
1087 2378 1130 2428 est
1147 2388 1246 2442 corpus
1264 2389 1355 2428 meum
1378 2390 1406 2443 p.
1426 2379 1474 2429 29:
1503 2375 1560 2429 Hic
1584 2385 1699 2445 quaeret
1714 2379 1851 2442 fortassis
1869 2382 1922 2436 ali-
1937 2386 1962 2426 L
1978 2384 2000 2427 ¹⁸

223 2461 398 2521 Offenbachii
422 2465 588 2518 aun.1610:
618 2460 688 2516 Nisi
705 2460 828 2514 certiora
846 2461 958 2526 eidem,
977 2476 1061 2529 quam
1087 2459 1150 2527 quis
1173 2475 1206 2512 ea
1232 2475 1289 2522 me,
1315 2458 1419 2531 inquit,
1444 2476 1482 2513 on
1506 2478 1564 2515 non
1581 2465 1733 2518 concedam
1751 2466 1843 2521 uerbis
1862 2467 1924 2522 illis

222 2552 354 2609 hactenus
381 2551 477 2604 cidere
494 2547 601 2619 spotui,
629 2549 783 2602 sentcntiae
809 2548 888 2602 iilius
914 2564 997 2602 uerae
1016 2546 1062 2614 (de
1088 2545 1220 2609 Domini,
1239 2544 1290 2599 hoc
1309 2555 1350 2598 est
1369 2562 1473 2615 corpus
1490 2563 1593 2612 meum,
1620 2549 1779 2616 siqnificari
1796 2550 1924 2623 aliquam

223 2637 349 2706 ἀπουσίᾳ
372 2636 495 2707 corporis
518 2641 547 2690 et
565 2634 709 2706 sanguinis
726 2633 839 2701 Christi)
856 2650 906 2688 neo
921 2641 1062 2705 patronas
1088 2631 1216 2700 corporis
1234 2632 1341 2687 Chresti
1352 2634 1565 2702 praesentiam!
1582 2651 1638 2688 nan
1652 2638 1781 2707 concedo,
1801 2639 1924 2708 inquam.

223 2741 273 2781 nec
297 2722 492 2793 adstipulator
514 2738 573 2776 csse
594 2721 666 2797 uolo.
707 2720 747 2774 Et
767 2720 857 2792 plane
878 2720 949 2774 mihi
965 2721 1010 2775 uel
1028 2737 1061 2774 ea
1087 2715 1158 2772 Inde
1186 2734 1241 2773 non
1271 2725 1402 2774 verentur
1423 2719 1554 2776 conviciis
1578 2727 1606 2787 et
1629 2721 1775 2778 calumniis
1798 2730 1924 2780 notham

224 2798 257 2867 eo
276 2808 394 2864 manime
408 2823 577 2878 persuasum
596 2813 646 2870 est,
666 2822 782 2860 causam
802 2822 860 2862 esse
878 2823 934 2860 non
953 2806 1060 2872 bonam,
1088 2802 1123 2857 de
1150 2819 1237 2859 coena
1264 2804 1467 2861 confessionem
1494 2806 1633 2863 insectari.
1681 2807 1821 2866 Tribuunt
1850 2813 1924 2868 enim

226 2899 304 2969 quod
329 2911 391 2948 eam
421 2894 480 2947 uiri
502 2901 561 2948 tam
579 2892 731 2963 inpeniosi,
758 2899 813 2947 tam
832 2893 934 2948 diserti
951 2899 1061 2961 umque
1087 2887 1167 2943 uobis
1185 2896 1352 2959 coronator,
1376 2892 1701 2966 cmmbstantiatianm,
1718 2897 1926 2953 cobsistentiam

227 2984 353 3042 amnibus
379 2980 488 3035 artibses
515 2988 540 3034 et
566 2979 727 3050 disciplinis
754 2980 883 3035 instructi
906 2997 963 3033 non
985 2979 1062 3034 uide-
1089 2977 1217 3045 corpores
1246 2979 1288 3031 ad
1304 2977 1394 3032 iocum
1407 2978 1510 3046 panis,
1545 2979 1645 3036 Sadeel
1665 2981 1760 3038 inhh.
1779 2984 1925 3043 dementi

227 3069 316 3126 amini
339 3068 411 3122 sotis
435 3067 530 3123 aalide
551 3068 627 3134 tueri
644 3083 679 3120 ac
698 3066 840 3122 1111111111.
880 3066 949 3120 Vidi
965 3065 1061 3135 plera-
1088 3079 1203 3118 sacram.
1242 3063 1447 3119 inexistentiam
1486 3082 1521 3119 aa
1555 3067 1774 3124 delitescentium
1809 3089 1924 3142 corpus

227 3173 279 3231 que
297 3155 400 3219 omnia,
420 3169 491 3222 quae
506 3153 550 3208 vel
568 3153 604 3207 ab
618 3152 838 3222 Oecolampadio
855 3153 899 3206 oet
915 3170 934 3206 a
950 3152 1062 3222 Zminp-
1089 3149 1147 3204 culi
1165 3149 1212 3204 sui
1228 3151 1380 3220 subpone,
1399 3151 1636 3223 impanationem,
1672 3155 1781 3228 Martyr
1797 3158 1879 3216 class,
1899 3166 1924 3216 4.

226 3244 266 3299 lio
284 3243 392 3313 compta
409 3248 474 3295 sunt
491 3247 518 3294 et
538 3239 630 3309 edita,
654 3240 812 3310 didicique,
836 3239 957 3293 oninium
975 3239 1061 3293 homi·
1089 3237 1140 3293 loc.
1168 3254 1191 3293 c.
1219 3236 1254 3292 de
1283 3238 1361 3293 euch.
1388 3244 1572 3311 κρεοφαγίαυ.
1606 3240 1682 3297 Besa
1706 3243 1736 3298 in
1760 3243 1808 3302 lib.
1832 3247 1923 3316 pecul.

225 3349 290 3387 num
317 3329 412 3385 omnia
434 3345 495 3382 aum
521 3328 630 3383 delectu
652 3343 711 3380 asse
729 3327 855 3396 lependa.
891 3326 929 3380 Et
952 3333 1063 3398 postea:
1089 3325 1267 3394 beibtitluttp
1301 3324 1362 3380 obet
1399 3324 1583 3398 hilitweitlunp
1616 3326 1701 3384 111111
1728 3318 1924 3405 Marpurgens.

230 3420 266 3474 Ut
282 3417 396 3487 inpenia
413 3422 506 3470 uestra
523 3422 763 3484 quantumcunque
782 3414 977 3481 cessaveritis,
994 3412 1064 3466 mihi
1089 3410 1208 3467 Ursinus
1228 3413 1448 3481 penetrationem
1466 3415 1585 3468 dumam
1603 3433 1753 3486 corporum
1769 3435 1820 3474 nos
1838 3419 1924 3475 intro·

225 3514 316 3559 tamen
341 3509 414 3557 certe
437 3515 581 3570 nunquam
603 3499 827 3570 approbaveritis
856 3517 906 3554 nec
932 3500 1062 3569 cuiquam
1089 3497 1190 3553 ducere
1214 3497 1320 3553 asserit
1362 3498 1461 3555 Sadeel
1486 3518 1512 3558 c.
1537 3506 1577 3557 12.
1602 3501 1683 3558 refut.
1708 3503 1776 3559 thee.
1794 3504 1878 3561 Posn.
1897 3515 1925 3564 et

226 3591 327 3662 opinor
353 3603 443 3656 aequo
468 3587 567 3640 lectam
589 3594 692 3639 uetera
714 3584 781 3640 illos
803 3594 932 3639 auctores
956 3586 986 3640 in
1009 3586 1062 3639 hac
1088 3583 1164 3639 Bere
1180 3584 1209 3638 in
1229 3584 1340 3655 creoph.
1359 3604 1386 3656 p.
1410 3587 1780 3652 11111111111111111111
1800 3598 1924 3649 noemam

227 3673 417 3731 controversia
445 3689 502 3741 pro
535 3680 629 3726 uestra
655 3673 754 3739 faeere
784 3672 928 3725 sententia.
975 3669 1061 3727 Item:
1089 3669 1124 3725 de
1149 3668 1218 3723 reali
1241 3671 1399 3741 praesentia
1422 3672 1545 3744 corporis
1566 3679 1593 3730 11
1609 3675 1752 3746 sanguinis
1773 3676 1876 3736 Christi
1894 3679 1924 3735 in

231 3761 418 3827 Quamobrem
446 3776 507 3812 cum
536 3759 618 3822 haee,
645 3776 730 3828 quarn
758 3766 894 3827 tenemus,
923 3758 1063 3812 catholica
1088 3771 1175 3810 coena
1202 3773 1235 3810 ea
1262 3758 1361 3811 cloaca
1386 3766 1411 3811 et
1432 3759 1570 3823 fermento
1598 3763 1923 3821 transsubstantiationis

226 3836 298 3917 'rides
321 3849 357 3902 dc
380 3863 448 3901 nera
469 3845 635 3915 praesentia
658 3845 787 3915 corporis
812 3852 869 3898 tam
898 3845 1006 3913 apertis
1027 3862 1062 3898 ac
1088 3843 1257 3906 Pontificius
1275 3845 1425 3899 deductam
1442 3862 1514 3914 esse,
1540 3863 1595 3916 qua
1615 3849 1698 3901 etiam
1715 3849 1800 3920 lonpe
1817 3853 1855 3905 sit
1873 3839 1922 3907 im-

228 3934 386 4000 manifestis
408 3931 566 4002 Scripturr's
581 3931 673 3995 fuerit
693 3931 825 3987 ecclesiae
843 3932 879 3984 ab
897 3930 978 3984 initio
993 3948 1063 4000 pro·
1085 3929 1271 3999 probabilior.
1316 3928 1427 3985 Consid.
1454 3932 1615 3988 commones.
1643 3950 1670 4005 p.
1696 3940 1744 3990 38.
1757 3945 1822 3990 arta
1842 3937 1922 3993 Chri-

228 4023 357 4092 mulqata
379 4027 405 4073 et
427 4021 526 4074 eadem
546 4025 648 4087 postea
661 4035 717 4090 per
730 4018 841 4088 primos
861 4016 1063 4071 ecclesiasticas
1088 4023 1160 4069 stum
1185 4033 1203 4068 a
1229 4016 1308 4070 nobis
1333 4017 1478 4071 introduci
1501 4017 1607 4072 scribit.
1647 4017 1780 4076 Convicia
1804 4022 1839 4078 de
1858 4027 1922 4082 Deo

228 4110 381 4182 scriptores
402 4105 530 4172 fidelium
554 4104 670 4159 auribus
691 4111 748 4157 tam
771 4105 848 4159 clare
874 4111 985 4173 tusaque
1007 4110 1062 4156 stu·
1088 4103 1232 4172 imparato
1262 4101 1389 4173 jamdum
1411 4102 1447 4159 D.
1473 4102 1590 4159 Lutheri
1614 4111 1736 4176 tempere
1765 4107 1801 4165 ab
1826 4110 1922 4166 111111-

231 4198 310 4253 diosc
330 4194 530 4261 commendata,
548 4207 583 4245 ne
600 4207 705 4260 quaeso
720 4207 755 4243 ne
772 4188 842 4243 mihi
854 4189 986 4259 perpetis
1002 4207 1063 4243 cam
1088 4186 1167 4241 eariis
1198 4188 1390 4245 audiebantur.
1439 4194 1464 4244 2.
1493 4188 1613 4255 Quidam
1637 4198 1734 4248 contra
1758 4194 1791 4248 sd
1818 4197 1921 4270 σκληρὰ

228 4286 293 4340 bene
322 4281 483 4335 radicatam
513 4286 539 4333 et
561 4277 707 4347 suffultam
723 4276 796 4330 celle
814 4274 938 4345 amplius
955 4275 1062 4329 conoab
1086 4276 1237 4346 μαλθακῶς
1253 4274 1376 4345 proferre
1395 4274 1486 4331 edocti
1503 4274 1587 4350 ὅμοια
1597 4277 1651 4352 pir
1662 4282 1783 4349 λέγουσι,
1802 4279 1923 4357 deipara

227 4371 285 4427 iere
313 4375 363 4421 aut
389 4367 528 4421 munere.
577 4363 656 4418 Satis
676 4362 742 4432 jam
769 4362 839 4416 satis
866 4369 999 4416 tentatum
1022 4372 1062 4418 est
1088 4361 1120 4414 dl
1140 4362 1295 4432 aparctias,
1316 4378 1398 4434 aegre
1417 4361 1490 4415 enim
1509 4361 1616 4434 ierunt,
1639 4363 1692 4419 sibi
1710 4364 1796 4421 tribui
1814 4374 1922 4424 senteu-

227 4457 373 4519 hactenns,
398 4461 425 4506 et
447 4452 505 4506 nisi
525 4468 611 4520 super
630 4451 746 4520 firmam
767 4456 880 4519 petram
890 4450 998 4517 fuisset
1013 4453 1061 4515 fir·
1087 4448 1154 4503 tiam
1179 4447 1214 4503 de
1239 4444 1361 4518 ἀπουσίᾳ
1389 4449 1526 4520 corporis,
1551 4468 1612 4506 cum
1629 4469 1685 4507 non
1704 4455 1738 4507 ds
1756 4453 1821 4525 ipsa
1835 4474 1921 4526 prae·

227 4545 308 4598 miter
338 4539 504 4605 aedificata,
534 4537 704 4606 jamdudum
733 4553 794 4588 cum
822 4552 939 4602 mapnae
962 4537 1062 4591 ruinae
1087 4536 1193 4604 sentia,
1217 4536 1271 4590 sed
1295 4536 1330 4588 de
1357 4536 1440 4589 modo
1465 4538 1563 4591 saltem
1586 4541 1765 4608 praesentiae
1784 4544 1921 4611 quaestio·

226 4631 345 4699 fragore
364 4624 520 4679 cecidisset.
554 4622 626 4676 Dici
644 4639 700 4675 non
712 4628 819 4691 potest,
843 4630 977 4691 quantum
995 4624 1062 4678 baec
1087 4637 1149 4674 nem
1175 4637 1235 4675 esse
1261 4620 1397 4689 scribant,
1426 4620 1488 4677 ideo
1516 4623 1628 4681 student
1650 4625 1764 4697 phrases
1786 4628 1921 4685 ecclesiae

227 4724 284 4773 tam
303 4720 419 4768 muenta
439 4710 629 4764 controuersia
647 4726 709 4763 arm
724 4724 777 4777 per
795 4708 954 4762 uniuersssm
970 4711 1062 4765 orbem
1087 4706 1189 4761 imitari
1213 4712 1241 4762 11
1263 4712 1349 4763 tetam
1373 4711 1584 4767 controversiam
1609 4711 1679 4767 adeo
1697 4704 1859 4786 extenuant,
1888 4723 1920 4771 ut
1933 4728 1957 4770 1
1971 4727 2000 4771 te

231 4800 435 4864 Christianum,
466 4803 524 4847 tum
549 4795 668 4848 manime
690 4795 771 4864 apud
787 4811 838 4848 nos
856 4795 922 4848 bene
938 4797 1064 4850 sumenti
1088 4810 1148 4848 eam
1173 4809 1230 4848 non
1253 4792 1406 4866 impingere
1431 4796 1525 4853 dicant
1547 4798 1576 4853 in
1597 4797 1717 4868 aliquem
1734 4799 1799 4856 fidei
1817 4801 1918 4858 articu-

231 4888 311 4942 uerbo
330 4881 469 4953 euanpeiii
484 4880 661 4951 obstiterit.u
1088 4880 1159 4949 lum,
1182 4879 1232 4934 sed
1255 4895 1315 4935 esse
1337 4897 1441 4936 meram
1459 4886 1638 4958 λογομαχίαυ.
1675 4882 1806 4940 Calvinus
1825 4888 1872 4945 lib.
1893 4896 1917 4946 1.

270 4979 326 5029 101.
345 4969 420 5026 Huic
437 4964 589 5023 sententiae
607 4966 643 5021 de
660 4983 739 5034 rere,
758 4965 826 5022 reali
843 4974 871 5022 11
888 4967 1063 5024 substantiali
1088 4965 1204 5021 institut.
1227 4983 1250 5020 c.
1273 4972 1311 5022 11.
1335 4963 1363 5039 ξ.
1384 4973 1428 5025 10:
1455 4971 1573 5024 Omnino
1593 4967 1655 5036 piis
1672 4969 1778 5025 isthaec
1797 4979 1917 5031 tenenda
1931 4987 1955 5026 x.
1969 4983 2000 5028 ιε

233 5057 354 5130 comerio
381 5063 409 5112 et
436 5051 578 5125 sanguinis
606 5049 707 5107 Christi
735 5053 765 5107 in
787 5070 864 5108 saara
882 5070 969 5109 coena
985 5073 1063 5126 prae·
1090 5062 1117 5108 et
1141 5054 1253 5122 rapula,
1278 5057 1384 5125 quaties
1409 5057 1533 5128 symbola
1549 5055 1642 5109 uident
1659 5076 1677 5111 a
1696 5060 1819 5115 Domino
1839 5064 1918 5118 insti·

235 5144 323 5201 sentia
350 5151 460 5200 11111111
478 5139 667 5212 obloquuntur
684 5138 851 5208 Calvisiani,
877 5157 932 5194 non
949 5158 1005 5198 uno
1022 5104 1161 5209 tuileto,
1189 5141 1237 5195 illi
1259 5150 1350 5197 certae
1368 5144 1412 5198 rei
1430 5143 1570 5200 1111111111
1586 5143 1686 5197 adesse
1705 5155 1780 5201 certo
1797 5151 1917 5219 repitent

235 5246 297 5285 men
321 5231 472 5303 eodemque
496 5225 586 5282 modo.
624 5230 645 5280 l.
665 5222 784 5289 Quidam
800 5226 872 5281 enim
890 5234 985 5299 aperte
1002 5209 1115 5291 abs-iet
1145 5229 1200 5282 sibi
1225 5231 1427 5299 persuadeant.
1475 5227 1575 5283 Confer
1600 5234 1621 5295 ἓ.
1648 5237 1672 5290 5.
1701 5240 1723 5288 t.
1751 5241 1788 5289 17.
1813 5242 1854 5292 21.
1875 5245 1915 5295 32.

233 5333 288 5389 que
317 5314 381 5369 ullis
412 5314 559 5371 verborum
585 5308 736 5366 involucris
769 5310 949 5384 profitentur,
988 5314 1062 5385 quod
1088 5315 1211 5387 ejusdem
1231 5333 1292 5387 esp.
1308 5319 1336 5372 et
1352 5314 1425 5373 libri.
1463 5312 1571 5370 Consid.
1586 5319 1745 5377 commones.
1765 5339 1789 5376 c.
1808 5328 1832 5382 2.
1850 5342 1916 5397 pag.

233 5402 263 5460 in
291 5401 374 5458 corde
400 5407 539 5466 statuunt,
569 5397 698 5455 videlieet
726 5395 867 5454 innuatur
896 5401 1016 5472 corporis
1036 5410 1064 5458 et
1090 5408 1147 5459 les.
1174 5420 1275 5474 corpus
1300 5401 1409 5457 Christi
1429 5400 1459 5454 in
1482 5415 1569 5455 coena
1581 5407 1838 5472 praesentmsimum
1857 5429 1916 5467 esse

233 5485 375 5562 smgmnis
406 5486 517 5544 Christi.
564 5486 641 5542 Beza
670 5484 699 5540 in
729 5482 828 5557 colloq.
852 5484 1017 5545 Possiaceuo
1036 5493 1064 5545 et
1089 5488 1164 5548 dicit.
1211 5486 1327 5544 “Idem
1354 5485 1484 5543 Calvinus
1512 5484 1541 5542 in
1568 5505 1592 5547 n
1624 5497 1648 5546 5.
1682 5492 1784 5565 Ephss.
1809 5513 1837 5567 p.
1857 5505 1915 5557 lea

234 5577 313 5653 epist.
333 5581 358 5631 b.
376 5573 477 5631 volum.
499 5579 523 5632 3.
543 5579 624 5661 tract.
641 5571 760 5653 theplog.
776 5587 804 5645 p.
817 5577 881 5645 2011
899 5581 928 5633 a
945 5575 1015 5645 loca
1033 5575 1063 5632 in
1089 5575 1154 5636 edit
1173 5590 1247 5633 anuo
1268 5577 1346 5633 less:
1372 5572 1557 5652 Braeposteri
1571 5583 1646 5646 sunt,
1673 5580 1724 5649 qui
1740 5573 1830 5641 1171111
1844 5587 1916 5659 plus
