4004 6022
257 267 296 326 eo
527 303 535 322 ‚
850 255 973 316 Locus
991 251 1197 313 uouemus
1216 252 1358 312 PRIMUS

158 432 185 475 x.
200 429 243 476 tol.
255 413 340 472 locbii
360 412 471 472 nomine
484 412 685 482 circumfertur,
705 411 790 468 fidam
800 413 943 478 babemus,
962 411 1092 467 Basilius
1118 408 1168 467 lib.
1187 416 1212 466 5.
1230 410 1332 466 decret
1350 426 1375 467 c.
1394 415 1424 466 t:
1442 411 1576 479 Mandat,
1593 407 1643 477 ait,
1659 415 1690 462 ut
1704 406 1794 463 omnb
1806 409 1959 480 presbyter

256 519 290 557 ea
308 501 395 567 bora,
416 519 472 572 oua
491 519 506 556 e
523 502 593 556 oiois
611 501 741 570 eumad,
758 500 866 556 hostiae
884 501 966 554 iilam
979 506 1092 569 partem
1117 495 1218 551 babeat
1238 498 1374 568 ppcidem
1398 503 1448 551 aret
1465 514 1515 550 aas
1532 505 1612 552 tanto
1632 505 1808 551 sacramento
1829 497 1958 565 dipnum,

256 589 372 659 accepit,
391 607 474 660 quam
492 605 582 643 secum
603 587 795 643 contumulare
809 587 978 656 dencoerct,
996 593 1021 639 et
1034 592 1092 638 eta-
1119 582 1167 635 ubi
1196 600 1299 652 corpus
1328 581 1510 637 Dominicum
1540 584 1690 652 dilipenter
1717 585 1891 638 recondatur
1915 587 1958 640 ad

256 676 307 731 tim
330 677 362 730 in
386 676 456 732 lecto
472 677 576 746 jacens
593 677 658 729 Deo
683 674 795 743 pretias
813 673 869 743 epit
887 680 971 743 mone
989 673 1030 725 ito
1048 689 1093 726 en-
1117 669 1250 723 oiatieum
1267 670 1457 724 recedentibus
1474 688 1494 724 a
1514 671 1622 739 seculo,
1651 688 1723 740 piae
1745 679 1827 726 tanto
1846 672 1956 726 oblatio

256 764 383 834 spiravit.
428 762 570 820 Servatam
599 761 707 817 scilicet
743 778 794 832 per
832 759 1019 830 septennium,
1051 763 1094 813 tot
1118 755 1237 810 intincta
1256 757 1335 809 debet
1355 772 1414 810 esse
1430 757 1461 810 in
1478 758 1615 824 sanpnine
1636 757 1748 815 Christi.
1784 758 1818 813 ln
1836 758 1956 814 concilio

257 848 331 905 enim
356 866 374 904 a
397 847 503 903 visione
529 847 632 903 illaad
651 855 767 904 mortem
784 846 922 902 intersunt
938 844 1013 900 anni.
1047 845 1094 900 Ita
1117 840 1257 896 Tmonioo
1275 841 1315 897 sic
1333 849 1482 898 statutum:
1505 842 1598 898 Sacra
1616 844 1729 913 oblatio,
1750 861 1823 914 quae
1842 846 1957 900 odvia

256 933 371 991 fictitius
387 933 599 1005 Amphilochius
624 934 654 989 in
672 934 731 989 vita
748 932 852 989 Basilii
887 932 932 988 Ex
952 931 1092 1004 Cypriam
1118 928 1202 982 ticum
1227 930 1420 983 recedentibus
1446 930 1482 983 de
1509 932 1602 985 secubo
1629 939 1803 994 reservatur,
1832 932 1956 986 intincta

257 1038 337 1078 sarm
357 1021 391 1076 da
405 1020 500 1092 lapsis,
516 1019 676 1094 Augustino
689 1020 769 1092 epist.
785 1026 841 1077 tot.
858 1020 912 1077 tt.
923 1019 1092 1091 hypognost.
1118 1030 1177 1068 esee
1203 1015 1283 1069 debet
1308 1015 1339 1070 in
1363 1016 1501 1086 sanquine
1525 1017 1597 1070 Jesu
1618 1017 1738 1081 Christi,
1764 1025 1795 1071 nt
1813 1019 1956 1072 enacim

257 1112 286 1162 ct
308 1106 357 1164 lib.
384 1107 419 1162 ds
444 1107 535 1180 dogm.
559 1107 656 1164 eccles.
679 1123 703 1162 o.
729 1111 770 1163 52.
788 1111 912 1176 constat,
936 1106 1094 1175 infantibus
1113 1101 1261 1170 presbyter
1279 1101 1391 1171 infirmo
1408 1103 1502 1157 dicere
1515 1102 1625 1172 possit:
1655 1102 1764 1172 Corpus
1785 1111 1811 1157 et
1836 1105 1956 1171 sanquis

257 1195 455 1249 euehat-mium
471 1196 540 1248 dari
555 1195 677 1251 politam,
703 1192 857 1250 Concilium
867 1194 1039 1250 Turonienue
1051 1210 1092 1249 re-
1118 1187 1239 1241 Domini
1257 1187 1348 1242 nostri
1364 1188 1436 1241 Jesu
1454 1186 1562 1243 Gilrssit'
1573 1188 1712 1258 ,profitiat
1734 1191 1787 1244 bibi
1809 1194 1838 1243 in
1856 1191 1954 1244 romil-

255 1279 363 1337 serente
390 1279 554 1336 Burohardo
582 1281 630 1337 lib.
654 1287 679 1338 5.
703 1297 728 1337 c.
753 1280 938 1349 adaeravit,
966 1283 1094 1335 donam
1118 1275 1223 1329 sionem
1236 1283 1417 1346 peccatorum
1435 1283 1461 1329 es
1480 1275 1566 1329 nram
1584 1277 1774 1329 carew*

258 1381 316 1421 csse
341 1368 539 1422 nectaristiam
562 1367 685 1438 nepotis
710 1368 855 1422 intindam
875 1368 1012 1436 sanquine
1029 1369 1092 1422 Do·
1153 1366 1194 1418 bl.
1227 1360 1372 1419 Secundus
1393 1362 1463 1417 ritus
1480 1367 1534 1418 est
1556 1363 1769 1418 communicatio
1792 1362 1988 1419 domesticu

158 1461 186 1502 x.
201 1459 245 1504 m
258 1452 335 1522 nene,
353 1461 384 1508 a
398 1455 546 1525 pesonae
562 1470 626 1510 ene
640 1453 731 1524 poree
748 1454 851 1524 aene,
868 1471 971 1523 coma
990 1461 1015 1507 e
1027 1471 1092 1507 nn
1123 1447 1259 1503 oanan
1281 1456 1344 1503 nas
1360 1448 1390 1503 n
1409 1449 1526 1518 eninm
1544 1450 1675 1517 acosma,
1702 1457 1734 1503 a
1752 1428 1998 1511 annaeum?

253 1538 319 1610 puis
335 1535 459 1595 'Domini
485 1539 577 1594 nadri
599 1541 670 1595 Jesu
693 1539 800 1595 Cbristi
823 1545 875 1595 cto.
910 1539 953 1596 Ex
974 1539 1092 1595 concilio
1119 1536 1230 1589 &mum
1257 1537 1402 1605 deferrent
1425 1545 1451 1589 et
1471 1535 1513 1588 ibi
1537 1543 1660 1606 tempore
1684 1544 1842 1606 opponam
1863 1554 1954 1592 sume·
1967 1531 1998 1622 ζῇ

255 1624 469 1698 Carthaginensi
492 1625 544 1680 ΙΙΙ,
570 1642 631 1681 cen.
660 1632 685 1683 9,
714 1632 743 1682 et
772 1625 889 1682 concilio
918 1625 1092 1698 Hipponensi
1118 1630 1191 1691 rent,
1218 1624 1297 1677 domi
1320 1630 1413 1677 antem
1430 1624 1481 1676 tub
1500 1640 1558 1676 una
1574 1623 1667 1691 specie
1684 1620 1862 1678 Christianos
1879 1640 1954 1678 com·

254 1711 377 1784 itemquo
400 1706 450 1769 VL
476 1712 584 1783 synodo
610 1711 759 1769 universali
785 1711 814 1768 in
837 1712 934 1768 Trullo
963 1701 1024 1768 can.
1049 1718 1091 1769 84.
1118 1708 1260 1761 manicati
1286 1708 1384 1763 enen
1405 1709 1590 1778 permittam
1614 1717 1656 1764 θεῖ
1673 1717 1731 1764 tum
1748 1726 1782 1763 οε
1801 1727 1848 1773 00.
1875 1713 1955 1781 qvod

256 1797 405 1870 colligitur,
423 1798 622 1853 metaristiam
640 1798 687 1852 ori
704 1807 875 1853 mortuorum
886 1800 984 1867 fuisse
1000 1818 1019 1854 a
1031 1800 1091 1869 qni-
1117 1796 1181 1848 soba
1199 1795 1306 1864 species
1320 1796 1407 1865 ponis
1425 1796 1548 1850 dabatsn
1566 1797 1596 1851 in
1616 1815 1715 1851 manue
1731 1798 1870 1863 fidelium,
1889 1815 1954 1853 saa

258 1885 376 1938 busdam
394 1884 562 1952 impositam.
599 1882 751 1956 Gregorius
771 1884 820 1942 lib.
839 1890 863 1941 t.
882 1884 986 1957 dialogi
1004 1902 1029 1941 c.
1049 1891 1091 1942 24.
1118 1880 1181 1950 autb
1198 1888 1291 1935 numm
1312 1882 1435 1936 monem
1452 1899 1486 1936 tt
1508 1884 1596 1938 edice
1619 1884 1765 1952 bibendus,
1791 1893 1821 1938 ut
1839 1886 1955 1941 dorm

256 1969 356 2038 refert,
383 1970 568 2024 Benedictum
591 1970 792 2024 eucharistiam
812 1973 925 2040 pectori
942 1974 1092 2041 cujusdam
1117 1974 1190 2020 strat
1215 1966 1340 2035 Onitae
1367 1968 1471 2025 amerb.
1495 1972 1521 2023 «5.
1548 1978 1666 2038 nortae.
1696 1979 1753 2025 tum
1778 1972 1864 2026 etiam
1886 1973 1956 2042 qaia

256 2055 390 2110 monachi
414 2055 580 2126 imposuise,
606 2055 727 2126 quodie
744 2056 860 2112 concilio
879 2057 1092 2114 altisiodorensi
1118 2071 1175 2107 oon
1202 2061 1284 2107 erant
1306 2055 1337 2106 in
1361 2054 1488 2107 domibus
1507 2055 1645 2110 laicorum
1663 2057 1768 2111 calmes
1789 2058 1882 2126 socri,
1906 2076 1957 2112 seu

256 2157 318 2198 cau.
345 2145 385 2198 12.
411 2140 588 2211 prohibitum.
622 2140 682 2196 Hos
708 2141 779 2197 ritus
803 2159 899 2198 omnes
921 2149 950 2200 at
967 2144 1091 2216 singulos
1117 2158 1204 2208 oasa,
1235 2141 1333 2209 quibus
1361 2141 1498 2195 contineri
1517 2145 1609 2213 poerit
1628 2145 1745 2212 sanpuis
1763 2143 1905 2213 Domini,
1926 2153 1957 2199 ut

257 2243 295 2283 an
313 2227 431 2299 probaro
449 2226 518 2282 velit
535 2225 734 2294 Ballarminus,
751 2234 860 2285 matura
880 2230 1024 2301 dispiciat,
1041 2248 1091 2285 nos
1114 2234 1196 2296 patet
1219 2242 1252 2280 en
1275 2227 1352 2296 apol.
1376 2230 1402 2281 2.
1429 2228 1583 2282 Athanasii
1606 2238 1706 2283 contra
1728 2232 1864 2288 Arianos.
1901 2231 1956 2287 lec

258 2313 294 2370 de
315 2313 371 2368 illis
391 2313 550 2385 judicemus
574 2330 608 2369 ex
629 2314 721 2370 verbio
739 2314 929 2371 institutionis.
966 2323 990 2373 3.
1009 2316 1092 2372 Adde
1119 2313 1301 2383 spondemus:
1330 2320 1351 2371 1.
1369 2319 1516 2386 utramque
1539 2315 1659 2385 speciem
1678 2315 1764 2370 fuisse
1784 2316 1814 2370 in
1829 2317 1955 2386 privatas

225 2418 228 2423 ·
257 2400 332 2474 quod
345 2399 502 2457 noneolum
513 2410 732 2472 panemvetarss
749 2403 928 2472 manarint,
945 2404 994 2460 sad
1008 2404 1092 2458 etiam
1119 2400 1203 2456 aedes
1221 2400 1344 2456 delatam
1360 2408 1469 2456 constat
1486 2419 1519 2458 cx
1539 2400 1709 2473 Hieronymo
1721 2409 1786 2458 tom.
1799 2411 1820 2458 l.
1835 2404 1954 2474 epistt.

254 2486 395 2560 poculum,
413 2484 488 2557 apud
504 2485 730 2559 chrysostomum
748 2490 827 2560 epist
844 2488 1092 2548 l.ad1nnoccnt.:
1118 2487 1156 2542 ad
1173 2486 1319 2543 Rusticum
1337 2504 1403 2558 pag.
1421 2493 1469 2545 48:
1502 2489 1584 2543 Niln't
1603 2489 1748 2558 Eruperio
1772 2490 1876 2557 detine,
1906 2492 1958 2559 qui

255 2573 353 2628 Edam
363 2573 480 2641 sanpuie
487 2575 606 2628 Domini
614 2576 644 2628 in
653 2579 783 2630 samario
790 2585 926 2633 senatur.
941 2575 1093 2649 Gregorius
1119 2592 1222 2644 corpus
1240 2574 1359 2629 Domini
1371 2575 1501 2628 'canuno
1518 2575 1650 2643 vimineo,
1673 2575 1837 2642 sanguinem
1855 2584 1956 2645 portat

255 2659 449 2718 Nazianzenus
460 2657 490 2713 iu
504 2665 573 2714 orat.
584 2659 703 2715 funebre
714 2659 866 2716 inlaudem
879 2661 1038 2735 Gorgonius
1050 2681 1093 2720 so-
1119 2660 1149 2714 in
1166 2661 1249 2718 citro.
1284 2658 1449 2716 Ambrosius
1475 2660 1505 2714 in
1528 2667 1596 2717 orat
1622 2660 1657 2716 da
1677 2660 1755 2716 obitu
1774 2661 1868 2732 Satyn'
1886 2664 1955 2716 baa

257 2744 327 2801 roris
339 2750 543 2814 commemorat,
557 2747 673 2800 eandem
683 2746 797 2817 pretiosi
808 2747 930 2818 corporis
942 2755 970 2804 et
981 2750 1093 2821 smpsi-
1118 2746 1217 2801 riendi
1240 2753 1266 2800 et
1292 2747 1497 2811 transfusionis
1523 2746 1638 2803 vocibus
1664 2746 1765 2817 utitur,
1794 2764 1867 2820 quaa
1897 2766 1955 2804 non

257 2831 301 2886 nis
309 2830 425 2900 Domini
437 2830 566 2903 mitypa
578 2831 652 2886 domi
665 2848 827 2889 morvano.
858 2829 1094 2890 Nevoresto'tdu·
1119 2837 1237 2904 possunt
1262 2832 1315 2888 nisi
1338 2834 1374 2889 dc
1391 2834 1455 2888 vino
1474 2834 1666 2889 sacramentali
1692 2834 1825 2908 intelligi,
1857 2835 1955 2892 ubsru-

257 2917 364 2987 bitatio,
378 2916 445 2973 audi
456 2916 608 2973 Beronium
620 2917 656 2973 ad
668 2934 772 2973 mnam
784 2924 848 2974 tot:
862 2919 919 2974 Hie
930 2920 1019 2974 lector
1030 2939 1094 2975 eon·
1120 2919 1186 2973 dum
1203 2918 1276 2974 anim
1296 2923 1352 2988 ost,
1373 2918 1448 2992 quod
1465 2919 1651 2975 Ballarminus
1668 2922 1779 2986 statuit,
1801 2923 1855 2976 bae
1874 2940 1955 2979 uoces

219 2986 227 3002 ’
258 3004 463 3073 sidenorum
472 3003 759 3073 prooulcbboereont
776 3023 795 3057 a
809 3013 929 3074 patrum
940 3008 1094 3063 traditione
1120 3005 1205 3060 etiam
1233 3008 1274 3059 ad
1296 3006 1386 3060 eibum
1407 3007 1516 3073 referri
1541 3024 1642 3077 posse,
1674 3025 1758 3078 guum
1780 3008 1896 3078 aliquid
1911 3012 1955 3064 in-

256 3106 362 3160 uneguc
376 3089 512 3146 molesios
519 3088 690 3156 Catholicae,
700 3091 751 3160 qui
760 3099 856 3147 nonro
868 3100 989 3162 tempore
998 3094 1094 3147 baere-
1120 3100 1227 3160 teprum
1242 3091 1371 3148 sumitur.
1407 3097 1431 3150 2.
1451 3091 1581 3148 Ruardos
1598 3094 1744 3166 Tapperus
1761 3095 1885 3151 decenus
1898 3096 1954 3152 Lo-

257 3177 309 3232 tici
324 3184 442 3245 necant,
461 3179 665 3240 asseruandam
682 3193 740 3232 esse
757 3179 979 3233 commacinam
997 3180 1095 3234 eucho-
1119 3177 1259 3235 vanicmis
1282 3184 1349 3235 tom,
1368 3184 1393 3236 2.
1411 3196 1439 3248 p.
1460 3185 1518 3236 ³53.
1536 3187 1636 3253 negat,
1662 3182 1882 3239 communionem
1900 3185 1954 3241 sub

256 3262 378 3335 risticm,
395 3280 479 3333 quam
495 3263 622 3318 uidemus
639 3281 695 3319 non
713 3264 762 3318 nib
778 3264 869 3333 speeie
879 3266 1095 3337 panrbtantum,
1119 3281 1176 3320 una
1206 3263 1299 3335 specie
1328 3280 1362 3318 ax
1391 3264 1444 3319 hoc
1472 3265 1528 3321 ritu
1556 3266 1668 3338 probari
1689 3284 1785 3340 posse,
1815 3269 1856 3324 sic
1880 3271 1954 3326 enim

257 3351 309 3404 na
326 3351 410 3405 ctiam
428 3351 479 3405 sub
497 3350 589 3422 specie
607 3351 669 3405 cini
687 3351 755 3406 otim
773 3351 891 3406 recondi
912 3353 1094 3408 consuevisse.
1118 3349 1226 3406 scribit:
1255 3352 1301 3405 En
1324 3350 1444 3405 historia
1467 3355 1503 3406 de
1522 3352 1625 3421 Satyro
1640 3355 1741 3421 fratre
1764 3355 1912 3410 Ambrosii
1927 3365 1955 3412 et

256 3435 355 3492 Habes
380 3436 414 3492 id
441 3455 550 3508 oraque
577 3440 730 3510 probatum
756 3438 925 3493 auctoritate
952 3437 1095 3507 Greporii,
1118 3454 1244 3492 semona
1263 3437 1403 3507 cypriani
1419 3440 1455 3492 de
1474 3439 1565 3509 lapsis
1581 3440 1701 3508 uidetur,
1719 3443 1796 3510 qnod
1812 3442 1874 3497 iilis
1887 3451 1954 3498 tem·

258 3524 326 3577 dum
356 3524 399 3576 ait
427 3523 458 3578 in
488 3525 557 3579 naci
585 3532 718 3594 portasse
749 3525 914 3595 naoipantes
938 3543 1040 3596 corpus
1069 3534 1095 3580 et
1115 3525 1234 3596 poribus
1260 3525 1424 3593 sanquinem
1449 3526 1570 3580 Domini
1596 3544 1629 3580 en
1654 3527 1741 3582 edice
1766 3545 1860 3583 omnes
1881 3530 1954 3585 bibe-

258 3610 422 3678 sanpuinem
443 3608 556 3666 Christi.
593 3610 695 3679 (loom
714 3609 842 3683 Gregorii
863 3610 982 3667 habetur
1000 3612 1049 3671 lib.
1069 3618 1093 3669 3.
1120 3612 1186 3664 bant
1204 3618 1230 3664 et
1247 3613 1325 3680 quod
1343 3629 1444 3681 corpus
1456 3612 1576 3666 Domini
1594 3612 1631 3666 iis
1650 3613 1680 3666 in
1699 3631 1799 3667 mansu
1820 3617 1953 3688 dabatcn,

258 3694 361 3767 dialog.
379 3713 403 3753 c.
423 3696 476 3763 36.)
510 3695 607 3765 Vides,
627 3696 719 3768 ipsum
736 3695 887 3752 Beronium
898 3698 1093 3755 refutationem
1118 3706 1148 3751 ut
1165 3698 1209 3752 oei
1226 3698 1323 3752 statim
1342 3706 1480 3752 sumerent
1498 3699 1544 3753 oei
1561 3716 1653 3754 secum
1668 3708 1820 3770 portarent
1831 3703 1953 3773 mune,

257 3781 416 3854 argumenti
435 3779 645 3838 Bellus-miniani
662 3781 742 3837 nobis
760 3783 945 3854 suppeditare.
981 3791 1005 3841 t.
1019 3785 1092 3851 Quin
1118 3786 1210 3855 ibique
1228 3792 1374 3854 sumerent,
1392 3786 1435 3839 da
1452 3793 1483 3839 ut
1495 3802 1551 3855 per
1569 3794 1724 3855 temporam
1745 3788 1898 3843 ineman
1914 3791 1953 3844 bi·
1965 3790 1991 3831 ¹·

257 3867 313 3925 imo
341 3868 402 3942 ipsa
431 3867 616 3925 Bellarminus
643 3868 697 3925 sibi
724 3869 917 3926 conuadicons
947 3877 1093 3945 utrunque
1119 3873 1212 3925 berent
1233 3888 1266 3925 ea
1289 3871 1377 3925 calice
1394 3871 1515 3926 Domini
1532 3880 1557 3926 et
1575 3889 1677 3942 corpus
1696 3874 1816 3928 Domini
1832 3879 1952 3930 mam

257 3953 381 4027 speciem
399 3960 568 4011 annuum
590 3954 676 4011 tuisse
698 3955 812 4026 asserit,
836 3956 876 4010 sic
901 3956 974 4012 enim
997 3958 1093 4014 scribit
1119 3965 1223 4012 carent.
1259 3962 1282 4013 3.
1300 3957 1485 4013 Bellarmiuus
1506 3957 1624 4029 regerit,
1649 3958 1778 4013 bausmm
1804 3960 1953 4029 scnpuinis

256 4039 306 4097 lib.
324 4047 348 4098 4.
375 4040 411 4097 da
436 4040 545 4098 eumer.
572 4057 687 4100 moram
712 4057 774 4113 cap.
796 4048 821 4097 t.
846 4039 875 4117 ξ.
892 4047 956 4114 post
973 4060 1091 4098 amum:
1119 4045 1149 4098 in
1170 4044 1291 4098 waleno
1307 4052 1333 4097 et
1350 4044 1592 4099 manducationem
1613 4045 1741 4114 corporis
1759 4047 1881 4100 Domini
1896 4061 1952 4102 non

259 4125 289 4185 Β.
313 4127 460 4184 «lohannes
491 4128 702 4197 Cbrpscstomus
730 4128 760 4182 in
785 4127 908 4198 epistola
925 4130 1026 4198 priore
1051 4132 1093 4183 ad
1116 4130 1242 4200 potuisse
1266 4130 1365 4184 baberi
1385 4148 1443 4200 pro
1466 4147 1525 4184 una
1549 4131 1754 4201 communione,
1783 4134 1836 4186 scd
1860 4134 1953 4195 fumeo

257 4211 451 4269 innocentium
476 4231 600 4285 papam,
629 4231 702 4284 grece
726 4221 814 4269 eastat
837 4223 895 4268 tum
913 4215 986 4269 inter
1004 4232 1092 4286 opera
1118 4216 1247 4270 dioneos
1278 4217 1489 4272 communiones.
1525 4215 1747 4287 Respondemus:
1777 4217 1832 4288 ipsi
1859 4224 1954 4276 nmen

258 4299 384 4369 ejusdem
403 4296 594 4369 Cirpsoetomi
610 4309 674 4358 tom.
687 4305 713 4358 b.
731 4309 789 4356 tum
808 4304 888 4372 apud
901 4302 1092 4372 Nicepborum
1118 4320 1168 4375 pro
1185 4319 1243 4358 uns
1259 4303 1450 4358 communione
1466 4301 1630 4366 habuerunt,
1649 4303 1715 4374 quia
1731 4309 1879 4375 utramque
1890 4323 1953 4377 spe·

257 4385 307 4444 te.
327 4388 370 4440 13.
388 4403 451 4458 cap.
471 4389 514 4444 19.
532 4387 645 4457 sabb,
663 4387 765 4442 milites
784 4391 923 4458 aalma
941 4390 982 4442 od
999 4405 1092 4459 respe-
1118 4389 1189 4445 ciem
1212 4395 1384 4457 sumserunt,
1414 4389 1479 4444 licet
1503 4388 1619 4445 diversis
1640 4390 1709 4445 locis
1725 4396 1754 4445 ct
1771 4391 1953 4463 temporibus.

257 4489 321 4528 rom
343 4473 440 4542 mapni
462 4473 595 4528 sabbatii
614 4476 805 4530 sanctuarium
823 4475 964 4546 inpressos
984 4481 1092 4529 tantum
1118 4476 1207 4533 Nobis
1224 4482 1317 4531 sutem
1334 4475 1507 4531 consuetudo
1524 4474 1573 4531 illa
1589 4493 1645 4532 nou
1656 4476 1799 4548 probatur,
1817 4477 1954 4550 quianon

258 4559 392 4615 enaiim
408 4559 570 4628 mmultum,
593 4567 624 4612 ut
642 4561 729 4615 etiam
744 4562 955 4616 sacratissimus
973 4561 1094 4617 Domini
1118 4563 1247 4619 convenit
1272 4561 1438 4618 institutioni
1460 4562 1630 4620 Dominicaa
1668 4570 1693 4620 t.
1712 4564 1786 4629 Quin
1808 4565 1864 4621 imo
1889 4583 1953 4623 con·

258 4645 387 4716 sonpuis,
419 4646 468 4716 qui
493 4647 525 4700 in
547 4649 712 4703 sanctuario
734 4655 808 4715 erat,
838 4648 869 4702 in
892 4663 987 4702 eorum
1005 4655 1092 4702 vestm
1117 4650 1236 4706 suetudo
1266 4649 1315 4704 illa
1345 4649 1456 4705 sublata
1485 4648 1539 4704 tuit
1566 4668 1617 4722 par
1646 4651 1779 4719 concilia,
1816 4669 1880 4711 can.
1913 4660 1954 4712 lt.

259 4733 452 4806 effunderetur.
491 4731 576 4797 Quod
604 4742 697 4788 aedem
726 4734 761 4788 id
783 4741 890 4804 pestum
912 4751 969 4788 non
987 4735 1092 4803 fuerit,
1117 4736 1215 4793 concil.
1239 4736 1330 4794 Tolet.
1360 4742 1387 4791 1:
1425 4735 1460 4791 a·
1486 4737 1549 4805 gus's
1578 4745 1722 4806 acceptam
1756 4756 1776 4792 a
1804 4743 1954 4796 sacndote

260 4821 327 4875 dum
344 4836 428 4874 sacra
445 4836 533 4875 coena
551 4820 753 4889 celebraretur,
777 4823 830 4876 sed
850 4828 930 4875 entra
955 4822 1092 4875 actionem
1118 4823 1318 4878 eukaristiam
1334 4839 1391 4877 non
1407 4823 1551 4892 ament,
1575 4823 1650 4879 ceint
1666 4825 1822 4895 scemeca
1837 4827 1953 4897 propet-

258 4906 355 4977 iiiam,
367 4913 449 4977 patet
466 4923 500 4961 ea
518 4909 615 4962 eodem
634 4908 709 4975 loco,
728 4907 770 4962 ibi
788 4908 860 4962 enim
881 4908 1092 4976 Chrysodomus
1118 4909 1203 4965 latur.
1237 4925 1299 4964 can.
1320 4915 1344 4965 3.
1371 4908 1468 4965 concil.
1487 4908 1715 4980 Camaraugust.:
1750 4911 1975 4969 Daciam*

260 4992 344 5059 dicit,
366 4993 418 5048 boc
434 4995 551 5064 factum
568 5010 640 5060 sese,
664 5013 727 5050 cum
745 4995 876 5049 mdierer
891 4995 954 5063 iam
966 5011 1092 5065 praepa-
1117 4995 1239 5064 pratiam
1274 4994 1301 5048 si
1335 4996 1398 5065 quis
1440 4996 1578 5064 probatur
1618 5004 1760 5066 acceptam
1793 5017 1851 5053 non
1867 5001 1872 5010 “
1889 5018 1953 5055 con·

259 5087 394 5135 rorantur
416 5082 458 5136 ad
479 5080 660 5152 baptismum,
682 5089 792 5136 constat
808 5089 915 5151 autenm
932 5080 1092 5150 mysterium
1116 5082 1246 5137 summere
1279 5082 1310 5135 in
1337 5083 1467 5147 ecelesia,
1499 5082 1650 5137 anathema
1671 5084 1709 5136 eit
1732 5085 1954 5154 inperpetuum.

259 5165 446 5222 esnbarimae
482 5183 591 5237 semper
632 5166 773 5222 celebrari
808 5175 875 5237 post
919 5167 1091 5238 baptismum.
1118 5176 1142 5225 5.
1167 5168 1281 5225 Privata
1310 5168 1397 5241 igitur
1425 5169 1495 5226 haec
1524 5175 1552 5225 at
1578 5168 1798 5224 extraordinaria
1818 5171 1954 5242 exempla,

262 5253 356 5318 Quare
384 5253 501 5324 sanquis
524 5254 575 5310 iile
599 5255 780 5324 Dominicus,
807 5255 857 5325 qui
879 5256 911 5309 in
928 5255 1091 5310 canduerio
1117 5271 1189 5327 quaa
1212 5272 1262 5326 per
1286 5256 1403 5314 eoncilia
1430 5255 1605 5327 postmodum
1630 5255 1766 5328 abrogata
1784 5262 1866 5325 sunt,
1896 5275 1952 5313 non

260 5348 335 5407 not,
362 5357 419 5394 non
443 5349 508 5396 tunc
531 5341 761 5410 cmuccrabatur,
790 5349 840 5396 out
864 5341 1091 5410 distribuebatur,
1116 5349 1232 5411 possum
1262 5360 1313 5399 neo
1347 5342 1452 5399 debent
1482 5342 1584 5413 opponi
1615 5342 1766 5398 universali
1796 5342 1953 5413 primitivae

258 5427 310 5482 sed
334 5424 432 5496 aliquo
450 5427 509 5483 abio
527 5428 574 5482 die
594 5435 773 5483 comeormus
789 5428 897 5495 suerat
931 5427 1010 5484 Haec
1028 5425 1091 5482 Bel·
1117 5427 1251 5484 caninias
1276 5431 1470 5487 consuetudini
1495 5429 1547 5485 sub
1575 5436 1694 5501 utraque
1716 5432 1810 5502 specie
1831 5447 1952 5488 commu·

258 5511 392 5570 lominus
423 5511 477 5568 sibi
505 5512 706 5572 cononum
756 5512 975 5570 ”Burchsrdus
1005 5514 1090 5570 susm
1117 5513 1237 5572 uisendi
