4004 6022
774 341 970 401 nemone
988 342 1125 404 conus
1736 361 1795 421 us

10 488 82 578 ,m
96 501 140 552 est
159 494 376 552 communicatio
399 496 556 566 suiipsius.
590 496 621 555 si
638 506 706 570 ergo
723 497 804 569 panis
822 495 933 568 proprie
960 499 1099 568 corporis,
1114 518 1171 557 non
1189 501 1481 575 memetipsum
1497 519 1614 574 corpus;
1637 506 1799 577 praemittit,

10 586 83 630 [²7.
95 588 139 638 cst
155 587 293 637 κοινωνία
312 581 435 653 corporis
454 582 566 648 Christi,
584 601 642 641 non
660 585 713 640 erit
729 582 932 639 nsnnubsun·
960 582 1075 639 calicem
1101 603 1162 643 esse
1184 595 1333 643 κοινωνίαν
1360 588 1519 661 sauguinis,
1542 588 1593 645 nbi
1615 607 1666 659 per
1681 592 1797 651 οοῑίοοοι

10 641 60 732 τέ*
92 667 181 723 nn.
198 667 231 723 n
247 683 350 738 ωκρω
368 666 487 737 onne,
507 668 561 724 ne
578 669 651 726 forte
670 670 733 742 qun
750 670 842 725 neers
858 668 933 735 vnn,
959 685 1068 741 verum,
1101 689 1157 728 non
1189 673 1483 730 munimntum
1511 674 1626 731 ensem
1656 677 1795 751 noeugn

92 759 246 809 master
271 759 370 809 notus
386 754 733 811 transubstantiationem.
769 754 885 819 Quando
902 753 931 809 iu
959 753 1034 826 Ergo
1054 764 1082 812 et
1098 774 1148 826 per
1166 775 1267 829 panem
1284 777 1340 815 non
1357 759 1615 817 transsubstantiati
1626 763 1709 834 panis
1722 765 1794 821 acci·

91 840 242 912 complexu
265 856 316 895 seu
336 839 444 911 integro
466 839 588 911 quodam
606 841 678 895 dnae
695 856 740 895 res
759 848 839 905 sunt,
864 855 931 911 qna·
959 840 1060 905 dentis,
1079 842 1129 897 sed
1146 860 1241 899 rernm
1258 861 1359 915 panem
1376 845 1514 917 intelligit

90 944 152 983 rum
176 925 321 998 quaelihet
346 942 427 981 snum
444 941 545 981 nomen
564 942 598 981 ac
615 926 803 982 definitionem
822 925 931 993 retinet,
995 931 1051 982 127.
1075 928 1170 998 Atque
1195 928 1263 985 haec
1284 936 1351 985 sunt
1367 931 1421 986 dno
1438 931 1605 1004 principalis
1620 933 1922 1007 argumentum·-

91 1018 160 1071 nno
175 1029 235 1068 non
251 1017 296 1068 est
311 1011 388 1069 iacta
404 1011 487 1066 nnius
504 1011 535 1067 in
554 1012 669 1068 alteram
684 1011 929 1068 usnmubstantia·
958 1012 1059 1082 quibus
1076 1012 1239 1085 figmentum
1257 1016 1574 1075 transsubstantiationis
1591 1037 1793 1092 oppugnamus.
1806 989 1912 1079 iiii?

89 1098 143 1167 tio,
174 1097 226 1154 sed
255 1097 401 1170 utriusque
428 1098 503 1154 nnio.
550 1096 596 1154 Sic
622 1098 651 1154 iu
682 1114 801 1170 persona
828 1096 930 1152 Christi
957 1097 1091 1154 addemus
1119 1100 1176 1155 alis
1198 1100 1289 1156 minus
1315 1103 1487 1174 principalia
1533 1105 1739 1177 Argumentum
1762 1094 1921 1183 rgflgfflg

91 1192 157 1241 suut
179 1184 256 1241 dnae
276 1192 408 1252 naturae,
434 1199 552 1254 quarum
575 1184 716 1255 quaelibet
732 1184 833 1240 renuet
850 1201 930 1237 suum
958 1182 1150 1257 Quodcunque
1190 1186 1293 1260 dogma
1322 1195 1431 1259 pugnet
1460 1205 1524 1245 cum
1555 1189 1685 1263 analogia
1718 1192 1794 1265 fidei,
1807 1194 1869 1242 lost·

91 1286 193 1327 mmm
217 1286 253 1325 ω
276 1267 477 1326 cinitonem.
518 1269 595 1341 ergo
622 1286 678 1323 un
697 1278 797 1325 natura
816 1285 871 1324 non
888 1275 931 1323 nt
957 1269 986 1323 n
1010 1286 1061 1338 pro
1086 1271 1204 1327 nuens
1231 1272 1297 1328 ure
1323 1273 1421 1331 unni
1440 1275 1544 1346 nequi
1578 1276 1690 1351 nogme
1706 1245 1869 1335 mmm

91 1372 228 1414 conversa
259 1356 289 1411 in
314 1356 444 1419 alteram,
471 1355 520 1411 sed
540 1354 617 1410 iacta
635 1360 678 1410 est
696 1356 839 1426 utriusque
856 1354 931 1409 unio.
958 1353 1196 1412 substantiationis
1224 1364 1334 1430 pugnat
1358 1374 1422 1415 cum
1450 1360 1580 1433 analogia
1604 1360 1679 1419 fidei
1718 1363 1795 1437 Ergo

91 1442 125 1501 In
143 1443 257 1499 homine
274 1447 340 1497 sunt
357 1441 431 1497 duas
450 1449 553 1512 partes,
573 1457 690 1513 quarum
709 1441 851 1512 quaelibet
867 1439 930 1495 reti·
958 1459 1009 1511 pro
1027 1441 1143 1497 αιοίοοΙο
1161 1441 1228 1499 fidei
1245 1445 1385 1514 acceptari
1404 1445 1510 1517 nequit
1545 1445 1679 1504 Minorem
1697 1448 1796 1507 confir·

91 1534 140 1586 nst
161 1545 244 1584 snum
267 1543 368 1585 nomen
392 1534 420 1583 et
441 1526 636 1583 definitionem.
671 1526 748 1598 Ergo
766 1527 859 1581 anima
875 1543 931 1581 non
959 1544 1081 1583 mamus:
1111 1533 1133 1583 1.
1151 1545 1232 1585 omne
1249 1538 1452 1587 sacramentum
1466 1538 1575 1588 constet
1594 1533 1679 1589 verbo
1697 1541 1726 1590 et
1741 1535 1796 1593 ele·

92 1613 263 1671 convmtitnr
283 1613 313 1668 in
330 1628 444 1682 corpus,
475 1612 526 1683 sed
544 1611 577 1667 fit
593 1611 739 1684 utriusque
759 1611 832 1667 unio.
866 1613 930 1668 iam
959 1620 1051 1669 mento
1071 1619 1192 1671 externo.
1228 1616 1294 1673 Sola
1312 1616 1468 1673 accidentia
1483 1634 1540 1673 non
1559 1617 1675 1675 veniunt
1686 1620 1797 1679 nomine
1824 1613 1826 1620 ’

92 1717 157 1757 vcro
173 1699 205 1755 in
223 1714 305 1754 sacra
323 1713 410 1755 coena
426 1705 492 1753 sunt
509 1698 583 1753 duaa
600 1713 662 1763 res,
690 1714 809 1769 querum
828 1699 931 1769 quaeli·
960 1699 1096 1755 elcmenti
1136 1700 1213 1772 Ergo
1237 1718 1325 1757 coena
1346 1701 1461 1757 Domini
1482 1720 1515 1759 ex
1536 1704 1683 1776 hypothesi
1700 1705 1795 1763 Ponti·

91 1786 140 1843 bct
167 1801 250 1840 snum
275 1800 390 1852 nomen,
420 1782 608 1839 definitionem
630 1789 659 1838 et
677 1788 805 1839 naturam
822 1784 931 1854 retinet,
957 1784 1083 1840 liciorum
1107 1785 1214 1843 carebit
1229 1792 1342 1843 externo
1359 1788 1504 1844 elemento.
1538 1788 1665 1847 Pertinet
1684 1789 1739 1845 hue
1755 1788 1795 1845 lo·

92 1879 124 1929 ut
142 1888 177 1928 ex
194 1868 287 1926 verbis
305 1868 406 1927 Christi
423 1875 452 1925 et
472 1868 556 1924 Pauli
575 1874 693 1926 constat
728 1869 805 1942 Ergo
825 1885 883 1925 non
901 1868 933 1923 lit
958 1887 1006 1925 cus
1034 1870 1141 1926 Irenaei
1164 1870 1213 1927 lib.
1233 1878 1257 1928 3.
1278 1872 1340 1927 adv.
1360 1872 1465 1930 haeres.
1485 1891 1510 1932 c.
1529 1881 1576 1931 at:
1608 1876 1795 1931 Eaciocs’sts'o

91 1955 367 2015 emunbsnntietio
385 1954 432 2011 vel
448 1954 601 2009 essentialis
619 1955 774 2025 conversio,
797 1956 847 2010 ssd
867 1954 932 2009 unio
958 1965 1065 2010 constat
1094 1958 1202 2011 danius
1227 1959 1324 2021 retas,
1352 1967 1465 2014 terrem
1484 1969 1510 2015 st
1527 1962 1650 2017 αοαίωίί.
1684 1962 1797 2033 Excipit

93 2043 240 2119 quaedam.
286 2041 345 2098 Ubi
373 2039 464 2097 locum
495 2038 581 2097 hahet
606 2040 647 2095 rei
674 2041 755 2096 unius
772 2042 802 2097 in
817 2041 931 2096 alteim
957 2042 1158 2112 Bellnrminus,
1181 2046 1289 2113 species
1314 2045 1460 2100 seusffiilss
1482 2064 1540 2102 esse
1559 2049 1635 2102 illud
1652 2057 1795 2103 merram

93 2129 252 2200 conversio,
273 2129 313 2185 ihi
334 2128 423 2185 altera
445 2144 501 2183 non
518 2133 612 2198 potest
628 2128 684 2183 dici
701 2129 815 2184 alterius
833 2148 931 2182 κοινω-
957 2128 1127 2183 elementum.
1163 2129 1389 2200 Respondemus:
1415 2131 1471 2185 imo
1495 2149 1561 2189 vero
1578 2141 1721 2190 externum
1741 2134 1795 2191 ele·

92 2224 148 2275 νία.
189 2215 239 2273 Sic
261 2231 338 2287 aqua
360 2214 391 2270 in
414 2214 518 2285 nuptiis
536 2214 691 2271 &meeis
708 2215 738 2269 in
754 2216 849 2270 unum
868 2232 931 2271 con·
958 2221 1080 2269 mentum
1108 2215 1138 2270 in
1163 2216 1341 2272 monumentis
1365 2233 1474 2289 semper
1500 2226 1543 2273 est
1559 2219 1733 2290 substautia,
1762 2226 1795 2277 nt

92 2322 174 2362 versa
201 2320 258 2358 non
283 2306 376 2373 potest
405 2300 461 2355 dici
491 2306 624 2357 κοινωνία
653 2301 728 2369 vini,
756 2301 806 2357 sed
831 2299 933 2356 dicitur
957 2306 1035 2370 patet
1051 2317 1085 2354 ex
1102 2300 1270 2357 inductione.
1308 2302 1430 2358 Verbum
1449 2306 1650 2360 sacramentale
1668 2321 1794 2362 nonmu-

92 2392 166 2463 squs‘
188 2388 284 2443 unum
308 2387 398 2456 iacta3
421 2386 534 2458 quando
557 2392 651 2441 suum
677 2385 750 2442 duae
772 2403 817 2442 res
836 2385 932 2441 distin·
957 2392 998 2441 tat
1027 2386 1116 2457 ipsam
1148 2389 1254 2443 externi
1285 2389 1414 2444 elementi
1443 2391 1640 2460 substantiam,
1676 2391 1727 2446 sed
1755 2391 1832 2448 adn
1845 2399 1915 2454 aaa,

92 2485 154 2533 ctae
183 2474 267 2530 modo
296 2473 417 2544 quodam
443 2472 578 2529 uniuntur
601 2478 630 2528 et
654 2472 736 2527 simul
758 2470 932 2537 exhihentur,
958 2488 1036 2525 nsum
1060 2472 1287 2529 sacramentalem
1305 2473 1411 2544 evehit,
1436 2481 1468 2531 ut
1485 2481 1564 2546 patet
1580 2477 1610 2530 in
1629 2493 1703 2548 aqua
1722 2476 1792 2549 bep-

92 2570 161 2619 tunc
196 2577 285 2617 nuum
319 2566 395 2615 recte
431 2558 534 2615 dicitur
569 2557 782 2613 communicatio
810 2557 931 2612 aloenus.
956 2557 1043 2624 nemi,
1072 2575 1144 2631 quae
1165 2576 1221 2615 non
1244 2568 1367 2615 mutatur
1387 2560 1417 2615 in
1436 2559 1584 2631 Spiritum,
1612 2578 1664 2619 nec
1689 2562 1793 2618 amittit

92 2649 140 2707 Sic
157 2647 245 2705 tinnis
262 2645 365 2702 Christi
381 2660 528 2715 corporeus
546 2650 621 2701 recte
638 2644 695 2699 dici
706 2649 798 2716 potest
812 2658 931 2698 commu·
957 2661 1036 2698 snam
1061 2644 1258 2709 substantiam,
1284 2646 1335 2701 sed
1362 2646 1457 2701 unitur
1475 2646 1502 2702 ei
1521 2644 1641 2718 Spiritus
1657 2648 1747 2705 sancti
1764 2630 1794 2706 ct

92 2735 198 2793 nicetio
230 2731 350 2804 Spiritus
378 2731 482 2800 munti,
511 2729 577 2802 qnia
602 2732 632 2785 in
660 2736 689 2786 et
717 2746 781 2785 cnm
797 2728 845 2784 illo
864 2728 931 2783 flatu
957 2731 1101 2804 sanguinis
1116 2731 1220 2789 Christi
1239 2731 1374 2791 efficacia.
1408 2733 1485 2805 Ergo
1503 2735 1583 2805 panis
1595 2733 1794 2792 eucharisticae

92 2837 226 2894 corpmeo
250 2820 333 2875 dens
359 2817 414 2874 init
436 2816 567 2889 apostolis
593 2815 712 2890 Spiritus
736 2821 850 2873 sanctus
868 2815 931 2872 Joh.
957 2816 1142 2874 substantiam
1168 2836 1248 2875 suam
1277 2819 1393 2887 renuet,
1421 2820 1446 2881 n
1469 2820 1515 2876 vel
1540 2820 1658 2879 maxime
1678 2820 1795 2877 verbum

93 2915 140 2975 20,
166 2925 194 2963 v.
216 2911 260 2963 22
294 2904 418 2968 ”Quod
437 2903 544 2974 aliquid
567 2918 627 2959 esse
646 2902 747 2959 dicitur
766 2919 816 2974 per
831 2921 931 2957 κοινω·
956 2903 1156 2960 sanamentale
1178 2905 1304 2960 accedat
1344 2912 1368 2962 2.
1386 2905 1567 2963 Sacramenta
1583 2906 1711 2963 instituta
1728 2912 1795 2964 sunt

92 3001 169 3059 νίαν,
197 3010 254 3047 non
276 2990 364 3047 estid
387 2989 463 3063 qnod
480 2988 584 3045 dicitnr
603 2989 775 3059 συνωνύμως
790 2995 819 3045 et
838 3005 929 3044 esseu-
956 2991 992 3046 ad
1011 2990 1226 3047 confirmandam
1242 2991 1327 3048 fidem
1344 3009 1436 3048 rerum
1453 2992 1632 3050 invisibilium
1650 2993 1795 3067 persigna

89 3080 211 3143 tialiten
232 3078 359 3149 adeoque
384 3094 439 3132 non
459 3092 511 3147 per
527 3081 694 3142 μετουσίαν,
716 3092 781 3130 cum
797 3080 929 3130 κοινωνία
956 3076 1085 3134 visibilia.
1125 3078 1166 3132 At
1187 3078 1212 3132 si
1229 3078 1310 3148 panis
1329 3076 1528 3133 eucharisticae
1546 3077 1649 3135 desinit
1666 3095 1726 3135 esse
1743 3095 1793 3150 ps·

90 3174 120 3225 st
146 3169 282 3241 μετουσία
311 3163 366 3218 sibi
389 3167 487 3219 mutuo
514 3166 698 3234 opponantur.
734 3161 768 3216 In
790 3160 840 3217 illa
856 3161 930 3216 enim
955 3162 1011 3231 nis,
1039 3178 1145 3233 nosque
1172 3163 1201 3217 in
1225 3162 1352 3234 symbolo
1374 3168 1490 3220 esterno
1508 3163 1696 3235 ludificamur,
1726 3181 1793 3237 qno·

89 3260 158 3311 sunt
174 3252 232 3307 dno
251 3249 363 3305 termini
378 3254 458 3318 actu3
478 3247 563 3318 alter,
590 3248 637 3304 cni
654 3248 762 3320 aliquid
779 3247 929 3304 communi·
956 3247 1036 3304 modo
1068 3247 1137 3303 fides
1168 3255 1262 3304 nostra
1287 3247 1340 3303 hoc
1368 3256 1541 3306 sacramento
1564 3248 1793 3306 confirmabitur?

90 3349 185 3411 eatur,
213 3337 295 3405 alter,
319 3335 368 3407 qui
390 3335 617 3392 communicatur.
660 3334 695 3389 In
717 3341 850 3406 μετουσίᾳ
868 3341 928 3390 tau·
955 3333 1139 3389 Bellarminus
1167 3334 1283 3405 excipit,
1313 3337 1354 3389 ad
1375 3337 1461 3400 fidem
1484 3335 1667 3391 invisibilium
1690 3337 1791 3405 confir·-

90 3436 152 3486 tnm
170 3430 214 3482 est
231 3439 303 3479 unus
322 3427 388 3478 actu
406 3422 548 3485 miuus,
567 3438 667 3494 nempe
685 3423 778 3493 ipsum
791 3429 928 3477 transmu-
954 3422 1086 3474 maaslam
1108 3420 1179 3473 satis
1196 3437 1269 3489 cess,
1294 3421 1321 3474 si
1336 3430 1477 3476 ασίανκιυω
1493 3423 1604 3489 nquam
1620 3438 1684 3476 cere
1695 3422 1791 3492 perci·

90 3521 196 3578 tatum,
212 3508 347 3566 terminus
363 3513 465 3578 antem,
482 3524 501 3562 a
519 3524 575 3580 qno
593 3525 649 3564 non
665 3508 785 3580 amplius
805 3512 862 3575 est,
878 3508 927 3564 secl
949 3507 1064 3576 pictur,
1100 3506 1211 3559 etiamsi
1234 3524 1291 3560 αοα
1321 3513 1453 3576 sequntur
1479 3508 1593 3578 effectas
1619 3508 1681 3578 ejas
1705 3507 1790 3578 siqui,

90 3601 137 3657 vel
163 3598 195 3653 in
217 3595 335 3650 nihilum
358 3594 488 3650 redactus
513 3594 558 3649 vel
575 3594 603 3648 in
620 3595 805 3665 privationem
822 3595 928 3649 solutus
954 3601 984 3646 ut
1003 3600 1044 3647 est
1059 3610 1106 3646 res
1122 3593 1271 3650 naturalis.
1306 3590 1530 3663 Respondemus:
1559 3609 1615 3648 non
1634 3592 1669 3650 de
1688 3593 1791 3651 effectu

91 3692 142 3742 est.
178 3683 212 3738 ln
236 3687 369 3749 κοινωνία
393 3680 480 3752 igitur
504 3686 651 3751 utrumqne
668 3688 710 3737 est
727 3680 807 3750 panis
826 3687 855 3735 ct
870 3697 929 3735 cor·
954 3678 1084 3745 naturali,
1103 3678 1153 3733 sed
1171 3678 1206 3733 de
1223 3677 1380 3734 substantia
1396 3678 1470 3750 signi
1488 3679 1534 3734 vel
1552 3678 1671 3751 symboli
1685 3678 1790 3736 externi

91 3790 158 3844 pus,
186 3769 283 3825 riuum
308 3773 338 3822 et
360 3765 490 3838 sanguis3
517 3765 548 3819 in
576 3772 711 3837 μετουσίᾳ
735 3782 800 3821 vero
819 3773 928 3823 mutum
951 3768 1010 3837 jam
1038 3765 1161 3837 ngimns3
1190 3765 1214 3819 si
1241 3763 1341 3820 desinit
1363 3764 1521 3820 substantia
1539 3764 1624 3837 signi,
1650 3762 1789 3836 quomodo

91 3863 135 3915 est
156 3871 258 3926 corpus
281 3860 310 3910 et
334 3869 390 3908 non
410 3851 494 3907 simul
511 3852 603 3922 panis,
629 3857 672 3907 est
690 3858 798 3908 tantm
815 3854 928 3925 sanguin
953 3868 1018 3908 vere
1046 3851 1216 3924 percipietur
1244 3851 1355 3923 siguum
1379 3850 1424 3905 rel
1449 3849 1627 3922 symbolum?
1656 3849 1790 3915 Quamvis

91 3952 120 4001 et
137 3960 197 3999 non
213 3940 295 3997 nmul
316 3939 458 3995 unumst*
499 3937 697 3996 concludimus
721 3939 822 4011 igitur:
847 3942 928 4012 panis
954 3938 1027 3994 enim
1054 3938 1165 4009 signum
1191 3953 1247 3991 non
1269 3938 1375 3992 ratione
1397 3936 1583 4005 substantiae,
1610 3936 1659 3990 sed
1681 3936 1789 3992 munus

90 4027 293 4089 eucharisticns
316 4025 419 4080 dicitnr
444 4024 656 4081 communicatio
675 4027 798 4096 corporis
816 4025 928 4084 Christi.
954 4024 1155 4088 accidentium,
1173 4041 1246 4096 quae
1265 4023 1325 4078 sola
1342 4029 1408 4078 snut
1423 4023 1505 4096 sigua
1522 4021 1680 4092 sensibilia,
1696 4022 1789 4095 signet

89 4118 169 4189 Engo
193 4130 250 4170 non
273 4117 317 4169 est
340 4110 524 4168 essentiditer
542 4115 665 4166 mutatus
683 4111 713 4166 in
732 4128 833 4182 corpus
850 4112 929 4169 Chri·
956 4111 1043 4183 (quod
1067 4109 1120 4164 boc
1141 4110 1201 4165 loco
1221 4108 1405 4165 bellarminus
1423 4112 1526 4181 urget),
1549 4112 1643 4164 temen
1661 4126 1724 4165 cnm
1743 4125 1789 4165 ac·

88 4204 135 4259 sti.
178 4198 289 4256 Relatio
311 4204 438 4254 vusatnr
455 4196 492 4251 ad
512 4196 657 4251 minimum
673 4196 828 4252 interduo.
863 4197 929 4255 an
955 4196 1076 4254 cidentia
1093 4211 1150 4250 non
1168 4195 1224 4250 sint
1241 4195 1300 4252 sine
1321 4194 1457 4265 subjecto,
1476 4197 1539 4251 ideo
1554 4196 1638 4252 etiam
1656 4213 1712 4252 non
1729 4199 1790 4267 pot-

89 4305 156 4347 vero
184 4289 319 4342 κοινωνία
351 4288 395 4339 est
422 4283 541 4352 relatio,·
574 4299 641 4353 ergo
669 4288 700 4337 ut
720 4282 800 4353 penis
817 4299 881 4338 vere
902 4289 930 4339 et
956 4290 1038 4340 erunt
1060 4281 1170 4354 signare
1194 4284 1253 4337 sine
1277 4282 1418 4353 subjecto,
1445 4282 1469 4337 si
1487 4282 1643 4340 accidentia
1661 4301 1716 4339 non
1733 4299 1790 4336 am·

89 4374 203 4447 proprie
229 4372 340 4428 dicatur
363 4375 497 4424 κοινωνία
521 4369 644 4439 corporis
671 4368 791 4438 Christi,
820 4374 931 4440 oportet
956 4370 1028 4444 plius
1046 4367 1214 4423 substratam
1232 4367 1337 4423 habent
1352 4368 1551 4439 substantiam,
1575 4385 1659 4440 quam
1679 4367 1791 4440 signant

90 4476 152 4520 esse
178 4475 198 4515 a
225 4473 340 4529 corpore
365 4455 468 4513 Christi
494 4455 656 4511 distinctum
680 4455 757 4527 quid.
792 4454 930 4521 Quemad·
955 4453 1131 4519 naturaliter,
1157 4454 1295 4525 quomodo
1317 4453 1428 4526 signare
1449 4462 1581 4527 poterunt
1606 4458 1790 4510 sacramenta·

89 4547 206 4605 modum
231 4543 362 4600 limitatio
379 4549 423 4598 est
440 4541 538 4598 relatio
555 4542 628 4597 inter
645 4540 701 4595 duo
721 4540 865 4608 distincta,
890 4540 930 4593 vi-
955 4540 1037 4598 liter?
1069 4539 1113 4595 Αο
1140 4539 1164 4594 si
1194 4539 1239 4595 vel
1264 4541 1382 4598 maxime
1407 4541 1482 4597 nuda
1504 4539 1660 4598 accidentia
1680 4538 1791 4611 signare

90 4633 193 4690 delicet
215 4630 339 4686 limitans
363 4634 392 4684 et
407 4627 572 4696 limitatum
600 4628 640 4683 its
657 4626 868 4683 communicatio
888 4631 931 4682 est
955 4626 1071 4699 possint,
1090 4630 1183 4683 tamen
1199 4642 1256 4680 non
1273 4633 1339 4681 sunt
1356 4643 1452 4681 verum
1468 4626 1626 4698 symbolum
1636 4626 1791 4680 sacramen·

89 4719 191 4778 restio
217 4717 290 4773 inter
316 4715 372 4770 duo
402 4714 549 4783 dutincta,
576 4713 707 4769 videlicet
732 4712 805 4767 inter
828 4728 929 4784 panem
955 4713 1020 4770 tals.
1062 4718 1086 4769 3.
1108 4711 1164 4768 Per
1185 4710 1522 4784 transsubstantiationem
1538 4711 1644 4767 tollitur
1661 4708 1791 4783 melogin

88 4803 357 4867 communicantem,
385 4808 413 4857 et
435 4817 536 4870 corpus
563 4799 666 4855 Christi
693 4797 930 4855 communicatum
956 4799 1163 4856 sacramentalis
1187 4797 1260 4854 inter
1284 4813 1343 4852 rem
1362 4801 1498 4853 terrenam
1519 4804 1547 4852 et
1566 4796 1712 4851 coelestem
1729 4801 1789 4851 tum

88 4892 176 4951 Panis
207 4896 238 4945 et
265 4904 365 4960 corpus
399 4885 502 4943 Christi
534 4891 600 4941 snut
620 4903 707 4942 unum
729 4883 930 4941 sacramentale
956 4885 1130 4957 principalis,
1148 4891 1209 4941 tum
1227 4882 1318 4939 minus
1336 4881 1505 4954 principalis.
1539 4880 1706 4952 Principalis
1723 4897 1789 4937 ana

88 4985 206 5054 prepter
229 4975 373 5043 unionem;
395 4972 505 5028 interim
527 4978 633 5042 umen,
659 4972 725 5044 quia
740 4970 821 5044 panis
840 4987 930 5026 essen-
954 4971 1031 5043 logia
1053 4976 1108 5038 est,
1137 4971 1212 5043 quod
1236 4969 1317 5041 panis
1339 4968 1537 5025 eucharisticus
1554 4967 1591 5021 sit
1607 4984 1743 5039 organum
1762 4972 1791 5023 et

88 5065 194 5125 naliter
220 5078 277 5117 nou
303 5066 427 5115 mutatur
449 5059 479 5113 iu
501 5074 602 5128 corpus
619 5056 738 5128 Christi,
761 5074 814 5113 nec
830 5073 929 5128 corpus
955 5056 1077 5113 medinm
1094 5056 1224 5113 idoneum
1242 5055 1278 5111 ad
1298 5052 1519 5108 distributionem
1538 5051 1658 5123 corporis
1677 5051 1736 5122 vel,
1757 5058 1790 5107 nt

92 5149 196 5209 christi
220 5147 250 5203 in
273 5163 389 5218 panem,
418 5145 469 5202 sed
496 5150 609 5200 manent
631 5144 780 5200 distinctae
804 5150 930 5209 naturae,
955 5141 1096 5215 apostolus
1114 5141 1253 5214 loquitur,
1274 5147 1405 5195 κοινωνία
1422 5138 1544 5210 corporis
1561 5137 1678 5207 Christi,
1701 5136 1789 5211 quod·

89 5239 156 5295 inde
187 5233 268 5308 panis
295 5232 398 5287 dicitur
426 5230 639 5287 communicatio
668 5231 792 5303 corporis
819 5230 930 5300 Christi,
955 5246 1009 5302 que
1042 5229 1136 5284 vinum
1170 5225 1348 5284 benedictum
1383 5226 1419 5281 sit
1447 5241 1582 5297 organum
1607 5241 1640 5279 ac
1668 5223 1789 5281 medium

90 5330 261 5383 nouantem
280 5324 405 5376 mumius
422 5319 451 5375 in
469 5335 570 5391 corpus
588 5317 707 5389 Christi,
736 5317 781 5373 vel
799 5318 930 5374 essentia·
954 5316 1084 5373 idoneum
1108 5315 1144 5370 ad
1164 5312 1386 5369 distributionem
1406 5310 1562 5383 sanguinis,
1587 5309 1646 5375 vel,
1674 5315 1706 5365 ut
1722 5327 1788 5383 apo·

88 5412 155 5469 liter
182 5409 274 5482 ipsum
300 5421 401 5478 corpus
423 5404 536 5462 Christi.
571 5405 708 5474 Breviter,
730 5404 872 5477 apostolus
890 5403 930 5460 lo·
954 5402 1041 5460 stolus
1064 5402 1203 5475 loquitur,
1226 5406 1357 5455 κοινωνία
1381 5396 1524 5468 sanguinis
1549 5394 1659 5451 Christi.
1694 5395 1789 5452 Minus

89 5497 189 5572 quitur
205 5495 241 5553 ds
258 5492 310 5550 tali
326 5508 417 5564 pane,
445 5491 494 5565 qni
510 5491 663 5563 frangitur,
683 5489 758 5562 quod
775 5488 841 5543 solis
858 5489 930 5545 acci-
954 5488 1120 5560 principales
1146 5485 1292 5559 malogiae
1318 5482 1474 5539 consistunt
1499 5482 1529 5537 in
1552 5481 1687 5539 facultate
1702 5481 1790 5537 nutri·

90 5581 225 5657 ᾱαιῇοοι
239 5596 298 5639 uon
313 5577 456 5649 cenrenit3
472 5577 553 5634 illum
567 5592 670 5649 panem
682 5579 764 5631 vocst
780 5580 931 5631 κοινωνίαν
954 5575 1020 5633 endi
1042 5572 1177 5639 naturali,
1201 5588 1285 5644 qnam
1307 5568 1412 5627 babent
1427 5566 1510 5645 panis
1529 5573 1557 5643 st
1573 5569 1681 5640 rmum,
1707 5583 1741 5624 so
1756 5565 1788 5623 in
