4004 6022
847 159 1108 220 assemsum
1753 171 1814 231 531

131 306 166 369 ac
187 313 297 386 regula.
317 314 400 385 juxta
417 331 500 387 quam
520 313 556 370 de
577 314 717 370 miraculis
733 316 770 370 ait
785 316 963 386 pronuntiau-
976 313 980 383 l
986 316 1096 384 pbetcs,
1118 315 1239 371 audiam
1256 315 1330 383 illos,
1352 314 1453 388 quilius
1469 314 1562 373 verbis
1579 315 1704 373 doctrina
1714 315 1822 392 ltloysls¹

57 410 117 455 ‚tta
132 400 207 454 dum.
247 399 327 464 Quae
348 401 481 456 miracula
504 401 647 477 abducunt
670 419 689 455 a
711 399 764 458 Dei
788 402 874 458 verbo
896 409 924 457 et
947 388 1018 456 alst
1036 401 1232 472 prophetarum
1250 401 1470 473 apparitionibus
1490 409 1660 457 mortuorum
1683 409 1711 459 et
1733 405 1819 460 omni·

130 485 236 540 fiducia
257 487 286 540 iu
304 503 399 540 verum
419 486 509 541 Deum
528 488 571 552 ¹ad
591 486 676 542 falsas
696 487 836 543 dochinus
855 496 883 544 et
906 458 1042 573 cul-ibus
1061 488 1198 543 miraculis
1216 487 1377 558 praefertur.
1413 488 1457 543 Ao
1477 487 1576 542 Petrus
1594 489 1718 559 exposita
1740 491 1819 545 mira·

130 578 191 626 tum
210 572 360 639 idolorum,
380 591 413 632 es
429 592 484 628 nou
504 579 569 627 sunt
582 591 632 644 pro
652 574 760 642 divinis,
780 574 829 629 sed
848 574 963 630 diaboli·
989 573 1083 628 culosa
1098 572 1340 645 transfiguratione
1357 573 1458 628 Christi
1476 574 1505 627 in
1522 579 1613 629 monto
1628 574 1741 635 Thabor
1755 576 1819 630 sub·

130 659 171 712 eis
190 658 329 714 miraculis
348 659 483 715 habenda.
519 659 688 730 Exprimitur
698 660 781 715 etiam
793 677 884 725 eausa,
902 677 963 731 pro·
985 658 1081 730 jungit
1104 665 1127 714 2.
1151 659 1238 730 Epist.
1265 666 1290 722 l,
1315 676 1341 713 v.
1372 664 1415 715 19:
1446 660 1545 732 ἔχομεν
1573 659 1747 730 βεβαιότερον
1770 659 1821 717 τὸν

128 752 192 814 pter
221 762 304 815 quam
333 745 473 814 permittat
500 745 577 800 Deus
604 745 673 800 talia
703 745 835 800 miracula
862 735 1161 817 virtuteinpmpnnsbv
1194 744 1292 814 λόγον,
1328 747 1459 810 babemus
1488 745 1638 812 firmiorem
1669 763 1821 801 ramorum

130 829 234 885 diaboli
252 848 302 902 per
320 831 574 902 pseudoprophetas
594 830 660 896 fieri,
679 830 807 886 nimirum
828 837 860 885 ut
877 837 964 887 tentet
985 832 1185 900 propheticam,
1205 831 1253 887 ubi
1272 849 1327 887 uon
1345 831 1451 887 confert
1467 832 1583 887 invicem
1596 847 1747 886 sermonem
1759 849 1820 903 pro·

130 921 159 970 et
178 916 303 987 exploret
321 934 379 985 nos,
398 934 433 971 an
451 915 568 972 velimus
587 918 639 987 ipsi
660 923 689 972 et
704 917 789 972 verbo
808 919 868 987 ejus
884 918 963 972 unios
989 917 1133 986 pictarum
1158 925 1185 973 et
1210 934 1303 973 vocem
1328 917 1419 973 Patris
1443 917 1569 974 eoelestis
1593 917 1621 971 in
1644 918 1821 989 transfigura-

130 1002 297 1072 adhaerera,
319 1002 445 1074 adeoque
468 1020 501 1058 ex
527 1009 584 1058 toto
610 1004 692 1059 corde
716 1003 768 1073 ipsi
787 1004 902 1065 serviro,
931 1022 963 1059 ex
989 1002 1063 1057 tione
1088 1003 1224 1072 auditam,
1249 1005 1315 1074 quia
1337 1005 1433 1060 eadem
1459 1005 1541 1059 etiam
1567 1019 1620 1057 vox
1639 1020 1689 1073 per
1704 1003 1821 1074 propha-

130 1104 187 1159 quo
213 1088 354 1144 evidenter
378 1089 532 1161 colligitur,
560 1105 614 1144 non
643 1089 735 1144 omnia
759 1089 892 1144 miracula
917 1090 963 1143 do·
989 1096 1031 1142 tas
1051 1090 1156 1158 sonuit,
1181 1090 1230 1144 ssd
1253 1090 1359 1145 confert
1382 1090 1573 1145 miraculosam
1592 1088 1693 1143 Christi
1713 1087 1822 1143 transfi-

129 1175 236 1228 otrinae
262 1173 465 1229 confirmandae
488 1192 569 1246 ergo,
597 1177 645 1231 sed
669 1177 804 1248 quaedam
824 1176 962 1250 hominum
989 1176 1163 1244 gurationem
1188 1191 1221 1229 ac
1245 1175 1349 1246 Moysis
1376 1183 1403 1231 et
1429 1175 1506 1231 Elias
1526 1174 1716 1230 miraculosam
1736 1190 1821 1245 appa-

130 1259 361 1329 explorandorum
382 1277 466 1315 causa
484 1260 552 1328 fieri,
571 1262 803 1332 quemadmodum
821 1269 849 1315 et
867 1263 963 1333 Augu·
989 1259 1114 1316 titionem
1137 1278 1200 1315 cum
1220 1278 1342 1316 sermons
1361 1262 1535 1331 prophetico,
1562 1269 1645 1328 atque
1668 1259 1821 1314 tonsillis

130 1345 219 1398 sunus
239 1344 287 1399 lib.
300 1352 325 1400 3.
344 1346 379 1401 de
390 1346 467 1403 Trin.
481 1365 504 1401 c.
522 1354 544 1401 t.
558 1348 592 1402 de
605 1365 747 1420 magorum
761 1348 963 1419 Aegyptiorum
989 1347 1070 1414 lonpe
1087 1349 1238 1410 firmiorem
1254 1365 1288 1401 ac
1306 1348 1478 1400 stabiliorem
1495 1347 1581 1410 dicit,
1600 1344 1732 1399 miracula
1747 1345 1822 1399 enim

132 1431 274 1485 miraculis
299 1440 375 1486 recte
399 1433 574 1503 pronuntiat,
600 1434 676 1504 quod
702 1436 772 1487 data
795 1436 884 1498 suerit
903 1435 964 1488 illis
990 1449 1044 1485 uon
1063 1439 1120 1485 tam
1138 1431 1256 1486 solidum
1277 1432 1413 1502 praebent
1429 1431 1493 1486 fidei
1511 1432 1721 1486 fundamentum
1740 1446 1822 1501 quam

128 1524 255 1585 potestas
276 1518 379 1571 edendi
398 1520 535 1586 quaedam
553 1520 694 1573 miracula
711 1521 755 1574 cel
768 1522 808 1572 ad
818 1520 963 1583 fallendos
991 1517 1081 1585 ipsum
1098 1517 1151 1573 Dei
1170 1518 1300 1581 verbum,
1319 1535 1374 1589 quo
1392 1517 1512 1588 pertinet
1529 1516 1685 1572 observatio
1702 1516 1822 1586 Chryso·

129 1603 255 1664 fallaces
275 1604 440 1673 Aegyptios,
463 1605 510 1677 cel
530 1607 570 1659 ad
587 1607 778 1660 admonendos
795 1607 906 1672 fideles,
930 1622 963 1658 ne
991 1606 1072 1657 atomi
1096 1603 1169 1660 hom.
1189 1609 1229 1660 23.
1250 1604 1279 1658 in
1297 1603 1360 1659 ιιοιι
1381 1604 1473 1658 statim
1497 1604 1525 1657 ln
1542 1604 1642 1673 princ:
1666 1603 1824 1657 Firmiorcc

130 1690 187 1742 tole
213 1691 284 1759 qaid
305 1692 403 1754 facere
427 1709 595 1762 mapnopere
621 1694 830 1760 desiderarent,
858 1693 902 1747 cel
925 1694 966 1745 od
991 1697 1070 1742 mant
1088 1691 1226 1759 discipuli
1243 1709 1299 1743 non
1318 1692 1461 1760 signorum
1483 1697 1588 1743 tantam
1605 1688 1709 1758 pratia,
1728 1689 1780 1741 sed
1796 1694 1823 1741 st

130 1778 313 1830 esereendam
351 1785 379 1831 et
416 1780 653 1847 manifestandam
681 1780 823 1849 jastonem
856 1778 964 1847 patien-
992 1777 1136 1830 doctrinae
1147 1777 1247 1830 «lesum
1260 1778 1347 1831 secati
1365 1778 1382 1845 (
1385 1779 1483 1831 traines
1504 1775 1690 1845 ciaprpiortpot
1706 1768 1778 1840 ἦσαν
1795 1773 1824 1827 οι

129 1864 208 1915 tiam.
244 1861 469 1918 llBellarminus
495 1864 543 1918 lib.
562 1874 586 1923 4.
610 1863 645 1920 ds
663 1865 758 1921 eccles.
778 1882 802 1921 c.
823 1869 867 1919 tt:
892 1866 965 1917 Ante
990 1866 1127 1934 potarat,
1155 1862 1217 1917 ὅσοι
1242 1864 1280 1936 μὴ
1306 1862 1363 1917 ἀπὸ
1395 1870 1517 1933 σημείων
1544 1855 1697 1933 scoritano
1724 1857 1823 1932 μόνον,

131 1949 364 2018 approbationem
387 1951 520 2003 ecciesiae
539 1969 594 2004 non
614 1959 653 2004 cst
669 1952 780 2004 evidens
797 1959 846 2003 oat
862 1958 966 2004 certam
993 1947 1131 2002 attactas
1145 1950 1408 2016 ιῆςδιιασκαιιας.)
1439 1948 1496 2010 Qut
1511 1949 1583 2000 enim
1595 1945 1732 2000 crassiori
1742 1951 1823 1999 erant

131 2036 298 2088 certdadinc
304 2037 374 2102 fidei
382 2038 417 2090 de
426 2036 486 2090 allo
496 2037 641 2101 miraculo,
652 2038 728 2105 qseocl
735 2037 772 2090 sit
780 2052 874 2090 ceram
881 2038 965 2089 mira·
993 2034 1116 2102 inpenio,
1139 2035 1228 2102 signis
1246 2035 1444 2102 trolacbanturp
1467 2022 1589 2086 acutiori
1603 2049 1682 2100 cero,
1700 2029 1824 2099 prophe·

131 2121 234 2189 calum,
247 2121 313 2190 qaia
324 2140 378 2174 non
388 2130 498 2175 constat
507 2123 586 2176 nobis
595 2124 769 2192 certitudine,
782 2125 828 2176 cni
837 2142 894 2177 non
899 2141 965 2191 pos·
992 2123 1038 2174 tiis
1064 2129 1088 2174 et
1113 2121 1252 2175 doctrina.
1286 2119 1455 2188 ,Quicunque
1484 2119 1570 2188 ipitar
1590 2135 1643 2188 per
1666 2118 1941 2174 acerrimarum

130 2207 168 2258 sit
177 2206 288 2260 subesse
296 2208 411 2277 falsam
422 2208 502 2261 illam
512 2227 567 2261 non
577 2225 634 2261 esse
642 2208 802 2263 illusionem
812 2209 965 2264 daemonis.
992 2208 1148 2276 crederent,
1179 2208 1381 2260 constantiores
1405 2213 1498 2273 erant,
1523 2222 1592 2274 gatos
1620 2204 1704 2256 etiam
1730 2204 1823 2258 beatos

134 2294 263 2345 Daemon
273 2296 345 2346 enim
354 2295 407 2347 etsi
414 2312 468 2348 non
475 2301 568 2363 potest
576 2295 675 2358 facere
685 2313 752 2348 cera
761 2295 909 2361 miracala,
924 2302 966 2347 ta·
991 2293 1144 2361 appellavit
1172 2293 1283 2345 dicens:
1309 2290 1394 2344 Beati
1418 2291 1467 2359 qai
1488 2308 1543 2344 non
1561 2289 1691 2343 viderant
1717 2297 1743 2342 ct
1766 2305 1822 2343 cre·

131 2380 966 2449 mcnpotestfacereapparenteretiammacimaquaeqae.**
994 2379 1135 2431 eliderent.
1171 2376 1345 2449 Augustinus
1368 2376 1403 2430 de
1427 2391 1562 2430 consensu
1585 2373 1710 2445 evangel.
1731 2372 1777 2428 lib.
1799 2379 1824 2429 4.

131 2463 965 2537 Trithemiusinrespadoctoquacstadimpor.Marim.q.3:
995 2479 1018 2518 e.
1041 2470 1085 2518 10:
1116 2460 1243 2516 Christos
1267 2464 1364 2530 reputo
1390 2462 1475 2516 dicit:
1505 2462 1572 2515 Nisi
1597 2463 1678 2529 sipna
1705 2467 1732 2512 et
1757 2476 1825 2528 pro·

138 2549 191 2603 Ubi
207 2553 312 2604 ceritas
331 2570 386 2605 non
405 2552 516 2618 colitur,
534 2553 561 2604 si
577 2568 633 2620 qvia
650 2553 720 2616 liant
737 2552 892 2620 miracala,
912 2570 967 2604 non
992 2550 1073 2619 alipio
1090 2549 1228 2611 videritis,
1240 2566 1295 2602 non
1307 2548 1430 2611 creditis,
1448 2548 1622 2616 usqueadeo
1633 2562 1718 2615 saper
1731 2546 1825 2600 omnia

132 2637 228 2702 Deus,
251 2638 303 2690 sed
326 2637 457 2690 diabolas
482 2645 622 2705 operatur.
660 2639 738 2690 Deras
756 2638 828 2690 enim
852 2655 913 2690 cam
931 2639 968 2691 sit
992 2635 1138 2688 mutabilia
1161 2633 1256 2688 volens
1275 2642 1389 2686 mentem
1407 2634 1545 2686 credentis
1562 2633 1704 2696 attollere,
1730 2638 1759 2683 ut
1776 2645 1827 2684 nac

132 2724 251 2791 ceritas,
262 2716 264 2719 ¹
275 2723 427 2792 relipiones
443 2723 539 2788 falsas
559 2741 613 2777 non
638 2724 758 2777 institnit
780 2732 806 2778 et
825 2724 889 2778 ideo
908 2725 967 2776 suis
993 2724 1057 2792 ipsc
1073 2721 1228 2786 miraculo,
1247 2736 1318 2789 patae
1335 2720 1460 2788 quamuis
1478 2719 1612 2771 divinitas
1632 2719 1667 2771 dc
1685 2712 1826 2773 mutabili·

133 2808 280 2861 miraculis
298 2810 471 2862 mendacium
484 2826 626 2877 nonquam
638 2809 800 2866 illustravit.
840 2808 967 2865 Ceterum
992 2816 1050 2861 tate
1070 2825 1218 2877 corporum
1238 2809 1317 2874 fiant,
1335 2824 1355 2858 a
1371 2805 1501 2870 fidelibus
1518 2806 1618 2873 quaeri
1634 2804 1708 2858 oelit.

134 2902 166 2948 ιιι
184 2912 280 2949 sensus
299 2895 351 2949 loci
370 2893 444 2948 illius
462 2891 576 2947 Moesici
595 2893 644 2948 fiat
660 2893 807 2964 illustrior,
825 2896 968 2966 conjungi·
1029 2899 1086 2949 277.
1120 2894 1175 2958 At,
1193 2893 1300 2964 inquis,
1320 2892 1343 2946 si
1362 2889 1430 2946 haec
1448 2891 1488 2945 ita
1505 2907 1535 2946 se
1554 2890 1665 2955 habent,
1683 2906 1732 2944 cur
1748 2885 1826 2944 Chri·

134 2997 195 3034 mus
212 2981 303 3036 locum
320 2981 403 3034 Deut.
424 2987 463 3046 13,
476 2996 501 3033 v.
517 2985 561 3034 20:
582 2981 727 3049 Propheta
739 2983 789 3050 qui
801 2983 969 3050 arrogantia
993 2985 1052 3033 stus
1078 2980 1160 3035 toties
1186 2987 1319 3051 provocat
1342 2979 1378 3033 ad
1401 2993 1451 3031 sua
1477 2974 1623 3044 miracula,
1650 2983 1681 3029 ut
1704 2991 1754 3045 per
1777 2972 1827 3029 ills

135 3069 305 3136 άφναιιαιιιι
322 3067 441 3120 volucrit
461 3066 539 3134 loqui
557 3066 587 3119 in
606 3068 717 3119 nomine
737 3084 811 3135 meo,
830 3085 900 3136 qaae
919 3085 968 3136 epo
994 3066 1133 3121 auditores
1152 3066 1189 3120 ad
1207 3064 1289 3119 fidem
1307 3060 1458 3134 perducat?
1483 3061 1549 3117 doh.
1568 3069 1591 3129 5,
1609 3077 1634 3115 ι.
1656 3066 1701 3115 lb:
1727 3059 1827 3114 Habeo

134 3171 191 3207 non
204 3154 343 3222 praecepi
359 3153 413 3215 illi,
433 3159 463 3204 ot
485 3152 600 3220 diceret,
620 3161 668 3204 cat
687 3170 719 3206 ec
735 3154 845 3207 nomine
863 3154 968 3207 alieno·
994 3153 1178 3207 testimoniam
1197 3153 1290 3220 majas
1298 3150 1438 3217 Jobanne‚
1459 3147 1643 3216 operaenim,
1662 3163 1732 3214 ossae
1748 3146 1829 3199 dedii

134 3259 197 3294 ram
217 3242 341 3309 deorum,
357 3240 546 3309 interficietur.
574 3256 600 3291 v.
620 3243 666 3294 li:
699 3239 806 3302 Quodsi
822 3241 909 3294 tacita
926 3257 969 3293 co·
994 3240 1064 3292 mibi
1079 3239 1180 3302 Pater,
1198 3245 1229 3290 at
1242 3237 1389 3307 perficiam
1407 3252 1458 3297 ea,
1479 3235 1543 3301 spec
1562 3231 1746 3285 testimoniam
1758 3247 1827 3299 per·

136 3327 272 3397 pitatione
294 3327 491 3396 responderis:
521 3327 663 3388 Quomodo
681 3343 796 3395 possum
814 3327 970 3394 intelligere
994 3324 1087 3378 bibent
1107 3326 1141 3376 de
1159 3339 1210 3378 me.
1244 3321 1308 3377 Joh.
1330 3326 1374 3383 10,
1391 3338 1416 3373 v.
1435 3324 1482 3374 at:
1511 3317 1546 3372 at
1562 3334 1617 3369 non
1634 3317 1720 3383 socio
1738 3330 1827 3384 opero

96 3419 99 3425 '
136 3414 263 3483 verbam,
280 3415 357 3482 qaod
375 3414 514 3466 Dominus
531 3430 586 3466 non
605 3419 647 3464 est
664 3411 791 3465 locatas!
809 3430 834 3467 s.
852 3417 894 3467 22.
919 3412 970 3466 hoc
996 3410 1100 3472 Patris,
1117 3408 1203 3463 nolite
1222 3407 1292 3460 milti
1309 3408 1440 3472 credere,·
1459 3422 1484 3458 v.
1503 3410 1545 3460 38.
1564 3405 1696 3456 siaatem
1707 3404 1826 3468 faciest

135 3501 250 3554 babebis
273 3501 395 3570 ss'qaam,
419 3502 496 3570 qaod
518 3501 548 3552 in
570 3499 679 3552 nominc
699 3498 819 3551 Domini
829 3499 971 3568 propbeta
996 3496 1065 3549 mibi
1081 3513 1136 3550 non
1154 3495 1238 3548 valtis
1255 3494 1382 3560 credere,
1409 3490 1537 3560 operibns
1560 3491 1664 3542 credite
1683 3495 1735 3543 etc
1772 3486 1825 3543 Rs·

134 3587 186 3641 ille
205 3587 383 3656 praedicarit
404 3595 428 3640 ct
450 3604 505 3639 non
529 3586 661 3650 evenerit,
686 3585 737 3639 boc
756 3588 896 3639 Dominus
914 3604 969 3639 non
995 3578 1379 3654 spondemusrPraeterquam
1388 3576 1462 3647 quod
1472 3574 1697 3644 distinguendum
1708 3573 1745 3629 sit
1756 3575 1827 3628 inter

135 3681 176 3727 est
197 3674 319 3738 locutas,
344 3675 396 3726 sed
415 3691 468 3742 per
487 3680 619 3725 tumorem
635 3673 775 3741 propbeta
793 3673 925 3737 confinxit
943 3680 969 3725 et
995 3674 1097 3723 statum
1115 3665 1247 3721 ecclesiae
1262 3663 1433 3745 Christianae
1451 3661 1589 3716 nascentis
1609 3668 1637 3715 et
1652 3660 1765 3714 adultae
1784 3661 1827 3728 (ιιι

133 3780 190 3816 ιιοιι
218 3760 325 3812 timebis
351 3777 419 3813 eam.
472 3759 615 3813 Ducentur
641 3757 796 3828 Israelitao,
824 3775 873 3828 pro
898 3757 968 3812 falso
996 3755 1078 3825 paulo
1103 3753 1228 3823 superius
1252 3750 1467 3813 admonuimus),
1491 3766 1546 3803 non
1566 3746 1682 3802 dicimus
1701 3745 1828 3821 absolute¹

135 3846 273 3917 propheta
290 3845 448 3900 habendum
466 3861 525 3900 esse
543 3861 621 3910 eum,
645 3843 692 3916 qui
709 3844 847 3914 praedicit
864 3844 969 3916 aliquid
996 3848 1024 3896 et
1044 3838 1220 3910 simpliciter,
1240 3835 1373 3890 miracula
1392 3834 1461 3889 nihil
1477 3834 1610 3905 probare,
1630 3832 1678 3887 sed
1696 3828 1829 3887 miracula

135 3932 275 4000 futurum,
292 3933 336 3986 cui
356 3950 411 3986 non
428 3931 577 4000 respondet
597 3938 726 3999 eventus,
745 3930 793 3986 sed
812 3949 847 3986 na
869 3947 901 3986 ex
922 3931 969 3986 illo
995 3928 1054 3982 sine
1072 3925 1199 3980 doctrina
1217 3921 1286 3977 nihil
1302 3921 1429 3994 probare,
1446 3919 1643 3991 conjungenda
1661 3917 1747 3988 igitur
1764 3933 1829 3972 cum

135 4019 306 4090 colligerent,
326 4034 419 4072 omues
438 4017 499 4071 illos
521 4034 571 4086 pro
588 4016 659 4070 veris
680 4015 821 4086 prophetis
842 4034 874 4071 ao
895 4017 969 4072 sanis
997 4011 1134 4067 miraculis
1149 4009 1288 4076 doctrina,
1307 4008 1441 4078 adquam
1462 4003 1677 4059 confirmandam
1695 4002 1828 4059 adhiben-

136 4104 296 4160 doctorihus
318 4103 472 4166 habendos,
495 4119 612 4174 quorum
635 4101 870 4173 praedictionibus
890 4120 969 4157 even·
995 4108 1048 4154 tur.
1083 4097 1112 4152 si
1133 4095 1257 4150 doctrina
1271 4093 1400 4149 convenit
1418 4109 1480 4146 cum
1500 4106 1541 4160 ea,
1560 4107 1631 4161 quae
1642 4105 1692 4159 per
1704 4088 1830 4159 Moysen,

137 4199 182 4246 tus
206 4189 366 4262 respondet,
390 4188 497 4244 ideae.
522 4194 565 4255 13,
584 4205 609 4242 ιι.
631 4195 653 4243 1.
671 4187 773 4242 diserte
791 4189 972 4258 prohibentur
996 4184 1158 4254 prophetas,
1178 4179 1318 4236 Christum
1337 4184 1365 4232 et
1385 4176 1524 4249 apostolos
1543 4175 1666 4230 revelata
1684 4183 1739 4246 est,
1762 4180 1830 4228 tuns

136 4278 216 4331 illum
227 4275 388 4348 prophetam
401 4274 487 4345 sequi,
501 4273 549 4344 qui
562 4272 598 4326 ad
611 4272 795 4327 idololatriam
808 4275 881 4345 ipsos
893 4275 971 4346 pelli·
997 4271 1079 4325 etiam
1096 4267 1243 4334 miracula,
1268 4281 1340 4337 quac
1357 4265 1392 4318 ad
1413 4263 1489 4317 illam
1511 4259 1728 4316 confirmandam
1745 4260 1830 4314 edun·

135 4379 200 4418 cere
219 4367 343 4423 conatur,
362 4359 385 4414 si
402 4360 446 4414 vel
458 4359 576 4413 maximo
594 4358 812 4430 praedictionum
828 4361 970 4416 veritatem
996 4366 1049 4425 tur,
1069 4373 1118 4425 pro
1136 4351 1235 4407 divinis
1254 4357 1318 4404 sunt
1336 4348 1480 4417 habenda;
1497 4347 1541 4402 sin
1557 4363 1621 4401 vero
1633 4347 1759 4401 doctrina
1774 4345 1830 4409 ills,

135 4449 307 4519 subsequens
330 4444 561 4513 complementum
586 4444 699 4516 probet:
726 4445 768 4499 Ex
788 4462 843 4518 quo
861 4445 971 4501 immoto
997 4443 1134 4512 adquam
1155 4435 1371 4492 confirmandam
1389 4432 1525 4487 miracula
1540 4431 1626 4496 fiunt,
1643 4437 1749 4503 pugnet
1766 4448 1829 4485 eum

135 4534 291 4605 colligitur,
314 4549 347 4587 ex
371 4530 606 4602 praedictionibus
631 4537 659 4583 et
678 4530 817 4585 miraculis
835 4531 900 4586 solis
916 4547 972 4585 non
999 4527 1123 4582 dartana
1140 4522 1252 4578 coelesti
1263 4539 1314 4591 per
1326 4520 1451 4589 Moysen,
1472 4518 1630 4589 prophetas,
1650 4515 1788 4572 Christum
1802 4521 1831 4570 et

136 4634 219 4691 posse
241 4617 346 4689 aliquid
373 4617 408 4671 de
428 4615 555 4669 doctrina
575 4615 675 4684 statui,
698 4618 747 4670 sed
767 4626 863 4672 conus
880 4618 973 4688 potius
998 4611 1135 4684 apostolos
1159 4607 1254 4681 generi
1279 4606 1399 4660 humano
1424 4604 1548 4658 revelata
1570 4619 1626 4657 non
1645 4609 1761 4672 possunt
1778 4616 1829 4656 nac

136 4721 172 4760 ex
191 4704 316 4759 doctrina
332 4703 368 4756 de
385 4700 620 4772 praedictionibus
643 4708 671 4755 et
693 4703 833 4758 miraculis
853 4721 912 4760 essa
926 4705 971 4774 jn·
998 4701 1102 4754 debent
1118 4714 1169 4768 pro
1189 4693 1289 4748 divinis
1308 4691 1419 4759 haberi,
1440 4696 1521 4744 uter
1539 4689 1614 4744 dicto
1634 4687 1756 4744 Mosaico
1775 4687 1830 4742 esi·

136 4790 295 4846 dicandum.
336 4787 470 4841 Mirsoula
494 4792 559 4840 suut
584 4785 727 4842 doctrinae
747 4795 867 4844 tesserae
885 4806 918 4844 ac
936 4791 973 4843 si-
999 4787 1096 4840 denter
1116 4780 1264 4852 colligitur.
1302 4776 1348 4832 Sic
1366 4776 1490 4831 Christus
1508 4775 1581 4845 ipse,
1606 4774 1654 4846 qui
1672 4781 1765 4828 tamen
1784 4770 1832 4827 αὖ·

137 4878 225 4948 oilla,
242 4869 481 4948 'quemadmodum
501 4872 586 4944 igitur
605 4871 729 4944 sigillum
754 4892 771 4929 a
790 4874 876 4930 literis
896 4874 973 4930 avul·
999 4871 1126 4928 ιόπισιος
1149 4873 1178 4921 et
1201 4866 1262 4937 ipsa
1281 4865 1382 4918 veritas
1408 4879 1462 4916 nou
1487 4861 1524 4914 ad
1544 4863 1603 4916 sola
1621 4860 1753 4915 miracula
1771 4876 1833 4929 pro·

137 4981 200 5019 sum
216 4961 286 5016 nihil
302 4960 410 5032 probat,
432 4959 472 5013 ita
489 4976 599 5030 quoque
616 4959 750 5013 miracula
766 4960 826 5014 sine
847 4961 974 5015 doctrina
999 4957 1131 5018 vocabat,
1158 4953 1206 5007 sed
1225 4951 1262 5005 ad
1282 4951 1399 5020 Moysen
1420 4964 1453 5002 ao
1472 4946 1638 5017 prophetas,
1666 4964 1699 5001 cx
1718 4961 1834 5017 quorum

137 5049 208 5105 nihil
226 5047 327 5104 valent.
358 5046 424 5100 Ideo
441 5063 506 5099 oum
524 5045 602 5099 dives
621 5045 702 5113 epulo
720 5045 749 5098 in
761 5043 878 5100 flammis
891 5047 974 5101 infer·
1000 5042 1109 5113 scriptis
1135 5040 1266 5110 dogmata
1291 5052 1341 5088 sua
1367 5030 1548 5087 confirmabat
1574 5030 1673 5085 Matth.
1696 5036 1725 5094 b,
1749 5047 1774 5085 v.
1797 5036 1835 5085 17.

137 5136 249 5190 nalibus
278 5133 443 5189 constitutus
467 5130 656 5186 Abrahamum
683 5138 807 5202 rogaret,
835 5141 867 5187 ιιι
893 5133 974 5188 misso
1001 5147 1062 5198 cap.
1090 5133 1134 5192 tl,
1159 5140 1184 5179 v.
1210 5128 1234 5179 3.
1261 5138 1321 5192 cap.
1343 5124 1391 5188 22,
1415 5137 1441 5176 v.
1466 5124 1507 5174 29.
1532 5116 1596 5173 Joh.
1624 5125 1652 5184 5,
1676 5134 1701 5169 v.
1726 5122 1758 5171 33
1782 5124 1835 5176 eto.

139 5223 175 5277 ad
202 5222 300 5276 iratres
325 5220 354 5273 in
380 5217 449 5272 vivis
472 5217 563 5271 adhuc
588 5218 750 5288 superstites
768 5216 875 5273 Lazaro
895 5219 975 5272 mira·
1002 5216 1074 5269 idem
1101 5211 1184 5266 etiam
1209 5206 1342 5263 miracula
1366 5223 1421 5260 non
1445 5203 1621 5275 praemittere
1645 5201 1751 5258 solebat
1773 5220 1836 5259 cou-

139 5308 235 5365 culosa
258 5307 307 5361 illa
332 5304 537 5375 praedicatione
562 5303 637 5375 ipsos
660 5309 845 5373 converteret,
875 5303 975 5375 accipit
1003 5299 1144 5364 sionibus,
1179 5295 1228 5349 sed
1258 5291 1403 5348 conciones
1436 5288 1583 5345 miraculis.
1637 5288 1754 5352 Disserit
1784 5289 1837 5345 hac

139 5395 193 5452 hoc
211 5393 335 5466 responsi
351 5391 421 5446 Luc.
441 5398 480 5460 16,
497 5408 523 5445 v.
536 5394 582 5445 ιιι
605 5389 716 5443 Habent
735 5391 855 5458 Moysen
872 5398 898 5444 ct
910 5408 978 5459 pro·
1005 5388 1041 5442 de
1069 5401 1100 5439 ro
1130 5379 1241 5453 egregio
1267 5377 1454 5433 Tertullianus
1484 5375 1531 5430 lib.
1562 5380 1586 5430 3.
1615 5375 1677 5431 adv.
1706 5373 1839 5436 Marcion.

193 5486 359 5534 damatam
375 5487 402 5531 t.
1467 5483 1500 5535 36
