4004 6022
779 290 830 347 DE
849 290 1040 351 acconam.
1188 314 1191 321 ·
1690 309 1751 367 405

53 442 144 501 tidem
164 451 192 499 et
210 443 362 499 docuinam
381 443 571 514 apostolicam,
590 461 641 501 nec
661 453 808 502 conservat
825 446 894 502 auti
921 454 980 502 tate
998 451 1177 506 abhorrentia
1196 460 1280 523 alasse
1299 452 1402 516 aliena
1419 469 1537 523 mmm
1555 460 1669 524 partem
1686 473 1752 532 aro

56 547 144 603 quam
161 529 239 585 illam
257 529 411 585 doctrinam
427 530 464 585 ab
482 531 614 600 apostolis
632 540 828 604 propagatam
847 533 895 586 illa
920 535 1003 598 sitia,
1023 537 1165 592 moinum
1183 539 1314 607 emortus,
1330 547 1444 608 partem
1463 541 1662 606 irreverentia,
1678 559 1754 612 quae

56 635 117 673 nou
142 624 185 672 est
210 617 363 688 apostolica
388 634 439 691 nec
464 617 664 690 antiquissima
700 620 756 675 Sed
778 620 895 675 eeclesia
921 623 957 675 ab
975 622 1116 691 impietate
1132 624 1178 677 rie
1196 626 1323 693 sejuncta
1343 641 1402 678 esse
1415 633 1517 694 potest,
1534 634 1644 695 partem
1655 646 1752 698 esmer-

56 705 186 760 Romana
209 703 343 759 hodierna
370 720 425 759 non
451 705 551 760 retinet
579 704 661 760 fidem
688 714 716 762 et
742 706 892 761 doctrinam
921 708 1005 775 stitia,
1025 725 1107 763 raas
1122 711 1239 778 pietatis
1256 711 1337 776 falsa
1356 712 1495 766 bnamma
1514 711 1655 768 invenerit.
1679 715 1751 769 Sese.

57 791 254 861 apostolicam,
281 806 333 846 nec
360 797 504 846 conservat
527 792 669 863 antiquam
694 792 769 847 illam
795 793 894 848 doctri·
922 796 970 850 ult.
990 795 1092 853 decret.
1112 797 1149 851 de
1165 796 1251 852 indul.
1275 798 1369 850 varios
1395 799 1497 852 ιὸιιιιι
1516 815 1550 851 ea
1569 798 1668 854 ιϊιάιιιι
1688 817 1753 854 cau-

56 893 123 932 uam
148 879 183 932 ab
206 878 341 949 apostolis
364 884 555 949 propagatam.
592 877 667 949 Ergo
688 897 743 934 non
764 886 806 934 ιιι
828 897 893 951 apo·
920 882 959 933 sis
979 889 1004 934 et
1024 883 1226 945 consimilibus,
1245 900 1277 937 ee
1297 884 1421 938 avaritia
1437 885 1586 955 plurimos,
1605 903 1637 939 cs
1655 903 1753 956 super·

57 963 159 1020 stolica
195 981 247 1019 nec
277 963 475 1036 antiquissima.
524 965 685 1020 Assumtum
717 984 749 1020 cx
781 967 893 1036 scriptis
920 968 1044 1032 stitione,
1062 969 1241 1039 ipsorantia,
1261 970 1457 1034 irreverentia,
1482 980 1532 1024 aut
1551 971 1668 1026 aliunde
1687 990 1753 1041 aaa

58 1049 220 1122 apostolicis
238 1049 268 1105 in
287 1050 405 1122 siugulis
426 1051 673 1107 controversiarum
693 1053 830 1123 capitibus
846 1053 893 1108 de·
920 1057 1117 1124 metuensque,
1136 1058 1188 1109 sed
1207 1056 1308 1109 abusus
1328 1056 1412 1110 etiam
1425 1057 1455 1109 in
1469 1057 1651 1126 maulpentiis
1663 1059 1753 1128 irrep·

59 1143 246 1192 monstramus
272 1144 301 1193 et
319 1137 356 1193 ab
375 1137 563 1208 opinionibus,
589 1133 739 1208 erroiibus,
763 1140 894 1210 superati·
918 1143 998 1198 aare.
1026 1141 1143 1196 Praeses
1155 1140 1229 1196 illius
1240 1141 1350 1195 concilii
1362 1141 1503 1197 lohannes
1516 1143 1754 1200 MarisdeMonte

59 1223 183 1279 tionibus
203 1240 237 1279 sc
253 1222 413 1280 haeresibus
433 1224 541 1280 noviter
564 1224 727 1280 introductis
746 1226 893 1281 adversm
919 1228 1066 1283 cardinalis
1091 1229 1119 1283 in
1144 1233 1283 1300 prorogat.
1308 1246 1373 1285 sess.
1396 1236 1435 1284 ιι.
1458 1230 1570 1294 assent,
1593 1231 1752 1285 innumera-

60 1311 204 1366 doctriuae
228 1311 397 1381 apostolicae
415 1310 608 1382 antiquitatem
626 1311 767 1367 auditores
787 1321 894 1369 nostros
921 1316 990 1369 biles
1008 1316 1111 1368 abuma
1128 1316 1158 1368 in
1175 1315 1329 1369 minatoria
1347 1324 1585 1370 samnmmtorurn
1595 1318 1752 1388 irrepsisse.

59 1413 228 1454 mvocamus.
920 1402 1060 1456 Adrianus
1079 1401 1127 1456 Vl.
1147 1402 1176 1456 in
1195 1401 1320 1456 instruct.
1339 1401 1423 1473 legat.
1441 1403 1477 1456 sd
1495 1403 1608 1457 comitia
1624 1403 1752 1459 uonna:

10 1495 46 1539 ιι.
98 1489 156 1539 167.
194 1483 338 1548 Quomodo
361 1498 425 1538 vero
450 1482 636 1538 Bellarminus
662 1484 777 1555 probat,
807 1488 893 1543 eccle-
922 1489 1040 1553 &insum
1060 1489 1089 1540 in
1107 1489 1160 1541 bac
1178 1495 1276 1542 sancto
1294 1491 1358 1542 eccle
1372 1489 1480 1558 alsauat
1491 1491 1557 1558 jam
1569 1490 1652 1543 annis
1663 1490 1753 1544 multa

9 1577 47 1650 fu,
60 1570 132 1626 siam
150 1570 314 1641 popistscam
334 1586 393 1625 esse
412 1570 648 1641 antiquissimam,
675 1572 800 1644 adeoque
818 1575 893 1629 illam
915 1576 1110 1636 ‚abominanda
1122 1577 1233 1643 sumre,
1257 1576 1360 1628 abuma
1377 1576 1408 1629 in
1425 1577 1636 1644 spiritualibus,
1661 1593 1751 1630 acceo

61 1658 165 1728 ipsam,
190 1673 273 1728 quam
300 1656 426 1712 Christus
452 1656 591 1712 instituit?
627 1657 665 1711 In
691 1660 767 1713 omni
789 1660 896 1728 insipns'
920 1679 967 1714 aas
993 1660 1022 1714 in
1046 1661 1190 1715 mandatis
1212 1668 1239 1714 et
1264 1661 1359 1715 omnia
1385 1662 1503 1730 denique
1530 1663 1560 1715 in
1586 1679 1752 1732 persuasum

10 1732 20 1803 .’
61 1745 214 1799 mutatione
240 1744 388 1814 relipiorsis
414 1745 470 1797 ιἰια
496 1760 544 1797 see
569 1761 678 1813 semper
706 1747 895 1801 demonsaari
920 1755 1034 1803 mutata.
1066 1746 1226 1803 Cardinales
1248 1747 1346 1803 delecti
1359 1764 1376 1801 a
1389 1747 1476 1802 Paulo
1487 1747 1538 1802 111.
1553 1748 1581 1802 in
1591 1749 1705 1804 consilio
1717 1749 1753 1805 de

10 1818 47 1909 ᾖξ’
56 1849 143 1904 posse
162 1831 240 1885 dicit.
275 1831 374 1885 Primo
388 1830 468 1885 illius
481 1838 638 1900 auctorem
656 1835 780 1888 secundo
792 1836 895 1903 dopma
921 1834 1095 1889 emendanda
1122 1833 1241 1889 ecclesia
1268 1850 1286 1887 a
1315 1833 1449 1905 Vergcrio
1477 1835 1652 1905 postmodum
1679 1835 1753 1891 edito

60 1919 183 1988 aliquod
196 1935 312 1986 nocam,·
342 1918 424 1971 tertio
443 1925 564 1987 tempus,
587 1935 641 1986 quo
659 1921 766 1990 caepim
794 1930 893 1990 priamo
920 1921 1023 1976 diserte
1039 1926 1190 1987 testantur,
1218 1921 1348 1974 morbus
1365 1929 1500 1990 tanquam
1516 1920 1665 1989 pestiferis
1680 1940 1753 1975 mor-

59 2005 167 2072 locum,
187 2003 237 2057 ubi
254 2003 362 2072 saepia·
382 2003 493 2072 quinto,
513 2005 576 2073 quis
596 2021 657 2058 eam
675 2010 894 2078 oppupnaoerit,·
921 2009 962 2061 bis
988 2008 1133 2062 accurram
1154 2008 1214 2060 Dei
1230 2008 1377 2073 laborare,
1399 2009 1570 2076 praesertim
1595 2010 1753 2062 &monam

58 2099 136 2146 reato
156 2089 285 2160 eaipuum
303 2089 426 2158 aliquem
444 2097 558 2153 coetum,
576 2093 648 2144 smde
666 2093 808 2160 paulatim
826 2095 894 2148 alia
920 2095 1042 2162 curiam,
1066 2095 1166 2163 quibus
1190 2095 1315 2163 effectum
1328 2111 1422 2162 prope
1439 2095 1490 2162 sit,
1513 2102 1543 2147 ut
1557 2096 1701 2164 paulatim
1719 2112 1753 2150 ao

58 2177 255 2233 accedentibus
277 2176 408 2245 coeperit.
444 2176 478 2230 Id
504 2175 674 2234 demonstrat
699 2180 825 2252 exemplo
850 2198 893 2237 ec·
918 2181 1021 2235 sensim
1034 2179 1341 2248 inprauercentibaslu's
1349 2181 1496 2249 pestiferis
1507 2181 1612 2234 morbis
1622 2198 1755 2251 mapsam

58 2265 160 2321 clesiae
178 2281 196 2318 a
212 2261 323 2318 Christo
340 2262 479 2318 codectae.
515 2263 618 2320 Postea
645 2264 797 2336 subsumit,
821 2268 893 2322 nibil
920 2270 1031 2322 ruinam
1062 2267 1186 2321 eraserit.
1236 2265 1344 2321 Similes
1377 2266 1506 2337 querelae
1535 2272 1646 2321 exstant
1677 2267 1753 2338 apud

57 2351 160 2406 borum
178 2352 214 2403 de
232 2349 353 2403 ecclesia
366 2350 511 2418 papisticn
531 2357 598 2418 post
617 2353 808 2420 apostolorum
828 2364 893 2408 lem·
921 2354 1072 2409 Marcilium
1092 2353 1274 2420 Patavinum,
1292 2351 1436 2408 Nicolaum
1457 2353 1491 2407 de
1503 2353 1669 2426 Clemangis,
1688 2353 1753 2409 Cas·

53 2457 134 2511 pora
151 2437 343 2492 demonstrari
360 2454 462 2505 posse,
485 2437 560 2492 uude
575 2437 728 2507 concludit,
754 2455 815 2492 enm
835 2457 893 2494 csse
920 2441 1049 2495 sandrum
1078 2447 1106 2494 et
1132 2440 1199 2494 alios
1227 2438 1389 2509 complures.
1432 2438 1516 2493 Tales
1538 2440 1703 2494 mutationes
1729 2438 1754 2493 si

58 2525 301 2594 antiquissimam,
321 2540 370 2577 nec
394 2523 483 2577 ullam
500 2524 678 2580 remotionem
697 2543 753 2579 esse
768 2544 893 2595 passam.
920 2528 982 2600 quis
1001 2528 1189 2583 contentiosus
1209 2525 1299 2581 lactas
1317 2531 1448 2598 negaret,
1465 2526 1518 2580 nisi
1534 2527 1639 2597 primns
1657 2543 1753 2582 earum

58 2611 139 2667 Idem
161 2615 244 2682 urget
268 2609 396 2664 Becsnus
423 2615 532 2752 tractpt.
561 2610 595 2666 de
623 2611 738 2666 ecclesia
761 2612 847 2666 concl.
869 2617 892 2669 3.
919 2622 995 2669 ortus
1018 2616 1098 2685 quasi
1123 2630 1211 2669 cunae
1237 2612 1440 2682 ostenderetur,
1468 2613 1568 2685 quibus
1592 2611 1753 2684 parentibus

58 2704 166 2770 quaest.
191 2703 211 2753 l.
249 2696 468 2767 Respondemus:
511 2697 651 2752 .Falsum
668 2703 722 2765 cst,
747 2698 800 2753 nisi
824 2697 892 2753 haec
919 2702 974 2755 sint
1000 2706 1090 2770 same,
1117 2717 1172 2772 quo
1196 2700 1299 2757 semine
1322 2705 1480 2770 susceptae,
1504 2716 1559 2773 quo
1580 2699 1704 2770 tempore
1724 2700 1754 2755 in

57 2783 151 2841 omnia
174 2789 202 2838 ct
226 2783 336 2855 singula
354 2784 549 2853 ostendantur,
572 2783 679 2840 nullam
699 2784 784 2841 luisse
804 2790 893 2840 muta-
919 2789 1009 2842 lucem
1028 2787 1133 2851 editae,
1159 2786 1260 2857 quibus
1285 2786 1530 2842 obstetricantibus
1548 2792 1577 2842 et
1596 2785 1753 2842 somatibus

57 2870 161 2926 tionem
185 2869 296 2926 factam.
331 2870 401 2926 Cum
424 2871 516 2927 Josiss
541 2889 664 2927 normam
687 2872 756 2945 legis
782 2872 893 2928 divinae
919 2873 1040 2929 nutritae
1057 2881 1142 2946 atque
1158 2880 1258 2929 auctae
1273 2879 1325 2929 etc.
1346 2881 1481 2944 quantum
1495 2889 1599 2945 quaeso
1611 2872 1753 2945 negotium

58 2963 170 3014 secutus
200 2956 319 3029 priscam
349 2957 520 3013 ¹ludaeorum
550 2958 694 3014 ecclesiam
722 2959 891 3028 reformaret,
917 2960 1032 3017 lesuitis
1056 2959 1228 3016 lacesseret?
1264 2958 1337 3024 Quid
1362 2958 1437 3030 quod
1455 2958 1509 3030 ipsi
1529 2958 1668 3014 Pontificii
1686 2960 1752 3014 scri·

59 3044 230 3101 sacrificulos
248 3044 400 3100 Baaliticos
419 3045 556 3109 abolerm,
580 3052 687 3101 statuas
706 3046 892 3102 idololatricas
919 3054 1011 3118 ptores
1029 3046 1160 3118 fatentur,
1180 3047 1353 3119 quarundam
1372 3044 1526 3101 haeresium
1543 3047 1646 3117 primos
1658 3053 1753 3101 aucto-

58 3132 246 3204 oonin‘ngeret
270 3141 299 3188 et
325 3139 426 3188 cuncta
451 3133 600 3204 impictatis
632 3134 816 3190 instrumenta
845 3135 892 3190 de·
918 3152 962 3189 res
988 3134 1117 3206 ignorari.
1162 3133 1322 3204 Alpbonsus
1353 3133 1389 3187 de
1419 3132 1516 3188 Castro
1542 3133 1605 3190 libr.
1632 3140 1656 3189 b.
1688 3133 1751 3188 adv.

58 3225 180 3275 strueret
204 3224 229 3275 2.
247 3218 317 3291 ch.
336 3235 360 3272 c.
379 3225 429 3284 23,
453 3239 478 3277 v.
497 3228 520 3276 ι.
552 3220 707 3290 potssissent
736 3221 892 3277 sacerdotes
918 3220 1022 3276 haeres.
1046 3220 1087 3276 tit.
1111 3219 1203 3276 Deus:
1233 3221 1378 3288 Apnobtae
1401 3221 1466 3273 Deo
1490 3219 1682 3288 ipnorustiam
1701 3220 1759 3273 tri·=

58 3307 170 3375 Bealis,
205 3306 229 3360 si
259 3306 289 3361 iu
320 3307 414 3360 ecbola
442 3307 611 3363 desultorum
645 3307 736 3363 edocti
766 3307 893 3377 luissent,
920 3309 1045 3376 buebant,
1063 3307 1229 3378 quiescerit
1242 3307 1440 3375 eluebaeresis
1453 3314 1560 3373 auctor,
1576 3313 1625 3359 aut
1638 3309 1753 3375 mando
1767 3319 1802 3360 ιι.
1815 3317 1861 3361 ιιι.

60 3395 158 3452 wem
176 3393 258 3448 modo
276 3393 455 3464 respondere,
476 3412 531 3449 nou
549 3394 636 3450 luisse
653 3394 682 3449 in
699 3394 754 3448 illis
771 3395 892 3450 cultibus
918 3395 1050 3464 caeperit,
1069 3397 1149 3464 apud
1166 3393 1300 3447 neminem
1319 3392 1445 3461 reperire
1459 3392 1551 3461 potui.
1588 3397 1611 3447 3.
1627 3391 1753 3448 Christus

59 3482 160 3553 alege
181 3480 276 3534 divina
291 3480 456 3549 discessum,
475 3483 544 3551 quis
561 3499 608 3535 sec
624 3482 695 3535 illae
712 3483 892 3537 circumman-
920 3480 1019 3538 Matth.
1040 3486 1084 3545 1³,
1104 3499 1130 3535 v.
1153 3486 1192 3535 24.
1215 3478 1245 3533 in
1267 3478 1399 3550 parabola
1420 3477 1487 3532 boni
1505 3478 1616 3535 seminis
1636 3484 1664 3534 et
1682 3480 1753 3536 siaa·

59 3570 131 3637 tiae,
150 3568 228 3637 pum,
248 3566 326 3636 puirl,
347 3568 402 3630 ubi,
421 3570 544 3637 quanda
565 3586 618 3636 assa
637 3568 815 3636 reclamante,
832 3570 892 3638 qui·
920 3570 1025 3624 riorum
1043 3567 1132 3631 docet,
1150 3567 1305 3621 bominibus
1323 3584 1378 3620 non
1396 3565 1604 3620 observantibus
1624 3584 1673 3621 nec
1691 3568 1753 3621 ani-

59 3657 110 3709 bus
135 3670 294 3724 quanqssam
313 3654 407 3722 primo
430 3656 532 3722 paucis
551 3653 718 3721 fautoribus
740 3655 894 3710 άιζιιιιιιιιιι
921 3655 1155 3710 madvertcntibur
1173 3652 1281 3707 zizania
1296 3670 1313 3708 a
1326 3651 1437 3708 diabolo
1452 3652 1671 3723 supernominati,
1688 3654 1753 3712 inde

58 3744 114 3810 sit,
146 3739 254 3795 osmndi
283 3746 430 3810 nequeant.
474 3740 600 3796 Ecclesia
624 3740 745 3797 tudens
770 3747 894 3812 tempore
920 3741 1055 3814 estquod
1073 3738 1163 3795 coloni
1183 3739 1329 3803 mirantur,
1348 3741 1423 3793 unde
1441 3740 1497 3793 sint
1514 3740 1637 3810 azanim
1661 3757 1753 3812 neque

58 3827 197 3886 lobannis
215 3825 360 3896 Baptistae
384 3834 412 3881 et
437 3827 623 3896 apostolorum
648 3827 788 3883 deiecerat
803 3845 821 3883 a
839 3829 893 3898 pri·
920 3828 997 3902 prius
1018 3827 1097 3883 anxie
1121 3832 1270 3898 quaerunt,
1294 3843 1349 3899 quo
1374 3826 1505 3897 temporis
1527 3833 1630 3896 puncto
1653 3833 1681 3882 et
1702 3844 1753 3898 per

58 3917 134 3970 stina
164 3914 323 3985 integritate
352 3929 385 3966 ac
414 3913 574 3968 sinceritate
606 3920 690 3985 atque
718 3915 828 3971 omnino
853 3916 892 3969 in·
920 3933 1001 3990 quem
1028 3913 1135 3969 zizania
1160 3913 1378 3985 superseminata
1401 3913 1470 3981 sint,
1496 3913 1544 3968 scd
1570 3914 1605 3969 de
1630 3914 1753 3969 eradica·

59 4003 169 4074 signem
188 3999 367 4054 mutationem
384 3999 476 4054 fuerat
494 4017 590 4070 passa,
617 4017 709 4072 neque
726 4008 819 4056 tamen
837 4019 892 4056 om·
919 4004 992 4058 tione
1013 4017 1107 4057 eorum
1125 4000 1218 4055 statim
1237 4000 1370 4071 cogitant.
1406 3998 1484 4053 Idem
1507 3998 1608 4053 accidit
1628 4005 1752 4070 tempore

58 4108 108 4145 ncs
129 4095 158 4143 et
180 4087 306 4159 singulae
332 4087 555 4143 circumstantiae
578 4088 653 4141 illius
677 4087 839 4143 defectionis
865 4095 893 4143 et
919 4095 1046 4159 papatus,
1066 4086 1218 4144 cumcuim
1239 4085 1361 4157 episcopi
1381 4102 1473 4140 rerum
1493 4085 1657 4139 secularium
1677 4086 1751 4141 curis

60 4174 221 4232 mutationis
248 4174 355 4228 ostendi
385 4180 520 4246 poterant.
563 4173 703 4230 Ecclesiae
730 4172 891 4229 Galatarum
918 4175 1123 4230 involverentur
1140 4179 1225 4243 atque
1244 4172 1330 4227 otiose
1347 4176 1501 4235 sterterent,
1519 4170 1586 4242 ipsis
1599 4170 1750 4225 nonenim·

59 4272 87 4320 et
106 4261 310 4317 Corinthiorum
329 4261 425 4317 itidem
444 4261 603 4318 defecerant
618 4261 654 4315 ab
673 4261 833 4332 integritate
845 4263 892 4316 do·
918 4261 1125 4316 advertentibus
1158 4262 1236 4331 larga
1266 4258 1434 4314 zizaniorum
1463 4273 1544 4330 seges
1574 4257 1603 4312 in
1634 4257 1752 4314 ecclesia

58 4349 164 4406 suinae
184 4347 367 4419 apostolicae,
393 4365 426 4402 ac
449 4348 594 4402 manifesta
617 4349 646 4402 in
667 4347 721 4401 illis
741 4347 816 4403 facta
832 4355 892 4403 crat
918 4349 1062 4403 succrevit.
1107 4354 1131 4405 4.
1155 4345 1392 4411 Quemadmodum
1421 4346 1535 4419 quidam
1564 4344 1653 4400 morbi
1685 4351 1751 4401 suut

57 4437 182 4502 mutatio,
202 4452 292 4506 neque
309 4441 403 4490 tamen
422 4435 450 4487 in
468 4434 562 4504 specie
581 4441 716 4501 suctores,
734 4440 844 4505 tempus
864 4443 892 4490 et
917 4436 1068 4499 ιιιὶιιιαιιιί,
1095 4435 1142 4507 qui
1166 4434 1303 4489 bominem
1325 4434 1402 4504 prius
1430 4450 1527 4488 sanum
1553 4449 1585 4487 ac
1613 4430 1750 4487 valentem

57 4526 134 4579 locus
154 4522 227 4578 illius
245 4520 405 4576 munitionis
426 4521 608 4576 demonstrari
627 4527 762 4592 poterant.
797 4520 893 4576 Eccle-
917 4522 1009 4578 subito
1036 4521 1250 4594 aggrediuntur,
1278 4536 1394 4592 quorum
1422 4527 1450 4576 et
1475 4535 1561 4574 causa
1587 4523 1617 4575 et
1640 4525 1750 4589 tempus

56 4612 115 4667 siae
136 4608 262 4666 Graecae
282 4607 431 4663 hodiernae
456 4613 484 4661 ct
506 4606 561 4662 lide
580 4615 609 4662 et
626 4608 748 4663 moribus
766 4608 802 4662 ab
820 4608 889 4662 anti·
917 4608 1005 4664 notari
1026 4613 1126 4679 potest,
1144 4615 1176 4662 ut
1193 4607 1288 4678 pestis.
1308 4605 1454 4678 apoplexis
1472 4611 1540 4676 etc.;
1560 4605 1749 4676 quidamvero
1777 4608 1780 4614 ’

57 4698 120 4771 quis
142 4695 280 4764 ecclesiis,
308 4711 377 4765 quas
404 4694 521 4765 apostoli
547 4693 716 4764 fundarunt,
742 4695 982 4784 plurimumpunt
1004 4696 1087 4758 lenti,
1116 4710 1232 4765 quorum
1255 4694 1335 4748 initia
1353 4699 1418 4747 sunt
1434 4691 1556 4756 occulta,
1580 4692 1750 4748 incrementa

57 4786 232 4855 discrepant,
260 4781 355 4852 ecquis
379 4797 444 4836 vero
471 4780 667 4835 minutissimas
693 4799 816 4854 quasque
832 4782 1009 4850 illa-tarda,
1038 4797 1110 4854 quac
1137 4781 1256 4853 primum
1283 4781 1394 4852 quidem
1421 4796 1476 4833 non
1503 4779 1672 4846 sentiuntur,
1704 4778 1749 4833 vel

56 4889 117 4926 rnm
138 4869 322 4924 mutationum
345 4866 566 4923 circumstantias
589 4883 752 4938 pernoscere
770 4856 991 4939 poterit‘l3certe
1014 4887 1069 4924 nou
1094 4868 1288 4934 observantur,
1311 4867 1423 4922 tandem
1449 4880 1514 4920 vcro
1537 4871 1626 4921 totum
1649 4882 1748 4936 corpus

57 4965 81 5015 2.
99 4959 217 5013 Fatetur
240 4955 406 5010 Tridentino
431 4954 554 5026 synodus
578 4970 643 5009 sess.
669 4962 693 5010 6.
720 4955 755 5011 de
781 4956 891 5011 reform.
917 4961 1062 5027 occupant,
1081 4959 1113 5008 ut
1132 4953 1263 5025 phthisis,
1282 4952 1419 5024 hydrops,
1439 4967 1537 5007 cancer
1553 4953 1610 5020 (cui
1628 4951 1749 5007 haeresis

56 5063 79 5102 c.
108 5051 129 5102 1.
155 5043 314 5114 collapsam
340 5058 398 5095 erse
422 5043 574 5096 admodum
599 5042 782 5125 disciplinam
806 5044 891 5096 eccle·
917 5049 1091 5112 comparatur
1118 5046 1140 5096 2.
1163 5039 1235 5096 Tim.
1260 5045 1331 5108 2,ιι
1334 5044 1406 5094 ..Π
1430 5039 1458 5092 in
1481 5037 1589 5094 Graeco
1615 5046 1658 5092 est
1680 5054 1749 5108 gan·

55 5132 200 5185 nauticam
226 5131 449 5198 deprecatorque
474 5128 504 5179 ln
528 5127 604 5181 clero
628 5135 653 5182 et
678 5129 787 5196 populo
813 5129 905 5184 (ibri
903 5129 1044 5220 „graena)
1062 5144 1182 5227 quorum
1196 5131 1225 5181 et
1242 5143 1328 5181 causa
1346 5133 1374 5182 et
1393 5133 1501 5197 tempus
1519 5142 1576 5180 non
1597 5125 1636 5180 ita
1655 5130 1751 5180 exacte

55 5221 148 5273 stiam
168 5232 259 5270 mores
277 5234 311 5269 ac
331 5216 460 5284 antiquos
478 5230 598 5268 canones
614 5215 724 5282 injuria
736 5173 1007 5285 temperantissimi
1028 5221 1134 5287 potcst;
1160 5214 1200 5268 sic
1225 5213 1254 5268 in
1277 5229 1391 5285 corpore
1414 5215 1461 5269 illo
1486 5209 1604 5282 mystico
1623 5217 1651 5266 et
1669 5210 1749 5282 spiri·

52 5322 126 5375 pene
144 5303 174 5356 in
195 5303 405 5356 amensamens
423 5302 533 5358 αὺιϊιιι.
568 5299 641 5357 Sese.
662 5306 702 5355 22
728 5301 762 5355 de
785 5301 890 5359 observ.
917 5305 1000 5369 tuali,
1027 5301 1103 5374 quod
1122 5308 1164 5356 est
1181 5300 1313 5369 ecclesia,
1340 5301 1476 5373 quaedam
1500 5298 1666 5385 mutationes
1685 5302 1751 5353 sunt

55 5398 84 5446 et
103 5389 197 5446 evit.
188 5407 217 5443 m
238 5389 337 5444 celebr.
357 5387 469 5458 missae,
495 5388 615 5442 muta
603 5405 633 5440 sn
650 5387 891 5455 missaemlebra·
917 5392 1092 5454 subitaneae,
1131 5388 1244 5460 quondo
1277 5394 1373 5458 aperte
1403 5393 1431 5442 et
1460 5385 1553 5440 subito
1584 5402 1603 5440 a
1613 5379 1751 5441 veritate
1836 5461 1840 5467 Ι
1938 5448 1940 5455 ,

54 5479 130 5531 tione
146 5477 205 5530 siae
223 5484 378 5544 temporum
397 5477 479 5546 nino,
504 5476 561 5531 sice
577 5475 719 5529 bominum
737 5474 846 5544 injuria
864 5484 890 5531 et
917 5480 946 5533 in
962 5495 1020 5533 uno
1038 5475 1082 5531 rel
1099 5474 1223 5546 pluribus
1241 5473 1364 5529 articulis
1385 5471 1420 5528 sb
1438 5488 1493 5528 uno
1512 5472 1558 5528 vel
1574 5471 1700 5543 pluribus
1717 5471 1751 5528 lit

53 5562 235 5634 improbitate
253 5562 400 5632 irrepsism
416 5561 510 5616 elam
527 5578 546 5616 a
563 5561 636 5616 tami
650 5561 788 5626 ιαωὶιιιιι·
799 5536 904 5632 stipsi-i
917 5565 1035 5621 secessio
1057 5559 1249 5618 resistentibus
1268 5559 1330 5616 aliis
1346 5558 1400 5634 piis
1419 5563 1449 5615 et
1464 5557 1624 5617 orfflodoxis
1642 5558 1748 5633 episoc-
