4004 6022
264 254 325 313 bit
832 249 954 308 LOCUS
971 240 1175 304 wesemale
1191 241 1390 308 SECUNDUS

266 410 330 460 ente
354 403 486 460 ducentos
509 422 596 461 ennos
613 406 727 477 eguerit
744 405 841 461 liseur.
859 405 1023 468 Funerum,
1048 403 1095 474 qui
1119 404 1168 472 plo
1192 405 1341 458 Vestalium
1360 406 1499 474 sirei-rtem
1517 407 1548 459 in
1565 422 1646 459 suam
1663 406 1813 460 adema
1831 405 1954 459 ἐπινοῶν

265 492 347 561 spat
376 497 417 548 nt.
439 509 528 563 papae
552 493 657 547 curiam
681 494 804 563 eppellst
832 499 948 546 matrem
973 491 1095 547 omnium
1120 492 1161 543 ait
1189 497 1241 545 ete
1283 493 1426 561 Imagines
1453 499 1479 545 et
1503 492 1598 561 idola,
1630 493 1730 560 qadim
1755 492 1885 546 Romani
1906 502 1953 544 sna

263 578 483 633 idololatriuum
501 586 529 632 et
546 579 751 645 scortationum,
769 596 819 632 nec
836 597 892 633 nan
908 579 1017 645 mylasa
1032 578 1096 630 hae·
1122 578 1225 647 mmpla
1245 587 1391 642 esmant,
1414 594 1505 632 nonne
1528 579 1563 631 ab
1587 579 1704 632 mhnicie
1718 579 1881 649 profecta!
1904 584 1952 633 ete.

264 665 367 718 resinae
385 672 412 718 et
429 681 564 719 morum.
601 665 639 720 Et
659 666 688 719 in
705 666 842 736 rhythmis
858 664 962 719 Italicis
980 663 1096 717 Romam
1124 666 1260 734 Depingit
1298 667 1407 735 egregie
1444 666 1586 719 Jeremias
1622 666 1703 719 illam
1732 665 1952 733 Babyloniorum

264 757 345 804 vocet
361 750 484 804 scholam
503 767 631 804 errorum
646 760 672 804 et
690 753 821 821 templum
832 752 985 804 haereseos.
1009 750 1095 804 sats·
1122 752 1317 805 idololatriam
1340 760 1367 806 et
1386 753 1436 821 oui
1452 752 1553 835 honor,
1576 751 1626 821 qui
1643 752 1735 805 emen
1755 766 1853 805 eorum
1871 751 1953 806 idolis

170 850 176 859 ’
264 851 347 905 quam
381 852 447 891 vero
483 853 674 892 enumeremus
706 838 833 892 haereses
865 845 929 907 post
957 836 1095 890 Christum
1114 839 1210 906 fuerit
1223 839 1391 907 praestitae,
1415 855 1498 909 ossam
1516 838 1772 892 coneenisntiseime
1791 837 1886 890 cratia
1905 836 1953 891 sila

262 928 358 976 mtrem
383 928 506 991 exortes,
528 939 598 992 ques
620 930 739 994 pepetns
760 923 789 977 in
813 939 893 977 suum
913 922 1019 992 recepit
1036 938 1096 993 gre·
1122 924 1163 976 ad
1186 924 1378 978 Romanorum
1402 925 1484 978 idola
1507 924 1717 978 accommodari
1728 929 1840 994 potest,
1865 931 1953 977 tarne

264 1007 356 1075 mium,
375 1009 551 1064 ostendemus
568 1010 653 1080 prius,
674 1026 745 1081 quse
764 1010 896 1080 dogmate
911 1009 1096 1081 quosveritus
1122 1011 1259 1064 Romanis
1287 1026 1372 1078 quam
1398 1030 1417 1064 a
1445 1011 1613 1078 Babyloniis
1636 1011 1755 1072 ridetis,
1780 1010 1907 1064 Benaci.
1929 1012 1953 1063 θ.

264 1092 303 1147 ab
317 1094 435 1149 ethnicis
454 1104 484 1150 et
500 1095 618 1152 ludaeis
635 1096 739 1151 fuerint
758 1096 883 1151 mutasti.
1027 1084 1029 1094 ¹
1123 1098 1173 1148 Ad
1189 1097 1285 1164 capita
1305 1097 1472 1163 religionum
1490 1097 1579 1155 uenio.
1600 1110 1717 1166 merum
1731 1097 1877 1149 mirabilis
1887 1097 1955 1149 inter

299 1184 359 1234 tut.
395 1182 428 1216 *i
435 1179 578 1245 Quomodo
603 1181 740 1236 Pontificii
760 1180 789 1236 in
811 1181 977 1252 quibusdem
997 1179 1096 1234 doctri-
1118 1183 1292 1249 posteriores
1312 1189 1338 1235 et
1354 1183 1782 1239 esterssllomcnosconssneus.
1811 1183 1954 1252 Papmn

264 1279 316 1321 nne
333 1266 472 1337 capitibus
489 1269 662 1323 consentiant
679 1286 742 1322 cam
760 1267 921 1338 gentilibus,
937 1269 992 1321 lete
1007 1273 1097 1321 osten·
1122 1285 1234 1336 nomen,
1253 1269 1421 1336 samaritas,
1448 1269 1596 1338 imperium
1615 1271 1697 1337 apud
1713 1267 1894 1339 Christianos
1912 1285 1953 1322 ea

265 1352 306 1406 dit
335 1352 371 1408 D.
401 1354 463 1408 Ho's'
485 1354 532 1409 lib.
557 1359 580 1412 3.
607 1360 752 1411 comment.
776 1354 806 1408 in
828 1353 943 1423 Apocel.
971 1369 1029 1422 esp.
1057 1357 1095 1406 ll.
1124 1356 1198 1421 dem,
1224 1370 1296 1424 ossae
1320 1354 1387 1407 olim
1400 1355 1565 1423 pontificum
1584 1358 1664 1424 apud
1679 1363 1785 1409 ostem
1806 1356 1953 1409 Romanor.

265 1454 330 1509 pag.
347 1445 407 1494 tie.
431 1447 460 1495 st
478 1441 595 1510 ssqq.”
633 1439 678 1494 Ab
696 1439 812 1495 ethnicis
829 1438 964 1510 quosdam
980 1438 1050 1493 ritus
1068 1438 1097 1492 in
1125 1441 1236 1495 Creaeit
1256 1441 1351 1494 Numa
1367 1455 1400 1494 es
1413 1441 1543 1510 patribus
1558 1443 1718 1510 pontificem
1734 1442 1897 1505 marmium,
1911 1442 1956 1511 qni

265 1525 410 1580 ecclesiam
447 1526 599 1581 Romanam
636 1535 761 1596 receptos
796 1543 855 1580 esse
888 1523 1013 1580 fetentur
1043 1524 1097 1594 ipsi
1123 1535 1149 1578 st
1183 1527 1366 1594 religionibus
1400 1529 1516 1581 deorum
1549 1527 1748 1581 immortalium
1780 1528 1809 1581 et
1837 1535 1955 1580 summes

264 1607 410 1673 Ponendi,
428 1612 546 1666 *tastis
563 1618 606 1666 en
623 1613 727 1666 Bestus
742 1611 906 1676 Rhenanus,
927 1619 1033 1666 venes
1053 1626 1095 1664 sc·
1122 1612 1295 1682 reipublicae
1308 1622 1455 1681 praeesset.
1493 1616 1586 1667 Erant
1605 1615 1678 1667 enim
1693 1615 1845 1683 pontifices
1861 1614 1955 1669 consi

264 1696 366 1751 clasiae
392 1698 564 1767 ffimmnds'ss
593 1699 763 1752 ethnicorum
792 1699 966 1753 ceremonias
991 1697 1095 1750 tulisse
1122 1699 1177 1750 tati
1192 1699 1308 1766 jndices
1329 1717 1364 1752 ac
1390 1700 1496 1752 arbitri
1513 1717 1607 1752 rerum
1631 1715 1718 1770 aeqsse
1743 1701 1907 1754 &sincrum
1924 1716 1956 1753 es

264 1785 324 1837 Nec
349 1784 465 1837 &Mum
486 1792 539 1851 est,
568 1786 663 1838 omnia
681 1787 798 1838 deorum
816 1785 922 1852 templa
940 1802 960 1837 a
979 1783 1096 1836 Christi·
1123 1785 1315 1838 humanarum.
1353 1788 1482 1839 Eandem
1499 1787 1693 1839 auctoritatem
1709 1787 1803 1838 nostri
1811 1787 1957 1855 pontefices

251 1870 329 1937 ,anis
346 1877 483 1939 occupata
499 1872 606 1924 sanetis
623 1880 785 1925 consecrata
802 1887 868 1926 esse.
902 1869 939 1922 In
956 1872 1097 1932 reforrna-
1122 1872 1300 1937 marpurch*
1327 1869 1426 1941 Polyb.
1447 1870 1580 1941 Virgilius
1598 1871 1646 1927 lib.
1666 1876 1691 1927 4.
1711 1872 1747 1927 de
1764 1887 1818 1929 rer.
1841 1872 1954 1926 iurent:

262 1956 338 2008 tione
361 1956 528 2024 templorum
553 1957 625 2008 nihii
647 1958 737 2024 magis
755 1958 928 2020 laboratum,
958 1973 1043 2024 quam
1065 1963 1096 2007 ut
1125 1954 1212 2022 Qlea
1229 1959 1370 2024 qimedam
1386 1957 1530 2025 amatam
1545 1959 1765 2011 ceremoniarum
1781 1974 1883 2023 aarum
1898 1961 1994 2012 Do·¹¹«

264 2041 383 2095 sublatis
407 2043 524 2096 decim
548 2043 635 2096 idolis
659 2052 685 2097 et
709 2044 865 2097 nominibus
887 2060 1001 2096 suorum
1019 2041 1095 2093 diro·
1123 2042 1193 2094 mini
1222 2043 1375 2112 occuparit.
1430 2036 1580 2098 Rhenanus
1604 2043 1633 2097 in
1657 2043 1704 2098 lib.
1732 2048 1756 2098 b.
1793 2043 1955 2099 Tertulliani

263 2146 327 2182 rum
343 2129 457 2183 nomina
470 2137 548 2183 certa
559 2130 621 2199 lege
635 2131 755 2185 colenda
767 2131 999 2184 commendarent
1021 2127 1097 2180 Hinc
1123 2135 1219 2181 contre
1234 2127 1378 2183 Marcion:
1414 2131 1556 2199 Equidem
1576 2131 1655 2198 quod
1669 2131 1771 2199 necari
1785 2148 1844 2184 non
1858 2137 1954 2199 potent,

264 2215 340 2270 illud
354 2216 497 2284 pantheon
514 2224 648 2270 uetustum
668 2217 769 2270 Marci
778 2217 927 2284 desurper
943 2228 1013 2282 opus
1024 2213 1097 2266 diois
1123 2215 1294 2267 cersneoniae
1317 2216 1477 2268 ardentium
1502 2231 1659 2280 cereorum,
1684 2233 1755 2285 quos
1772 2217 1859 2270 hodie
1877 2216 1953 2270 Chri·

266 2302 391 2356 omnibus
423 2303 536 2357 Pherae
569 2304 749 2371 imperatorie
775 2302 917 2371 permissu
946 2309 1097 2353 sacratum.
1123 2300 1210 2352 etiami
1232 2318 1264 2353 eo
1288 2302 1348 2363 die,
1373 2303 1423 2370 qui
1441 2303 1613 2371 purificatae
1631 2303 1749 2356 Mariae
1772 2303 1887 2356 dicattu
1911 2310 1954 2367 est,

265 2389 412 2443 Festorum
442 2390 597 2444 obseruatio
629 2392 665 2444 ab
694 2391 812 2444 ethnicis
843 2390 962 2442 manime
986 2389 1098 2441 uidetur
1124 2402 1156 2439 ea
1175 2405 1251 2441 more
1269 2386 1505 2452 circumimus,
1523 2407 1542 2440 a
1560 2388 1746 2442 Febr-aclibus
1766 2388 1955 2443 Romanorum

265 2475 402 2543 originem
420 2477 547 2530 traxisse.
578 2478 653 2530 Nam
670 2478 744 2530 inter
758 2477 902 2530 Hebraeae
919 2475 1001 2528 nulla
1018 2481 1097 2526 eram
1123 2474 1214 2526 sacris
1232 2474 1367 2542 originem
1387 2490 1516 2539 sumsere,
1531 2473 1675 2543 pertinaci
1687 2476 1956 2542 peganmrhemuto·

266 2560 396 2616 elicorum
413 2569 439 2615 et
460 2570 632 2616 mortuorum
641 2565 732 2630 festa,
749 2565 803 2616 esd
818 2565 900 2632 apud
909 2570 1002 2632 gentes
1017 2561 1099 2614 Jocie
1124 2560 1198 2612 hone
1222 2560 1381 2613 subvemurn
1408 2569 1461 2625 est,
1495 2575 1574 2628 artem
1601 2561 1646 2612 rei
1668 2560 1698 2611 in
1725 2569 1814 2614 toturn
1837 2561 1956 2614 errbhrtio

267 2648 408 2717 Diabolis,
422 2647 543 2702 &mrni
555 2649 731 2717 Saturnalia,
744 2650 888 2703 Mercurii
899 2648 1098 2710 Mercurialia‚
1121 2646 1217 2714 poetas
1240 2647 1385 2700 irritasset.
1423 2646 1546 2701 lacobus
1570 2646 1605 2699 de
1631 2645 1734 2718 Vorsg.
1759 2663 1840 2702 sem
1861 2651 1903 2702 et.
1922 2647 1956 2700 de

267 2735 376 2790 Bacchi
388 2736 546 2802 Dionysia,
564 2737 699 2790 Herculis
717 2738 838 2803 Nemea,
858 2737 1004 2789 Mineruae
1023 2735 1098 2788 Pan·
1124 2731 1239 2785 amaus:
1278 2733 1390 2786 Festum
1414 2733 1491 2785 illud
1514 2733 1544 2785 in
1567 2733 1701 2786 honorem
1724 2734 1826 2786 matris
1845 2733 1957 2786 lesminie

268 2820 413 2888 umnam,
433 2822 607 2874 Laurentiae
625 2821 821 2885 Laurentalia,
835 2819 947 2874 Cereris
960 2820 1099 2886 Cerealia,
1125 2816 1335 2885 transtulerunt,
1354 2827 1385 2871 ut
1401 2820 1432 2870 in
1451 2820 1513 2888 ejus
1524 2819 1656 2873 honorem
1668 2820 1832 2886 deferamus
1843 2820 1956 2881 lumina,

267 2906 390 2960 ammte
422 2907 525 2961 Herea.
571 2908 651 2960 Hace
678 2910 816 2972 festorum
840 2908 949 2960 dierum
970 2907 1098 2960 instituite
1126 2921 1196 2973 quae
1215 2905 1521 2973 montemaureum
1537 2905 1638 2972 lamen,
1656 2907 1767 2974 etjam
1785 2924 1841 2960 non
1862 2907 1913 2968 ilat
1928 2908 1957 2959 in

267 2992 372 3045 imitati
387 3000 452 3045 suut
468 2994 600 3046 Romani.
632 2993 726 3046 Fertis
738 2993 951 3059 diehmtempla
964 3008 1099 3046 exornare
1126 2992 1257 3044 honorem
1279 2992 1470 3061 Proserpinae
1494 3008 1615 3061 sponsae
1639 2991 1687 3044 dei
1710 2993 1881 3060 infernalis,
1908 2995 1958 3046 sed

268 3079 366 3144 tium,
388 3079 493 3132 hedera
513 3080 634 3147 aliisque
651 3081 734 3144 sestis
751 3079 903 3141 frontitibus
919 3081 1031 3142 vestire,
1055 3096 1099 3131 co·
1126 3079 1166 3129 ad
1201 3077 1333 3130 honorem
1368 3090 1487 3146 eperunt
1523 3079 1582 3130 Ilei
1615 3079 1742 3132 coenetis
1773 3083 1826 3134 etc.
1876 3077 1958 3132 Corn.

266 3181 353 3220 renas
371 3175 397 3218 et
409 3167 498 3235 jtorss
516 3179 648 3234 marcere
664 3167 835 3219 ethnicorum
845 3167 917 3232 fuit.
944 3166 1100 3219 Nam-haec
1126 3163 1253 3234 Agrippa
1274 3164 1310 3218 de
1333 3163 1416 3217 venit.
1441 3163 1536 3218 scient.
1561 3181 1584 3220 e.
1610 3171 1658 3218 bb:
1690 3165 1776 3218 Bona
1792 3180 1866 3233 pare
1885 3179 1955 3218 esre

267 3250 362 3305 omnia
384 3252 455 3320 ipsi,
488 3261 518 3305 ut
540 3253 703 3319 Polydorus
726 3252 780 3315 ait,
811 3252 951 3305 idolerum
977 3252 1099 3304 cultores
1125 3251 1281 3303 taeniarum
1306 3258 1372 3303 teste
1391 3251 1512 3303 Eusebia
1534 3251 1570 3302 ab
1589 3250 1705 3303 ethnicis
1723 3250 1753 3302 in
1770 3259 1900 3304 nostram
1915 3266 1955 3302 re·

267 3346 350 3392 antea
373 3340 529 3394 seruabant.
572 3339 655 3393 Idem
671 3323 818 3392 Marl'inus
830 3339 941 3407 primus
958 3337 1098 3390 Romano·
1125 3338 1257 3405 liniarem
1275 3337 1413 3403 migrauit.
1451 3335 1616 3389 ”Pisccius
1631 3333 1815 3390 Photininnus
1835 3342 1879 3391 set
1895 3354 1954 3407 pre

266 3442 328 3477 rum
347 3426 481 3493 pontifec
503 3433 529 3478 et
552 3433 668 3478 testatur
694 3433 718 3478 et
736 3433 816 3478 uetat.
854 3426 929 3477 Loca
946 3426 1047 3490 etiam,
1069 3424 1098 3474 in
1125 3425 1196 3478 lixus
1227 3423 1271 3477 hic
1301 3423 1394 3478 estin
1418 3439 1489 3493 resp.
1514 3423 1549 3476 ed
1573 3428 1597 3478 a.
1618 3430 1668 3476 ret.
1695 3422 1842 3493 Omnpisni
1864 3440 1891 3493 p.
1917 3429 1955 3479 a.

267 3511 365 3578 quibus
383 3510 525 3578 singulari
542 3512 665 3579 modam
682 3511 759 3564 culte
777 3511 857 3564 divos
874 3529 940 3564 euos
959 3510 1097 3575 afliciunt,
1124 3520 1152 3565 et
1178 3512 1294 3580 seqqst*
1340 3508 1374 3562 Id
1397 3526 1463 3563 vero
1486 3524 1541 3563 non
1565 3510 1601 3563 de
1624 3509 1786 3564 ceremoniis
1811 3509 1901 3563 solnm
1925 3526 1954 3563 ec

266 3613 347 3649 suam
374 3597 410 3649 ab
436 3596 551 3651 ethnicis
578 3597 680 3650 habent
710 3597 858 3664 originem
896 3614 915 3648 a
942 3597 1041 3665 qnam
1069 3598 1098 3648 in
1124 3597 1237 3664 ritibus,
1265 3596 1313 3650 sed
1334 3595 1417 3651 etism
1439 3595 1615 3666 dogmatibus
1635 3594 1803 3665 quibusdem
1823 3612 1889 3650 vere
1905 3596 1955 3650 diei

266 3681 425 3748 Parnasso,
457 3681 591 3750 Soracte,
620 3683 733 3752 Papho.
764 3681 874 3745 (luido,
899 3684 929 3735 in
952 3683 1098 3750 montibus,
1125 3690 1223 3753 potest.
1241 3681 1315 3752 quod
1334 3682 1443 3736 scilicet
1459 3684 1502 3735 vel
1516 3681 1649 3752 originem
1663 3681 1706 3735 rel
1721 3681 1954 3735 confirmationem

188 3782 201 3817 .·
265 3766 347 3833 lucis,
367 3767 452 3834 sulcis
471 3776 497 3820 st
514 3768 617 3821 insulis
635 3768 712 3821 carii
729 3769 890 3822 colebantur
909 3769 977 3821 diei.
1015 3769 1101 3851 Ritus
1125 3769 1233 3823 illorum
1260 3784 1293 3821 ex
1319 3767 1471 3839 gentilibus
1496 3774 1664 3822 mutuentur.
1707 3769 1808 3821 Scotns
1837 3773 1861 3823 3.
1888 3776 1953 3822 serit

266 3869 362 3906 cereae
386 3854 526 3923 offerendi
547 3855 681 3921 imagines
703 3855 739 3907 ab
759 3855 860 3907 iisdem
881 3854 997 3907 ethnicis
1009 3857 1097 3923 profi·
1125 3854 1186 3908 dist.
1213 3859 1254 3911 tt.
1279 3872 1306 3924 q.
1335 3862 1355 3910 1.
1375 3853 1484 3921 scribit,
1504 3855 1648 3923 etsoloqas
1667 3853 1877 3919 (scholasticos)
1894 3856 1954 3923 phi·

266 3939 386 3993 circiter.
430 3940 580 4008 Sam'ficia
602 3958 657 4010 pro
676 3941 791 3994 mortuis
808 3941 992 3994 novendialia
1008 3957 1097 3993 nonne
1125 3940 1279 4009 losophiam
1308 3957 1370 3994 cum
1392 3940 1532 4004 theologia
1557 3941 1679 3992 mammo
1702 3957 1765 3992 cum
1785 3942 1885 4003 [nemu
1907 3942 1952 3993 mi·

267 4026 436 4083 sunem
454 4028 538 4081 senti
564 4027 690 4080 lustrare
707 4044 792 4094 agros
811 4035 837 4080 et
854 4044 949 4081 aerem
967 4028 1097 4080 orientem
1124 4027 1235 4080 scamas.
1280 4027 1360 4091 Quod
1386 4026 1558 4092 miscuerint,
1585 4024 1668 4080 facile
1689 4027 1880 4096 agnoscimus.
1909 4025 1952 4081 ssd

267 4129 352 4167 orare
368 4129 460 4168 nonne
479 4116 638 4169 medem.
679 4113 762 4175 Quod
785 4129 849 4167 uero
868 4113 1014 4180 gentilium
1032 4115 1097 4166 deo-
1125 4114 1198 4184 quod
1215 4113 1334 4167 menime
1354 4129 1417 4167 cum
1437 4112 1529 4166 fructu
1547 4111 1719 4174 miscuerint,
1749 4113 1954 4181 deprehendere

266 4218 328 4253 reim
358 4199 464 4267 umpla
488 4200 641 4253 adsolent
666 4200 797 4253 orientm
825 4200 997 4268 spectarint,
1021 4200 1098 4251 testie
1125 4200 1245 4254 nondum
1264 4199 1416 4269 potuimus,
1442 4198 1576 4268 siquidem
1596 4200 1664 4252 baec
1680 4203 1951 4270 μοξοφιλοσοφοθεο·

266 4285 438 4340 Phstarchus
455 4286 486 4339 in
503 4286 604 4340 Numa
642 4286 739 4339 Etiam
758 4286 886 4339 triuiales
904 4287 972 4338 dece
990 4286 1031 4338 ad
1048 4285 1098 4338 tri-
1125 4291 1206 4357 toytc
1227 4287 1318 4340 nerias
1341 4286 1512 4355 corruptelas
1535 4285 1705 4355 simplicitati
1730 4285 1876 4341 doctrinae
1897 4302 1951 4341 coe·

266 4373 312 4427 sia
332 4371 423 4425 sacris
439 4372 560 4438 gentium
577 4373 725 4439 attributa,
753 4372 901 4440 inquibus
918 4388 981 4424 oves
1000 4372 1097 4424 ccede·
1124 4373 1201 4426 lestis
1220 4371 1322 4426 intulit.
1358 4371 1459 4425 Etbics
1477 4372 1629 4440 speculatio
1648 4373 1683 4426 de
1697 4371 1827 4440 justitiae
1845 4383 1875 4427 et
1892 4372 1952 4426 slis·

267 4458 369 4512 emtor
393 4465 418 4511 et
438 4466 514 4510 serta
533 4459 778 4526 appendebantur.
805 4459 915 4523 ericum
935 4458 1026 4509 nostri
1042 4458 1098 4510 Ro·
1124 4477 1184 4513 rum
1207 4459 1341 4511 virtutum
1367 4457 1508 4511 habitibus
1534 4458 1562 4512 in
1588 4457 1748 4512 cathedram
1772 4457 1952 4528 dicologieum

245 4559 419 4604 ‚manenese
449 4544 625 4598 Consuetudo
643 4561 751 4613 meoque
770 4551 816 4610 eet,
834 4544 1098 4612 mpmaetiseacrie
1125 4552 1220 4601 erecte
1243 4545 1409 4613 imputatam
1432 4543 1498 4596 fidei
1517 4544 1653 4613 justitium
1672 4544 1784 4597 sustulit
1802 4552 1833 4598 st
1850 4543 1952 4598 habitu

267 4631 401 4684 sacerdos
419 4629 473 4682 illa
491 4630 575 4683 uerba
589 4630 765 4698 pronuntiet,
789 4631 846 4695 Ite,
864 4631 951 4682 missa
969 4638 1015 4682 eet.
1055 4630 1098 4681 Ab
1126 4632 1196 4686 slem
1214 4630 1333 4684 infusam
1351 4637 1435 4700 etque
1453 4628 1588 4684 eetuelem
1605 4645 1719 4699 operum
1733 4628 1873 4696 justitiam
1886 4627 1954 4682 illius

267 4715 383 4769 ethnicis
406 4716 439 4768 id
466 4732 611 4769 manasse
629 4716 673 4768 cel
695 4716 755 4783 ipse
780 4732 884 4768 aureus
906 4716 1002 4768 asinus
1023 4716 1100 4769 testie
1125 4719 1184 4772 loco
1205 4711 1356 4779 substituit,
1376 4716 1441 4769 inde
1457 4714 1582 4770 lesuitee
1600 4715 1628 4767 in
1648 4729 1722 4768 cens
1739 4713 1883 4785 colomp.
1903 4720 1953 4770 ist

266 4803 347 4870 apud
369 4801 550 4870 Appulejum.
588 4801 667 4854 Unde
686 4808 726 4854 tot
744 4808 845 4853 ettam
864 4801 991 4864 infinitae
1011 4804 1099 4855 arae.¹
1126 4819 1159 4858 ex
1174 4801 1325 4856 Aristotele
1342 4800 1389 4855 tib.
1409 4807 1434 4857 2.
1451 4801 1564 4870 topicos.
1584 4817 1608 4855 c.
1628 4807 1648 4855 t.
1670 4798 1802 4869 probent.
1823 4801 1954 4855 hominess

266 4904 364 4957 mmpe
380 4887 552 4942 solidissime
568 4894 712 4953 testantia,
730 4885 832 4939 multas
850 4887 974 4940 ethnicae
984 4888 1099 4954 religio·
1127 4907 1182 4942 non
1196 4889 1268 4957 fids,
1288 4889 1341 4940 sed
1357 4889 1436 4939 bonis
1454 4888 1586 4955 operibus
1604 4903 1699 4940 eoram
1718 4887 1783 4938 Deo
1794 4886 1956 4953 justitiari,

266 4976 311 5028 neb
336 4975 474 5043 reliquias
497 4974 528 5025 in
547 4971 772 5026 Christianorum
796 4973 907 5041 tsmplie
930 4974 1098 5026 haerescere.
1122 4982 1331 5046 provocantque
1362 4975 1403 5026 ad
1419 4973 1562 5042 judicium
1585 4973 1706 5025 onmium
1726 4971 1955 5040 philosophorum

268 5062 390 5114 Ordines
409 5060 606 5114 monachorum
625 5061 719 5112 andei
743 5077 762 5112 a
779 5060 938 5113 Nasaresis
956 5060 1101 5113 Hebraeo·
1126 5063 1183 5113 siae
1203 5063 1314 5114 Arabes
1329 5061 1400 5126 sint,
1418 5060 1476 5113 siae
1499 5058 1621 5122 Graeci,
1638 5059 1696 5112 sies
1713 5058 1819 5121 Latini,
1842 5058 1891 5126 qui
1906 5074 1956 5110 non

267 5149 349 5201 remi
373 5165 424 5200 aar
446 5162 503 5201 non
517 5147 613 5214 potins
629 5147 768 5214 fatemur,
791 5147 906 5215 eadelm
922 5146 1101 5214 Artauetales,
1127 5148 1291 5210 concedunt,
1313 5154 1344 5199 ut
1355 5146 1454 5215 justae
1470 5146 1597 5202 dicatur.
1616 5144 1674 5197 nisi
1689 5145 1741 5212 qui
1750 5144 1868 5212 justitia
1886 5144 1956 5196 habi·

268 5233 469 5295 Mercuriales,
489 5230 596 5297 Palios,
613 5232 823 5299 Hadrianalee,
840 5233 991 5296 Aelianas,
1014 5233 1100 5284 Ante·
1127 5234 1200 5286 tuali
1226 5242 1265 5286 eet
1293 5233 1449 5301 praeditus.
1497 5229 1757 5301 Concupiscentiem
1788 5245 1903 5300 preren
1924 5244 1953 5282 ex

267 5319 363 5383 ninas,
396 5320 505 5380 fratres
535 5317 657 5371 Araalm
683 5324 709 5370 et
731 5317 805 5370 ahos
832 5317 1030 5384 religiosorum
1057 5336 1102 5372 or·
1127 5335 1241 5373 numero
1259 5325 1435 5389 peccatorum
1453 5325 1613 5372 exemerunt
1630 5324 1743 5387 propter
1754 5316 1880 5386 regulum
1893 5312 1954 5369 ethi·

269 5406 349 5458 dines
384 5405 521 5458 Romarsis
556 5403 750 5458 monachatum
781 5404 901 5456 creandi
930 5404 1103 5457 commanem
1128 5421 1204 5459 cem:
1242 5404 1455 5458 involuntariae
1481 5404 1605 5457 actiones
1629 5420 1687 5455 non
1707 5403 1808 5454 habent
1826 5403 1953 5454 rationem

269 5490 416 5546 andern
448 5490 606 5545 Monachus
621 5505 695 5543 sane
705 5488 839 5559 pestifere
853 5489 999 5542 Romanus
1015 5506 1104 5543 ecem·
1124 5491 1245 5560 peremi.
1283 5488 1412 5545 Libertas
1428 5487 1536 5544 arbitrii
1555 5486 1679 5544 stabilite
1695 5485 1749 5543 tuit
1765 5503 1800 5542 ex
1819 5503 1865 5546 ea,
1888 5482 1952 5557 quod
