4004 6022
216 281 277 338 sss
785 221 1344 325 nocusmunsmussncuuuus

162 443 185 455 ··
214 426 390 497 Augustinus
415 425 450 480 dc
475 424 580 479 haeres.
607 426 644 478 ad
669 421 839 490 Quodvultd
862 438 888 477 a.
917 424 959 476 38.
999 419 1047 475 Sic
1076 428 1143 473 rant
1161 421 1235 474 enirn
1251 420 1372 472 menalca
1392 416 1505 486 Christi,
1522 435 1585 471 cass
1603 418 1786 474 manducant.
1817 414 1911 472 Ponti·

105 512 108 516 ’
214 512 341 566 monachi
348 510 487 566 Pontifluii
498 510 675 581 persuasione
688 509 864 580 perfectiouis
875 506 1047 577 superbiunt.
1074 503 1130 559 ficii
1152 522 1183 559 se
1205 503 1313 559 faciunt
1334 511 1473 559 creatores
1496 504 1539 557 sui
1564 502 1696 558 cratoris
1717 511 1746 558 et
1765 519 1866 574 panem
1882 503 1910 557 iu

214 597 364 654 Novatiani
382 595 553 651 damnabant
569 597 709 650 secundm
727 595 854 664 nuptias,
873 592 1048 664 Augustinus
1075 607 1175 662 corpus
1188 591 1290 645 Christi
1311 597 1517 647 reconvertere
1536 590 1639 644 dicunt.-
1675 590 1720 645 De
1738 589 1793 643 illis
1815 593 1909 660 Augu·

215 683 234 739 l.
254 682 701 752 d.1isdemparumaequisuut
720 680 875 748 Pontificii,
898 680 947 750 qui
966 678 1048 733 bene-
1074 677 1163 731 stiuus
1187 677 1234 732 lib.
1258 683 1282 732 2.
1308 677 1343 731 de
1362 676 1484 731 moribus
1502 675 1622 731 Manieh.
1644 692 1669 732 c.
1690 678 1737 731 1³:
1764 677 1792 728 A
1810 675 1910 744 regula

216 770 363 824 dictionem
394 767 607 823 ecclesiasticam
632 766 687 820 illis
711 766 860 838 denegant.
901 764 1048 821 liliSucce-
1073 765 1231 817 sanctitatis
1261 781 1318 817 non
1345 763 1494 816 uastatur
1522 762 1658 816 excidisse
1688 762 1770 814 homo
1797 763 1909 827 baulan

216 855 288 909 dant>
307 855 349 908 his
372 857 544 918 Borwsians',
566 855 614 925 qui
637 854 778 908 Christum
805 851 968 921 adoptivum
992 849 1047 904 Dei
1074 851 1187 917 osa'sam,
1201 847 1307 911 tubera,
1322 848 1481 916 placentas,
1490 847 1585 916 piper,
1597 847 1676 900 laser
1687 848 1809 900 distento
1817 855 1910 900 uentre

214 941 301 995 lilium
321 941 463 1008 rihmunt,
489 958 512 995 c.
531 947 572 997 39.
590 955 664 994 caus.
684 945 725 994 24.
745 957 770 1009 q.
791 945 813 992 3.
851 936 991 992 Pontificii
1008 935 1048 990 al·
1074 951 1141 988 cani
1158 934 1347 1001 gratulatione
1368 942 1482 986 ructans
1488 953 1498 1002 ;
1525 941 1554 986 at
1573 941 1647 986 certa
1666 933 1810 1002 supplicio
1828 934 1910 986 addi·

215 1026 333 1094 ffimant,
353 1026 427 1096 quod
446 1025 571 1079 Christus
588 1042 638 1094 pro
656 1042 686 1078 se
703 1025 763 1094 ipso
780 1024 817 1077 ait
834 1024 957 1078 meritus.
992 1023 1048 1076 Bc·
1074 1022 1188 1074 celsatar
1205 1022 1286 1073 homo
1302 1036 1409 1088 parasse
1427 1027 1454 1071 et
1471 1020 1562 1088 frugi,
1582 1020 1630 1072 cai
1640 1021 1771 1072 coenanti
1778 1020 1910 1073 oluscula

215 1112 366 1179 puards'ni,
385 1111 432 1182 qui
450 1110 640 1174 affirmabant,
662 1116 683 1164 1.
704 1109 828 1164 animans
846 1127 902 1162 stou
921 1110 1049 1174 indicere
1075 1124 1136 1160 cam
1162 1107 1259 1173 empna
1285 1105 1369 1158 lus-do
1394 1105 1615 1173 apponebantur.
1658 1102 1692 1158 In
1715 1121 1749 1159 eo
1770 1113 1816 1160 est
1834 1105 1910 1162 diffe

215 1198 319 1251 lumine
343 1198 436 1266 ipsam
459 1198 582 1249 elevante
606 1198 648 1248 ael
671 1198 777 1263 Deam,
802 1195 934 1250 Clement.
955 1193 1001 1249 lib.
1023 1201 1047 1250 5.
1074 1191 1175 1260 tentia,
1200 1191 1274 1262 quod
1293 1189 1449 1244 Manichaei
1477 1189 1628 1259 putabant,
1654 1207 1758 1244 carraes
1782 1208 1844 1245 asse
1863 1194 1911 1245 im·

214 1285 256 1338 tit
286 1289 310 1340 3.
337 1300 361 1339 o.
390 1288 414 1336 3.
456 1280 575 1346 Quidam
598 1297 632 1335 ex
654 1280 809 1335 Pontificiis
832 1280 944 1343 docent,
974 1280 1048 1350 quod
1073 1296 1162 1348 paras
1179 1295 1213 1332 ea
1232 1279 1386 1342 mochone,
1410 1274 1549 1330 Pontificii
1569 1277 1678 1331 ratione
1695 1277 1912 1334 maledictiones.

215 1370 335 1440 gentiles
352 1369 381 1422 in
400 1367 540 1422 Christum
557 1367 726 1422 crediderint
748 1384 780 1421 ex
798 1365 911 1436 proprio
923 1365 1046 1421 arbitrio.
1075 1367 1150 1419 Nam
1178 1367 1254 1418 Dens
1276 1363 1424 1417 maledixit
1449 1372 1540 1416 tarrac
1560 1372 1585 1416 et
1605 1382 1661 1416 aon
1680 1365 1777 1434 agnis,
1806 1373 1832 1419 ct
1849 1366 1912 1420 idco

216 1458 243 1507 2.
255 1455 402 1509 Hominem
421 1454 467 1506 hic
484 1455 643 1522 perfectam
655 1469 713 1506 esse
721 1470 813 1521 posse,
831 1450 965 1506 Clamant.
980 1449 1047 1503 ibid.
1076 1452 1172 1503 diebus
1207 1451 1380 1519 jejuniorum
1416 1451 1619 1517 praefer-antur
1646 1451 1741 1519 pascas
1771 1453 1913 1516 carnibus,

215 1538 355 1594 Pontificii
373 1539 480 1606 dicunt,
507 1539 580 1610 quod
598 1538 702 1592 homini
721 1538 852 1606 possibile
872 1536 910 1589 sit
926 1535 1048 1606 perfecte
1076 1537 1226 1590 Durandus
1248 1536 1296 1590 lib.
1323 1543 1347 1590 o.
1373 1552 1397 1590 c.
1423 1536 1458 1590 de
1476 1535 1538 1590 aliis
1552 1535 1720 1606 jejuniis*
1754 1536 1912 1593 Manichaei

215 1625 269 1680 Dei
294 1624 426 1678 mandata
447 1623 603 1681 obseruare.
650 1630 674 1679 3.
700 1623 886 1691 Spiritaalcm
910 1623 1048 1675 harnanas
1072 1623 1211 1693 jejunium
1231 1621 1436 1677 constituebant
1454 1621 1483 1676 in
1501 1622 1612 1677 delectu
1632 1621 1774 1691 ciborum,
1795 1624 1912 1678 (abstine⁴

216 1711 391 1764 obedierstiaa
409 1729 465 1764 aon
482 1727 540 1763 csse
559 1710 719 1778 subjectam.
739 1708 872 1764 Clement.
890 1707 957 1761 ibid.
975 1707 1048 1761 Pon·
1076 1711 1142 1762 bosut
1154 1709 1324 1771 acarnibrss,
1344 1709 1453 1762 s'sstmns
1473 1708 1585 1762 deliciis
1598 1710 1837 1779 circumfluebant,
1857 1713 1913 1764 Au·

214 1795 294 1849 titiaii
313 1795 417 1858 Manat,
436 1795 511 1865 qaod
528 1810 604 1864 papa
622 1811 677 1848 nou
693 1794 730 1848 sit
747 1793 889 1863 subjectus
909 1793 959 1847 ulli
972 1792 1047 1862 judi·
1076 1795 1204 1866 guatinas
1228 1795 1275 1848 lib.
1301 1800 1325 1850 t.
1347 1795 1380 1850 ds
1398 1794 1495 1851 morib.
1515 1794 1612 1850 eccles
1631 1812 1655 1849 e.
1677 1801 1718 1850 st.
1754 1794 1836 1851 Idem
1853 1796 1912 1852 lieri

216 1883 268 1936 cio.
304 1883 469 1944 Εὺίοιιὶιασ,
495 1881 542 1950 qui
571 1879 756 1935 observabant
783 1879 952 1934 ceremonias
979 1877 1049 1949 legis
1076 1897 1093 1935 a
1119 1879 1273 1934 Pontificiis
1298 1886 1417 1934 testatur
1434 1880 1537 1950 praxis.
1574 1880 1691 1936 Asorim
1712 1881 1761 1936 lib.
1782 1889 1807 1938 t.
1826 1882 1911 1939 instit.

215 1969 316 2024 veteris
334 1984 390 2022 nna
406 1982 470 2020 cam
487 1965 645 2037 evangalio,
670 1967 746 2020 unde
767 1966 855 2021 notati
872 1974 938 2020 sunt
955 1965 1049 2019 haere·
1077 1983 1101 2024 c.
1127 1973 1173 2022 at:
1199 1965 1280 2020 Certe
1303 1967 1403 2035 aspari
1419 1985 1474 2020 nan
1489 1975 1596 2037 potest,
1621 1977 1753 2022 carucata
1775 1970 1911 2024 Chritus·

216 2070 291 2117 moa,
315 2070 339 2107 a
359 2058 400 2108 39.
423 2069 497 2108 caus.
518 2057 559 2107 tt.
585 2069 614 2123 q.
634 2058 658 2108 3.
682 2051 813 2123 Papistae
831 2070 864 2107 ex
881 2053 943 2123 lege
962 2051 1049 2106 veteri
1076 2071 1175 2107 aarum
1192 2053 1310 2122 jejunia
1334 2054 1463 2107 carnium
1487 2071 1534 2107 essi
1560 2063 1586 2107 et
1602 2055 1663 2107 cini
1678 2064 1751 2124 potu
1769 2058 1912 2124 comtissa,-

216 2150 245 2196 et
260 2140 361 2194 ritibus
381 2138 552 2194 ethnicorum
571 2138 689 2192 mutuati
707 2146 772 2192 suut
790 2138 975 2193 incensionem
987 2137 1049 2190 thu-
1075 2147 1106 2192 ut
1128 2156 1193 2192 asro
1212 2140 1276 2207 jam
1296 2139 1324 2190 in
1341 2155 1418 2192 nsorc
1433 2139 1556 2208 positam
1574 2148 1629 2208 est,
1651 2148 1682 2193 ut
1700 2158 1763 2194 cam
1779 2143 1910 2212 piscibus,

215 2226 262 2291 ris,
279 2224 403 2292 lotiones,
422 2225 524 2288 oleum,
544 2223 594 2286 sal,
615 2224 742 2291 cinerem,
760 2223 932 2292 vestimentu,
949 2223 1049 2278 instm-
1076 2224 1179 2290 herbis,
1203 2224 1344 2287 frunitus
1367 2226 1431 2279 sino
1449 2226 1580 2279 similiter
1599 2235 1719 2280 maner.
1754 2225 1910 2283 Manichaei

215 2322 309 2367 menta
327 2319 379 2366 etc.
414 2311 606 2379 Nicolaitani‚
633 2310 681 2380 qui
700 2311 904 2378 praeferebant
922 2310 1050 2377 impuras
1076 2311 1177 2366 electos
1210 2327 1274 2365 suos
1299 2310 1461 2382 simpliciter
1488 2313 1524 2366 ab
1548 2329 1597 2367 esu
1621 2312 1745 2367 carmum
1768 2314 1909 2381 arcebant,

215 2399 383 2452 concatim
406 2397 528 2450 nonanis
549 2395 690 2451 aroniim.
726 2394 858 2463 Papistac
875 2395 904 2447 in
923 2394 1048 2448 sacerdo·
1075 2396 1249 2466 Augustinus
1268 2395 1315 2453 lib.
1335 2403 1377 2452 30.
1396 2407 1492 2452 contra
1508 2399 1597 2453 Fanst
1614 2415 1638 2453 c.
1657 2405 1681 2455 5.
1717 2398 1764 2454 Sic
1780 2399 1829 2470 qui
1841 2401 1911 2454 inter

215 2484 290 2539 tibus
313 2483 527 2538 concubinatum
549 2483 680 2550 tolerant,
705 2481 866 2551 conjuginm
891 2480 1048 2550 prohibent,
1075 2481 1237 2537 Pontificius
1254 2481 1432 2552 perfectiores
1451 2484 1538 2540 videri
1551 2485 1655 2552 volunt,
1673 2484 1774 2540 abesa
1787 2486 1910 2540 carnium

87 2571 201 2614 ausrmc-
215 2587 237 2625 c.
265 2578 288 2625 t.
312 2570 375 2623 dist.
403 2569 489 2625 34.st
529 2571 574 2623 20.
597 2569 795 2623 Sarnosotsnus
814 2567 866 2620 hoc
884 2567 994 2620 nomine
1012 2565 1048 2619 ab
1075 2569 1229 2638 abstinent,
1259 2575 1290 2622 ut
1320 2568 1354 2624 da
1380 2568 1624 2625 carthusiensibus
1649 2577 1767 2628 conant.
1813 2572 1909 2626 Mane.

88 2625 201 2716 “linita
215 2655 335 2710 ecclesia
351 2655 506 2724 damnatus,
525 2654 600 2724 quod
617 2652 742 2707 docuerit
759 2651 787 2704 iu
798 2651 915 2719 Christo,
933 2650 1049 2710 atrato
1075 2654 1109 2709 de
1131 2652 1255 2710 Victoria
1277 2654 1306 2708 in
1329 2655 1387 2709 suis
1404 2655 1598 2711 relectiouibus
1615 2657 1773 2727 contendit,
1798 2659 1827 2711 ss·
1842 2657 1910 2712 Cur·

215 2740 313 2813 φύσεις
337 2738 515 2794 nevidunus
534 2737 732 2805 ἀκοινωνὴτους
760 2732 830 2791 εἶναι
854 2735 922 2807 πρὸς
942 2737 1048 2800 ἑαυτάς.
1074 2741 1222 2794 thraciensis
1251 2742 1401 2794 aranachae
1424 2741 1508 2795 uitam
1532 2758 1611 2795 taam
1635 2743 1770 2798 carnibus
1793 2744 1909 2813 parma

214 2825 342 2880 Eundem
359 2841 480 2879 errorem
497 2824 623 2880 Jesuitae
641 2839 748 2878 omnem
767 2822 870 2876 realem
886 2821 1048 2880 idiomatum
1072 2835 1166 2897 posset
1185 2844 1358 2894 conservare,
1378 2827 1411 2882 ab
1431 2834 1523 2880 catam
1543 2836 1636 2881 tasncn
1654 2830 1745 2882 satias
1764 2848 1825 2884 csse
1839 2849 1909 2885 rnor-

215 2912 371 2966 dirinorum
401 2908 676 2964 communicationem
706 2907 783 2962 carui
813 2907 914 2962 Christi
945 2909 1048 2964 factm
1074 2921 1127 2966 tem
1150 2912 1241 2979 obire,
1267 2929 1351 2981 qaam
1372 2912 1475 2965 illicito
1497 2914 1626 2966 carnium
1653 2931 1701 2968 cca
1723 2918 1814 2970 citam
1830 2916 1908 2970 tucri.

86 3003 201 3046 rimans·
215 3016 276 3054 asse
306 3002 440 3067 negantes
473 3012 507 3050 es
536 3009 600 3049 orco
626 3001 765 3050 revocant.
810 2995 854 3049 at.
882 2995 1049 3050 Manichaei
1074 2999 1104 3055 Si
1122 2999 1249 3069 excipere
1262 2998 1356 3065 velint,
1376 2999 1561 3054 Monichasos
1576 3009 1730 3070 propterea
1743 3021 1762 3055 a
1776 3002 1909 3057 carnibus

87 3057 171 3147 {1¹:2⁸⁰
215 3083 388 3139 auditoribus
409 3083 465 3136 suis
490 3087 523 3134 nt
546 3079 652 3152 plebeis
670 3087 699 3135 et
717 3079 966 3151 imperfectioribus
984 3099 1047 3137 cou—
1074 3085 1248 3150 abstinuisse,
1266 3086 1344 3154 qaod
1360 3103 1408 3137 eas
1428 3085 1585 3139 immundas
1603 3094 1629 3139 ct
1646 3087 1854 3142 abominandas
1861 3091 1907 3158 jn-

214 3170 353 3226 cadebant
377 3184 457 3223 usum
475 3166 615 3239 conjugii,
639 3167 734 3221 electis
755 3182 820 3223 sero
837 3167 894 3224 suis
914 3175 1047 3239 tauquam
1073 3171 1211 3239 dicarent,
1229 3187 1258 3224 se
1274 3186 1339 3225 vero
1357 3187 1391 3224 ex
1408 3170 1567 3231 stiacauss
1584 3171 1621 3226 ab
1637 3188 1732 3227 aarum
1751 3191 1806 3228 usn
1825 3174 1908 3229 absti-

213 3256 424 3327 perlectioribus
462 3253 573 3310 omuino
613 3253 829 3324 interdicebant,
876 3257 1047 3326 Augustinus
1073 3274 1150 3325 nera,
1174 3256 1340 3325 nomadum,
1364 3257 1438 3327 quod
1466 3259 1511 3311 22.
1530 3256 1698 3313 Ειιιιαθιίιιι
1717 3258 1863 3315 Sebastiae
1879 3261 1973 3317 iuxta

213 3342 292 3412 epist.
312 3348 354 3398 ts.
390 3341 437 3397 Sic
454 3339 594 3394 Pontificii
610 3340 640 3395 iu
658 3339 737 3394 laicis
755 3341 867 3412 nuptias
878 3341 980 3408 ierunt,
997 3342 1046 3396 sed
1073 3341 1206 3396 Armenia
1226 3342 1372 3412 episcopas
1399 3343 1436 3397 ob
1458 3342 1672 3413 prohibitionem
1694 3360 1757 3399 esus
1784 3347 1907 3401 carnium
1918 3334 1973 3428 ξιξ·

213 3426 242 3480 in
260 3427 450 3482 sacerdotibus
469 3433 498 3481 et
515 3424 665 3493 monachis,
685 3442 755 3497 quos
772 3426 801 3481 iu
815 3435 889 3482 statu
901 3429 1046 3498 pertectio·
1073 3429 1101 3482 in
1119 3426 1234 3483 coucilia
1253 3426 1409 3499 Gangrensi
1428 3427 1482 3483 suit
1499 3429 1660 3498 damnatus,
1678 3431 1726 3503 qui
1745 3441 1840 3487 umen
1863 3450 1908 3488 eas

212 3513 255 3566 nis
288 3513 452 3567 consututos
487 3519 616 3576 causant,
652 3529 699 3568 eas
737 3512 848 3568 omnino
883 3514 1046 3584 improbant.
1073 3529 1249 3584 nequaquam
1278 3530 1341 3567 cum
1372 3512 1543 3569 Manichaeis
1571 3517 1726 3571 immundas
1751 3518 1909 3587 judicabat,

213 3596 367 3652 Manichaei
393 3596 500 3651 Christi
520 3599 632 3666 quidem
656 3615 759 3667 corpus
776 3601 805 3651 in
822 3616 907 3651 sacra
928 3616 1046 3652 comma·
1073 3601 1121 3654 sed
1146 3600 1185 3654 ob
1212 3599 1424 3668 accuratiorem,
1454 3601 1620 3657 exactiorem
1646 3609 1674 3657 et
1700 3604 1907 3675 exquisitiorem

212 3683 353 3737 nicanore
379 3685 536 3752 accipiant,
565 3685 728 3751 cananaeus
751 3694 844 3738 autem
868 3684 1046 3738 redencionis
1073 3684 1248 3756 disciplinam
1272 3685 1308 3739 ab
1334 3685 1388 3739 illis
1411 3685 1607 3742 abstinendum
1626 3687 1752 3756 dicebat,
1778 3690 1818 3745 sic
1836 3691 1908 3746 enim

211 3770 328 3823 baudra
347 3770 458 3822 ansuino
476 3770 633 3838 declinant,
660 3768 720 3824 Leo
736 3788 816 3827 serm.
836 3776 860 3825 4.
880 3769 1045 3841 quadrages.
1073 3772 1107 3826 de
1125 3771 1173 3825 illc
1194 3779 1328 3825 memorat
1346 3771 1513 3826 &camenus
1531 3771 1579 3826 lib.
1601 3778 1625 3828 ³.
1643 3772 1707 3828 hist
1728 3790 1751 3830 c.
1776 3781 1815 3832 ts.
1834 3776 1906 3849 quod

212 3853 351 3909 Pontificii
376 3869 432 3909 uon
455 3855 542 3908 solum
563 3855 636 3909 idem
653 3855 774 3923 iaciunt,
798 3855 846 3910 sed
867 3855 951 3909 etiam
972 3856 1044 3912 idem
1072 3857 1101 3911 in
1131 3856 1239 3927 syuodo
1266 3855 1425 3928 Gangrensi
1449 3857 1612 3912 senteutiam
1640 3873 1718 3912 suam
1744 3858 1799 3915 hoc
1827 3862 1906 3916 modu

211 3939 369 3995 faciendam
405 3940 588 4011 praecipiunt.
640 3939 796 3994 Manichaei
824 3958 842 3995 a
873 3942 1045 3996 matrimonio
1072 3942 1241 4013 exposuerit,
1267 3959 1322 3995 non
1347 3944 1539 3997 contumacias
1560 3953 1612 3998 cat
1630 3946 1832 4018 arropcntiae,
1855 3950 1905 4001 scd

211 4025 410 4090 abhorrebant,
437 4026 546 4081 interim
572 4027 656 4081 variis
680 4025 843 4080 libidinibus
863 4044 922 4082 sese
940 4028 1044 4098 pollue·
1070 4029 1221 4098 religiosae
1258 4030 1462 4084 mactationis
1497 4032 1594 4098 gratia
1628 4031 1700 4084 talia
1735 4050 1753 4084 a
1788 4050 1818 4087 se
1850 4051 1906 4088 csss

211 4111 294 4181 bant,
316 4113 391 4167 unde
415 4113 592 4183 Augustinus
617 4112 666 4170 lib.
686 4118 710 4167 2.
729 4113 765 4166 de
786 4113 880 4167 morib.
898 4115 997 4167 eccles.
1017 4123 1045 4168 et
1071 4117 1207 4170 instituta.
1248 4115 1353 4179 Quodsi
1380 4133 1446 4187 ergo
1470 4133 1525 4171 non
1553 4118 1582 4172 iu
1605 4117 1785 4189 Manichaeo,
1815 4127 1906 4176 umen

210 4198 330 4281 Manich.
358 4216 382 4254 c.
405 4202 447 4254 31.
467 4198 578 4267 scribit,
604 4200 680 4266 qaod
703 4216 759 4252 oon
780 4199 966 4267 concubitura,
993 4202 1045 4253 scel
1071 4202 1099 4256 in
1125 4201 1272 4256 Eustathio
1296 4202 1420 4256 damnati
1450 4210 1515 4256 sunt
1539 4203 1688 4262 Pontificii.
1732 4207 1906 4260 ”Hemero-

209 4286 325 4353 naptias
339 4285 516 4354 prohibeasrt.
554 4283 632 4338 Idem
651 4283 712 4339 fieri
729 4301 747 4338 a
763 4284 1043 4355 plurimisiupapatu
1072 4288 1210 4359 baptistae
1250 4288 1374 4359 quotidie
1413 4287 1596 4355 lavabantur,
1637 4296 1709 4346 teste
1748 4291 1906 4364 Epiphanio

211 4368 385 4438 sacrificulis,
409 4377 528 4424 testatur
545 4379 638 4424 orator
656 4368 734 4423 ducis
753 4369 889 4424 Bavariae
906 4371 936 4423 iu
953 4372 1042 4427 conci·
1070 4374 1174 4430 haeres.
1215 4381 1254 4429 tt.
1298 4374 1365 4428 item
1405 4374 1504 4431 Niceta
1547 4376 1576 4429 in
1610 4376 1739 4432 thesauro
1780 4379 1844 4437 libr.
1886 4387 1905 4434 t.

210 4453 248 4508 lio
259 4454 435 4509 Tridentinus
457 4454 557 4508 Clarus
569 4461 664 4509 rioster
671 4465 791 4524 propter
804 4455 948 4509 libidinem
960 4458 1043 4511 nimis
1070 4478 1130 4531 cap.
1158 4465 1200 4517 41.
1246 4459 1379 4532 Papistae
1404 4460 1520 4531 singulis
1547 4461 1645 4517 dicbus
1673 4463 1850 4536 adspergunt
1875 4480 1904 4519 se

210 4540 328 4594 liberam
352 4558 387 4594 ac
409 4543 550 4594 notoriam
566 4558 640 4593 nana
656 4541 918 4605 s'rsfansislsatetar.
955 4543 1042 4599 Mani·
1068 4563 1142 4618 aqua
1179 4545 1287 4601 lustrali
1323 4546 1359 4600 ad
1390 4549 1568 4618 purgationes
1598 4541 1779 4618 peccatorum
1791 4593 1798 4620 ,
1835 4568 1905 4624 quae

209 4624 289 4679 chaei
317 4625 373 4680 duo
402 4625 563 4680 statuebant
591 4625 728 4696 principia
765 4642 851 4697 eaque
888 4637 1042 4700 coaeterna,
1069 4631 1189 4688 venialia
1225 4631 1377 4703 appellant.
1427 4634 1569 4687 hiarcosii
1600 4633 1629 4688 in
1665 4634 1904 4693 administratione

210 4712 384 4782 Augustinus
402 4713 437 4766 de
455 4711 561 4765 haeres.
580 4729 603 4766 e.
622 4719 662 4769 th.
683 4729 746 4766 eum
764 4727 819 4782 quo
837 4729 870 4767 ex
888 4722 967 4783 parte
979 4733 1041 4770 cou-
1069 4718 1200 4790 baptismi
1220 4719 1365 4773 Hebras'sa
1391 4720 1504 4772 aomina
1527 4721 1761 4791 asportabantur,
1789 4723 1831 4777 ait
1852 4723 1905 4779 Ire

208 4798 296 4864 venit,
314 4799 389 4868 quod
410 4798 530 4867 August.
566 4797 704 4853 steuchus
722 4799 751 4851 in
768 4815 888 4869 cosmop.
907 4800 935 4853 in
955 4802 1042 4871 princ.
1067 4822 1154 4860 naeus
1179 4804 1242 4858 libr.
1271 4809 1292 4859 l.
1321 4821 1382 4874 cap.
1412 4808 1451 4862 ts.
1476 4813 1507 4857 at
1535 4805 1647 4875 stupori
1670 4816 1776 4876 essent,
1802 4809 1847 4864 rel
1875 4814 1904 4862 ut

209 4883 309 4939 Genea.
327 4884 430 4947 scribit,
450 4884 557 4937 coelam
576 4901 753 4953 empyracam
767 4886 865 4950 finisse
883 4891 945 4940 Deo
963 4904 1042 4942 eoae·
1068 4890 1107 4945 ait
1131 4888 1304 4961 Epiphanius
1330 4889 1495 4946 haereant.
1524 4907 1578 4961 qao
1605 4896 1696 4960 magis
1720 4895 1906 4950 adnisi-otiosi

208 4978 323 5026 urnam.
353 4970 393 5024 At
411 4969 435 5022 si
452 4967 507 5022 fuit
523 4975 674 5038 aeternum,
692 4970 854 5042 fuitutiqae
867 4971 1040 5044 principium.
1069 4984 1156 5029 arent
1187 4974 1235 5045 ru,
1277 4976 1328 5045 qas'
1359 4977 1552 5030 initiabantur.
1602 4977 1734 5049 Papistac
1771 4987 1905 5052 usurpant

207 5054 409 5109 *nauus
429 5053 571 5109 emesan
589 5070 619 5110 se
638 5055 797 5110 «atcania
818 5056 936 5120 mass,
962 5035 1190 5133 noce-iungunt
1218 5063 1335 5117 instratu
1365 5064 1528 5136 plerumque
1557 5082 1612 5119 non
1639 5065 1828 5137 insultatum,
1856 5083 1904 5123 ne

207 5140 276 5196 bant
305 5141 392 5204 enim,
420 5142 498 5211 quod
520 5143 643 5194 marsica
668 5140 776 5194 Chrs'sti
797 5150 885 5195 essent
912 5144 1040 5212 dispersa
1067 5148 1184 5202 testibus
1220 5149 1429 5218 assistentibus,
1472 5157 1505 5205 ut
1529 5152 1716 5221 ¹majestatem
1756 5152 1903 5209 concilient

206 5227 374 5295 ubicunqne,
393 5237 418 5281 ct
437 5229 515 5296 carad
533 5229 561 5280 in
580 5245 632 5280 ssia
652 5229 713 5281 cibo
732 5237 758 5280 ct
777 5236 846 5296 potu
864 5230 922 5298 ipsi
939 5230 1038 5283 libera·
1067 5233 1149 5287 rebus
1182 5234 1284 5303 sacris,
1321 5243 1353 5290 ut
1385 5242 1552 5306 causantur,
1590 5242 1618 5291 et
1643 5236 1673 5290 iu
1697 5235 1833 5308 baptismi
1855 5237 1904 5293 ad·

206 5321 268 5365 rent
292 5315 415 5366 memhra
435 5312 553 5377 Christi,
578 5330 648 5382 guae
670 5322 761 5367 essent
778 5314 914 5383 colligata
932 5325 1040 5370 acata-
1067 5319 1267 5374 ministratione
1308 5319 1393 5374 verba
1437 5321 1574 5392 quaedam
1614 5319 1767 5380 Hebraica.
1816 5323 1904 5380 lidan

205 5399 256 5453 riu
291 5399 376 5452 Tolcs
397 5399 499 5470 (iuquit
509 5399 696 5470 Augustinus)
714 5408 779 5452 sant
797 5400 877 5453 electi
889 5417 991 5471 coram,
1010 5413 1039 5457 at
1066 5402 1221 5473 baptisatus
1247 5404 1422 5477 inungebant
1451 5406 1644 5476 opobabamo,
1675 5407 1751 5479 quod
1778 5424 1903 5481 unguen·

204 5500 261 5540 non
279 5484 488 5539 antecessus·
503 5501 522 5538 a
542 5487 619 5548 Dea,
636 5488 688 5540 ssd
702 5487 863 5540 'salvatores
881 5488 952 5555 Dei,
970 5488 1038 5544 libs·
1066 5496 1126 5545 tum
1149 5494 1250 5560 typum
1274 5503 1335 5545 csse
1358 5489 1505 5556 dlcebant,
1531 5490 1664 5563 benacus
1686 5491 1750 5548 libr.
1770 5499 1795 5550 1.
1819 5511 1844 5551 c.
1866 5499 1903 5551 tt.
