4004 6022
201 156 242 216 tl
791 147 915 208 1100OE
932 144 1139 206 memus
1155 145 1300 206 mres

205 296 360 380 manserein
379 307 436 362 ser
458 303 589 378 ἀδελφῶν
609 302 692 378 ἄρτος
715 307 761 360 asi
783 303 916 379 nosipsos
936 303 1037 365 tenor
1066 303 1142 374 quod
1158 306 1337 374 praeceptum
1354 299 1478 372 Christi).
1511 299 1631 358 nuiss
1647 300 1679 356 in
1694 298 1783 359 muts
1800 302 1895 357 moral.

202 395 250 448 ssi
269 392 417 467 sosipater.
455 391 587 448 irenaeus
602 391 649 446 lih
670 399 692 448 1.
711 408 734 447 c.
755 396 780 447 9.
798 390 895 448 itidem
912 389 1036 448 meminit
1062 389 1110 448 lib.
1132 396 1171 445 19.
1191 407 1215 445 c.
1237 395 1278 445 39.
1299 386 1327 464 ξ
1349 390 1437 444 altera
1456 388 1594 460 quaestio:
1620 388 1655 442 Si
1676 404 1771 458 repes,
1793 405 1833 441 an
1859 387 1896 440 sit

202 485 344 550 ποτηρίων
370 484 437 548 oirp
465 483 642 552 κεκραμένων
668 478 697 533 in
729 477 913 550 descriptione
936 475 1035 534 eucha·
1062 495 1138 548 aqua
1155 478 1220 532 uino
1236 477 1381 530 mheenda
1401 493 1433 530 su
1446 482 1603 545 praecepto
1617 475 1730 540 Christi,
1748 481 1798 529 aut
1810 474 1896 529 eccle·

201 565 297 622 ristiae
319 583 337 621 a
361 567 457 622 Marco
481 564 616 621 Gnostico
638 564 845 621 administratae
865 567 1036 634 (recensente
1061 565 1121 619 siae
1150 562 1334 630 instinctione,
1366 562 1482 630 quidam
1507 570 1633 616 nostmm
1658 562 1812 632 opinantur
1831 559 1897 629 pri·

202 651 314 708 Graeca
335 653 422 708 verba
442 652 598 724 Epiphanio
615 651 662 709 lib.
684 657 706 708 1.
727 657 793 707 tom.
813 657 837 708 3.
857 651 963 707 haeres.
983 651 1036 719 94.)
1062 670 1144 721 mum,
1162 652 1214 704 sed
1231 649 1286 703 alii
1299 648 1478 718 probabilius
1496 651 1654 703 secundum.
1684 646 1785 703 Confer
1797 646 1896 701 'l'hcm

203 743 233 794 et
250 738 298 794 lib.
317 746 341 796 b.
360 755 384 794 c.
404 744 433 795 2:
459 739 579 803 Quando
603 738 701 792 mistus
726 739 803 792 calin
824 746 850 792 ct
868 739 956 808 panis
967 737 1036 806 fra·
1062 742 1132 809 part.
1152 743 1176 792 3.
1193 754 1239 808 qu.
1259 742 1299 793 74.
1320 741 1372 790 art.
1389 740 1412 789 6.

202 832 266 880 ctas
288 826 413 894 percipit
439 825 549 879 rubum
576 824 649 892 Dei,
673 826 711 895 fit
737 824 915 878 eukaristia.
960 823 1037 876 “In
1099 829 1139 879 26.
1168 824 1226 880 Nos
1244 822 1273 876 in
1293 821 1453 892 negativam
1469 820 1645 876 comedimus
1664 820 1741 876 hisce
1756 819 1801 874 asi
1814 823 1984 891 argu-Ars·-

205 912 332 967 scclesiss
350 912 541 966 Moscooiticis
561 911 719 982 presbytcri
741 911 828 965 salim
852 910 1037 965 eucharimico
1063 911 1177 966 mentis:
1215 916 1237 965 l.
1256 909 1290 962 In
1313 924 1409 964 sacrae
1434 924 1537 964 menas
1564 907 1802 963 administratione
1825 905 1897 960 nihil
1910 890 1975 980 ,¹22⁰
2001 956 2002 963 .

200 999 352 1069 paululum
371 1016 462 1068 agaae
480 1000 593 1070 tepidm
605 1000 767 1064 admucont,
789 999 857 1069 quia
875 999 988 1052 stimme:
1005 1015 1038 1050 en
1064 997 1215 1069 quidquam
1244 1002 1276 1051 ut
1297 994 1481 1051 neceesarium
1508 992 1712 1050 obtrudendum
1732 999 1788 1058 est,
1814 994 1896 1065 cujus
1910 993 1965 1077 ion
1986 1004 1994 1069 J

203 1086 294 1141 latere
311 1087 432 1140 Domini
449 1087 566 1154 sanguis
579 1086 717 1156 prostasii
730 1093 756 1140 st
772 1102 856 1155 apua,
874 1102 957 1156 psam
969 1085 1037 1138 eali·
1063 1083 1212 1139 necessitas
1236 1100 1270 1138 cx
1295 1081 1387 1138 verbis
1413 1080 1592 1137 institutionis
1616 1080 1706 1136 evinci
1725 1095 1781 1135 non
1800 1079 1896 1152 possit
1911 1090 1989 1137 nat·-

204 1174 273 1227 dam
282 1173 380 1240 fuisse
398 1174 514 1227 medere
530 1173 581 1238 sas
599 1179 646 1226 est.
678 1171 715 1226 ln
737 1189 821 1243 opere
839 1171 875 1227 de
893 1172 978 1226 variis
995 1187 1037 1226 re·
1063 1171 1129 1226 lam
1154 1187 1220 1226 vero
1237 1186 1271 1225 er
1294 1168 1386 1224 verbis
1404 1166 1585 1224 institutionis
1604 1184 1659 1222 non
1675 1172 1768 1240 potest
1784 1165 1897 1239 probari

102 1282 106 1291 ·
204 1275 266 1314 rum
289 1257 411 1313 Muecor.
435 1256 595 1314 auctoribus
620 1275 648 1328 p.
671 1259 772 1313 litt.iil
807 1257 882 1330 Ergo
901 1276 957 1314 non
976 1255 1037 1311 sim·
1065 1257 1203 1312 mixtionis
1225 1255 1299 1311 illins
1322 1254 1480 1312 necessitas.
1519 1254 1595 1326 Ergo
1618 1259 1670 1309 etc.
1709 1253 1898 1310 Bellarminus

207 1344 316 1417 pliciter
335 1343 497 1398 damnamus
524 1349 555 1398 ut
583 1348 739 1415 pugnantes
763 1351 859 1400 contm
875 1343 979 1399 Christi
996 1344 1037 1398 in·
1064 1352 1216 1400 msumtum
1232 1360 1289 1399 non
1306 1348 1399 1414 potest
1417 1341 1527 1397 omnino
1546 1358 1663 1413 negare,
1682 1339 1722 1396 sic
1740 1339 1813 1397 enim
1831 1340 1898 1394 scri-

123 1437 147 1480 L
162 1435 194 1480 4⁰·
206 1429 386 1500 stitutionem,
405 1430 454 1501 qui
470 1429 564 1484 vinum
583 1446 657 1500 aqua
673 1435 856 1500 temperatum
875 1431 903 1485 in
921 1430 1036 1485 admini-
1066 1431 1108 1486 bit
1132 1430 1150 1486 1.
1170 1431 1198 1484 d.
1222 1428 1250 1503 §-
1279 1429 1422 1485 Ceterum:
1456 1430 1504 1483 An
1527 1429 1620 1482 uinum
1643 1445 1720 1499 apua
1737 1428 1849 1481 mistum
1867 1426 1898 1480 in

206 1517 341 1572 stratione
361 1515 543 1573 eucharistiae
561 1521 710 1588 usurpant,
736 1533 788 1572 nec
812 1513 971 1588 junicamus
992 1533 1037 1572 eu·
1066 1519 1153 1572 calice
1164 1518 1260 1586 suerit
1278 1524 1342 1570 ants
1360 1517 1608 1584 corumrationsm,
1632 1531 1665 1570 ea
1685 1515 1837 1586 &raptura
1855 1530 1898 1567 cn·

206 1602 355 1660 charistiae
379 1600 533 1674 integritati
559 1602 604 1657 vel
628 1602 768 1658 efficaciae
785 1604 938 1675 quidquam
961 1603 1039 1659 dece·
1061 1621 1160 1675 presse
1183 1621 1240 1657 non
1266 1604 1389 1658 habear.
1425 1602 1528 1660 Nullae
1547 1600 1770 1658 cnoumstantiae
1788 1601 1899 1656 institu-

207 1689 282 1758 dere,
301 1689 324 1743 si
341 1687 435 1742 dnum
453 1703 528 1758 aqua
544 1688 581 1743 sit
597 1688 723 1757 mixtum,
740 1687 816 1760 quod
834 1687 871 1742 ab
890 1687 1040 1759 ossonensi-
1065 1690 1148 1745 tionis
1181 1688 1282 1762 (inquit
1313 1688 1489 1745 Ohsmnicins
1515 1688 1541 1745 d.
1569 1687 1601 1757 l.)
1630 1687 1750 1758 speciem
1776 1687 1900 1759 aliquam

207 1780 264 1838 lou
283 1775 394 1846 saepius
412 1774 472 1830 lieri
490 1779 607 1832 constat.
642 1775 672 1832 si
693 1792 759 1847 ergo
778 1775 916 1830 Pontificii
933 1776 1040 1832 mixtio-
1066 1775 1216 1847 praebent,
1243 1776 1317 1848 qnod
1341 1776 1371 1829 in
1393 1775 1456 1845 ipsa
1481 1774 1590 1829 achone
1611 1790 1713 1829 coenae
1736 1773 1901 1829 Dominicae

207 1879 270 1918 nem
288 1861 363 1916 illam
381 1866 414 1915 ut
429 1862 657 1918 consuetudinem
671 1861 859 1934 adiaphoram,
873 1879 945 1934 quae
956 1863 1040 1918 verbo
1069 1862 1193 1917 Christus
1208 1867 1284 1931 tunc,
1302 1878 1366 1916 cum
1381 1861 1497 1915 calicem
1514 1860 1732 1917 benedicendum
1752 1859 1901 1930 acciperet,

207 1947 262 2002 Dei
280 1965 332 2003 nec
351 1949 497 2019 mandata,
523 1964 575 2003 nec
597 1947 738 2020 prohibita
761 1950 811 2018 sit,
839 1949 1040 2005 sedictionem
1068 1964 1169 2021 aquam
1188 1948 1295 2020 inipso
1313 1947 1398 2002 calice
1414 1946 1479 2001 vino
1496 1945 1646 2002 minuerit.
1682 1946 1810 2018 Ineptum
1825 1947 1900 2001 enim

207 2034 311 2091 hebeat
327 2051 392 2090 vero
417 2051 472 2090 non
492 2034 665 2100 dissimilem,
693 2042 834 2091 servarent
857 2041 885 2092 et
904 2053 1040 2108 propone·
1067 2040 1121 2104 est,
1148 2035 1221 2106 quod
1244 2052 1278 2091 ex
1299 2033 1415 2106 hospitis
1438 2032 1540 2105 hydria
1558 2032 1672 2105 quidam
1690 2031 1761 2086 illud
1780 2031 1900 2102 probare

208 2128 283 2190 rent,
307 2121 386 2176 nulla
414 2127 447 2176 at
465 2120 501 2177 de
518 2138 549 2177 rc
567 2121 742 2177 indifferente
759 2129 831 2178 esset
848 2123 1040 2179 controversia.
1066 2126 1219 2189 votuerunt,
1238 2138 1301 2176 cnm
1319 2137 1352 2175 er
1370 2119 1458 2190 pelvi,
1477 2119 1552 2174 unde
1571 2116 1696 2173 Christus
1713 2117 1799 2189 pedes
1816 2118 1898 2173 disci-

209 2207 340 2272 Qaaestio
368 2214 461 2263 autem
489 2212 545 2264 est:
577 2225 613 2264 an
642 2209 712 2265 haec
740 2209 836 2265 mixtio
862 2226 951 2281 aquae
977 2226 1040 2264 cnm
1066 2209 1195 2280 palorum
1210 2207 1285 2274 lavit,
1304 2206 1417 2278 propior
1434 2205 1532 2260 fuisset
1550 2204 1687 2277 probatio.
1723 2204 1827 2261 Vinum
1845 2205 1899 2278 igi-

208 2294 273 2347 rino
301 2300 322 2350 1.
348 2294 377 2347 in
400 2295 462 2366 ipsa
490 2310 593 2351 coenae
615 2294 780 2352 Dominicae
805 2296 1041 2351 administratione
1067 2302 1113 2350 tur
1135 2295 1194 2371 sive
1221 2294 1349 2366 genimen
1366 2293 1431 2347 vitis
1454 2298 1497 2349 est
1523 2292 1559 2347 ds
1582 2291 1739 2347 substantia
1759 2292 1900 2347 Dominici

208 2380 366 2435 necessaria
385 2380 436 2448 sit3
461 2386 485 2437 2.
504 2386 534 2435 et
552 2381 665 2453 quidem
684 2381 736 2438 hoc
752 2380 820 2453 line,
839 2388 871 2437 ut
889 2383 955 2437 unio
973 2382 1041 2437 fide·
1067 2380 1174 2449 calicis,
1204 2380 1279 2452 quod
1303 2381 1339 2435 ad
1366 2386 1507 2435 externum
1531 2379 1698 2434 elementum
1722 2379 1836 2449 amnes,
1863 2395 1901 2434 an

209 2465 277 2520 lium
305 2483 367 2520 cum
391 2465 515 2522 Christo·
532 2484 587 2522 non
614 2468 704 2522 solum
730 2473 964 2538 repraesentetur,
991 2470 1041 2525 sed
1067 2485 1133 2524 vero
1152 2467 1253 2523 debeat
1269 2483 1329 2522 csse
1347 2465 1393 2521 vel
1408 2466 1571 2521 merumvel
1590 2465 1713 2533 mixtum,
1728 2464 1901 2521 rubrumrel

209 2551 293 2607 etiam
316 2558 340 2607 3.
365 2552 521 2608 efficiatur?
557 2553 698 2609 Pontificii
723 2553 879 2626 affirmant3
906 2556 946 2610 sic
967 2555 1041 2611 enim
1068 2553 1176 2624 album,
1199 2569 1255 2609 non
1278 2558 1321 2609 est
1341 2553 1376 2608 de
1394 2554 1567 2610 necessitate.
1603 2551 1783 2607 ”Lntherus
1803 2553 1833 2607 in
1849 2552 1900 2610 lib.

209 2637 370 2693 Alexander
393 2638 416 2696 I.
444 2655 468 2696 c.
492 2639 521 2693 in
543 2645 777 2697 sacramentorum
799 2640 862 2699 dist.
884 2647 908 2697 2.
924 2641 960 2697 ds
978 2659 1041 2697 con·
1070 2641 1104 2696 de
1128 2640 1239 2697 formul.
1265 2640 1366 2696 missae
1393 2644 1459 2695 tom
1483 2645 1506 2696 2.
1526 2639 1589 2696 Lat.
1612 2638 1632 2696 f.
1652 2645 1710 2695 set.
1734 2655 1798 2694 ann.
1819 2645 1901 2696 less:

210 2729 323 2779 secret:
344 2726 410 2778 Non
431 2725 511 2778 debet
529 2726 560 2778 in
578 2727 667 2779 calice
686 2727 806 2781 Domini
820 2735 871 2782 aut
886 2728 981 2782 uinum
999 2746 1042 2782 so·
1070 2730 1203 2782 Nondum
1232 2728 1374 2782 *comnini
1398 2745 1517 2796 mecam,
1553 2727 1732 2781 miscendam
1761 2728 1799 2780 sit
1826 2744 1903 2798 aqna

209 2812 279 2876 lum,
305 2819 354 2865 aut
372 2829 448 2881 aqua
466 2813 529 2866 sola
548 2813 661 2883 offerri,
686 2815 738 2867 sed
760 2820 906 2885 iamneque
919 2816 1042 2884 permic-
1069 2815 1142 2882 uino,
1160 2830 1321 2884 quanquam
1331 2812 1384 2867 huc
1400 2813 1515 2881 inclino,
1533 2820 1564 2866 nt
1580 2828 1687 2866 mmm
1697 2814 1797 2883 potius
1808 2814 1903 2869 uinum

211 2906 269 2952 tum
301 2900 446 2968 offeratur.
488 2898 581 2955 Julius
609 2915 633 2953 c.
660 2915 723 2953 cum
752 2915 841 2955 omne.
872 2901 937 2957 dist.
968 2901 1043 2956 ead:
1069 2907 1188 2970 paretur
1208 2900 1310 2969 absquae
1331 2915 1421 2970 apicas
1439 2898 1570 2963 micuere,
1589 2901 1666 2968 meod
1679 2899 1904 2969 sipm‘jicatioms

214 2984 299 3040 Calais
316 2984 484 3038 Dominimss
504 2987 592 3054 juata
610 3003 747 3041 canonum
761 2995 918 3057 praccepta
935 2990 1000 3043 rino
1019 2996 1046 3042 st
1069 2986 1143 3040 male
1172 2987 1286 3051 habeat,
1312 3002 1394 3056 psam
1417 2986 1488 3041 Esa.
1513 2990 1536 3038 1.
1559 2985 1648 3054 ponit.
1690 2986 1789 3040 Vinum
1816 2993 1903 3056 tmsm,

214 3087 290 3141 cossa
304 3071 461 3140 permistm
471 3072 551 3125 debet
562 3073 667 3142 offerri,
687 3074 754 3142 qaia
772 3074 906 3144 ridemus,
924 3076 954 3130 in
968 3093 1043 3146 aqua
1069 3074 1172 3145 inquit,
1196 3074 1311 3128 mistum
1328 3081 1369 3127 cst
1385 3090 1468 3145 aqua.
1504 3074 1617 3127 Merum
1635 3073 1730 3127 uinum
1749 3074 1821 3128 enim
1835 3074 1902 3144 pal·

208 3158 346 3229 populum
369 3157 505 3228 intelligi,
532 3159 561 3212 in
584 3159 648 3213 rino
666 3176 731 3215 vero
749 3163 861 3215 ostendi
880 3164 1043 3233 sanquinem
1070 3162 1133 3214 chre
1155 3163 1262 3231 figurat
1280 3161 1434 3231 puritatem
1457 3161 1603 3215 domrinae
1621 3160 1808 3231 evangelicae.
1843 3162 1903 3215 De·

212 3243 332 3313 Christi,
357 3261 423 3314 crgo
450 3261 513 3298 cum
541 3246 571 3298 in
600 3247 688 3300 calice
711 3247 777 3301 rino
800 3265 876 3317 nossa
905 3250 1043 3318 miscetur,
1069 3248 1137 3301 inde
1157 3250 1235 3316 quod
1252 3265 1310 3317 pro
1334 3248 1414 3300 nobis
1436 3265 1492 3301 non
1511 3249 1654 3313 osismus
1670 3248 1729 3302 nisi
1743 3249 1821 3303 calces
1838 3265 1903 3302 san·
1956 3301 1964 3313 ‚

213 3331 324 3386 Chresto
348 3331 473 3400 populas
492 3332 637 3385 adunatur
659 3340 685 3385 et
711 3335 883 3388 credentium
905 3336 985 3405 plebs
1009 3338 1044 3402 ei,
1071 3336 1133 3405 guis
1148 3334 1253 3388 Christi
1267 3334 1457 3403 impermistus
1474 3341 1578 3405 nostro,
1595 3334 1676 3404 cnjus
1689 3334 1903 3389 ibimemoriam
1927 3330 1930 3337 ’

211 3419 241 3473 in
260 3434 340 3486 quem
358 3418 464 3486 credit,
491 3419 641 3486 copulatur
659 3427 685 3472 et
702 3419 846 3488 junpitur,
871 3438 944 3490 quac
961 3440 1043 3492 copu-
1069 3421 1200 3485 facimus.
1239 3421 1274 3474 Ut
1292 3437 1348 3474 non
1364 3427 1416 3474 stet
1435 3420 1550 3474 illorum
1567 3421 1712 3490 somnium,
1732 3423 1781 3491 oui
1798 3421 1903 3490 dicunt,

212 3503 283 3559 latio
308 3520 399 3573 aquae
422 3510 447 3556 ct
471 3504 532 3558 vini
554 3504 595 3560 sic
612 3506 744 3559 miscetur
763 3507 792 3558 in
809 3507 899 3561 calice
918 3509 1044 3578 Domini,
1071 3508 1111 3560 ibi
1134 3507 1261 3576 figurari
1288 3507 1418 3561 unionem
1447 3508 1540 3562 nostri
1566 3525 1627 3561 cum
1660 3508 1786 3577 Christo,
1815 3509 1905 3580 ¹hujus

211 3599 242 3645 nt
262 3590 357 3643 mistio
380 3590 435 3644 illa
455 3608 511 3644 non
525 3592 617 3659 possit
635 3592 778 3660 separari.
816 3594 891 3647 Nom
909 3594 936 3647 ei
950 3595 1044 3649 vinnm
1070 3593 1183 3647 unionis
1208 3595 1369 3648 memoriam
1397 3595 1442 3648 his
1468 3612 1525 3648 non
1543 3596 1679 3662 facimus
1723 3596 1782 3650 Nec
1808 3612 1905 3651 sumus

212 3684 319 3732 tantum
337 3678 400 3745 quis
420 3678 528 3745 offerat,
548 3679 663 3746 sanquis
677 3677 785 3732 Christi
800 3680 899 3750 incepit
913 3697 970 3734 esee
984 3683 1045 3735 sinc
1072 3681 1146 3735 uniti
1173 3687 1237 3734 ante
1274 3681 1336 3751 cius
1363 3681 1521 3747 senionem,
1558 3681 1669 3752 alioqui
1698 3682 1782 3736 umet
1812 3690 1906 3736 noster

123 3828 130 3841 .
212 3763 299 3817 nobis.
337 3761 372 3816 Si
388 3779 453 3816 vero
471 3763 509 3816 sit
526 3779 603 3833 aqua
618 3765 689 3832 sola,
704 3765 784 3833 plebs
804 3765 1045 3836 incipitcssesine
1072 3782 1180 3837 quaeres
1208 3769 1324 3836 sanquis
1355 3784 1417 3823 mem
1445 3769 1581 3839 sanquine
1609 3768 1718 3823 Christi
1738 3786 1795 3839 pro
1824 3770 1905 3825 nobis

216 3850 335 3906 Christo.
373 3846 526 3904 Concilium
555 3848 748 3906 'Iridentinum
771 3869 838 3909 sess.
864 3858 905 3909 22.
928 3871 987 3926 cap.
1016 3861 1046 3912 8:
1070 3856 1154 3920 fauts
1178 3850 1370 3908 celebrabitur.
1418 3856 1523 3909 Tamen
1551 3863 1649 3910 contra
1671 3857 1827 3911 libertatem
1849 3874 1905 3913 noa

215 3935 312 3991 Monet
332 3953 356 3992 s.
373 3937 512 4004 synodus,
534 3946 716 4006 pracceptum
735 3955 793 3992 esse
810 3940 846 3991 ab
866 3941 985 3994 ecelesia
1001 3959 1046 3995 sa·
1072 3943 1248 3996 introducam
1278 3942 1366 4012 legem
1396 3944 1626 4012 superstitiosam.
1678 3943 1808 3998 Christus
1836 3943 1905 4000 haec

215 4023 387 4092 curiatibus,
412 4030 443 4076 ut
469 4040 573 4092 Quam
598 4025 661 4078 uino
681 4025 710 4077 in
729 4026 819 4079 calice
837 4029 978 4097 offerendo
996 4030 1046 4082 mi·
1072 4046 1127 4081 non
1151 4045 1319 4098 magnopere
1341 4031 1461 4096 curabit,
1483 4047 1533 4084 nec
1556 4047 1603 4083 res
1625 4030 1712 4099 digna
1732 4037 1773 4084 est
1797 4038 1905 4086 conun-

183 4115 188 4123 '
214 4118 333 4178 acuent,
360 4117 417 4163 tum
440 4111 519 4179 qaod
538 4110 678 4165 Christum
700 4112 855 4166 Dominum
878 4114 919 4167 ita
942 4115 1047 4180 fecisse
1072 4116 1155 4171 acne.
1197 4116 1338 4186 Pugnavit
1362 4117 1432 4170 satis
1459 4118 1533 4170 hono
1555 4134 1681 4186 mum
1707 4118 1821 4172 stultam
1849 4120 1906 4173 Ro·

131 4197 204 4244 1⁴¹·
216 4199 363 4264 credatur,
389 4203 446 4248 tum
470 4196 553 4249 etiam
581 4197 649 4265 quia
667 4213 682 4251 e
699 4198 788 4253 latere
809 4201 871 4269 ejus
891 4218 966 4270 apua
985 4218 1047 4255 cum
1074 4220 1159 4254 mana
1193 4209 1218 4256 et
1258 4200 1370 4256 Graeca
1405 4203 1538 4270 ecclesia,
1575 4210 1605 4256 ut
1634 4210 1660 4256 u
1690 4205 1767 4258 alias
1791 4205 1905 4263 mnam.

214 4283 351 4354 sarigninc
377 4283 488 4350 scierit,
514 4285 590 4352 puori
612 4293 819 4339 sacramentum
843 4286 895 4341 hac
917 4289 1048 4344 mistione
1073 4287 1177 4342 Eadem
1195 4289 1295 4359 repetit
1312 4295 1375 4345 tom.
1390 4294 1414 4345 3.
1430 4289 1492 4344 len.
1512 4288 1606 4347 Germ.
1619 4289 1637 4345 f.
1650 4292 1742 4347 ess.··
1772 4283 1795 4347 2.
1808 4291 1905 4348 Mixtio

156 4409 158 4413 ,
214 4370 365 4438 recolitur,
395 4377 420 4422 ct
446 4386 507 4423 cum
535 4386 625 4439 aquae
653 4372 684 4425 in
713 4372 881 4442 apocalypsi
906 4374 1047 4431 Johannis
1074 4391 1163 4446 aquae
1186 4375 1279 4445 potins
1304 4375 1409 4447 aliquid
1432 4376 1511 4431 addit
1529 4375 1710 4446 institutioni,
1738 4378 1803 4449 quis
1821 4395 1904 4436 even·

212 4456 316 4526 populi
341 4456 484 4520 dicantur,
513 4456 603 4526 ipsius
625 4458 732 4528 populi
750 4459 845 4522 idelis
869 4478 931 4515 cum
954 4464 1047 4531 capite
1073 4460 1189 4531 gelistae
1219 4461 1304 4515 solius
1341 4463 1465 4534 merique
1500 4461 1557 4517 vini
1592 4463 1758 4520 mentionem
1787 4465 1907 4538 faciunt,

216 4541 328 4596 Christo
348 4542 414 4594 unio
433 4551 669 4612 repraesentatur.
704 4544 888 4601 Bellarminus
908 4547 957 4604 lib.
971 4555 995 4604 l.
1011 4550 1047 4605 de
1074 4547 1172 4601 Matth.
1193 4552 1234 4616 26,
1252 4566 1277 4602 v.
1296 4553 1338 4605 29.
1375 4547 1459 4604 Marc.
1482 4555 1526 4619 14,
1546 4567 1572 4606 v,
1591 4556 1632 4607 25.
1668 4550 1735 4606 Luc.
1753 4555 1794 4620 22,
1811 4569 1838 4607 v.
1861 4559 1906 4611 le:

215 4642 284 4683 sacr.
316 4627 425 4683 euehat.
452 4644 475 4685 c.
505 4635 544 4685 10.
570 4626 596 4704 ξ.
622 4647 719 4700 porro:
749 4632 881 4686 Ecclesia
908 4635 1047 4689 catholica
1074 4636 1140 4688 Non
1168 4635 1260 4688 bibam
1287 4637 1322 4688 de
1349 4636 1400 4690 hoc
1424 4635 1562 4707 perimine
1586 4638 1651 4692 vitis
1673 4655 1761 4708 nsque
1783 4639 1813 4693 in
1833 4640 1906 4696 diem

217 4731 325 4784 semper
342 4716 481 4785 eredidit,
504 4717 546 4770 ita
568 4718 756 4771 nccsssmium
779 4734 837 4771 csse
862 4736 937 4789 amsa
954 4721 1049 4776 sinum
1074 4721 1169 4790 silam,
1198 4739 1252 4791 qno
1278 4722 1355 4776 iliud
1378 4723 1469 4777 bibam
1492 4725 1631 4779 vobiscum
1653 4743 1753 4779 numm
1770 4726 1799 4779 in
1819 4743 1906 4796 repno

216 4801 330 4855 misceri
352 4803 381 4855 in
400 4802 500 4870 calice,
526 4808 559 4855 ut
577 4819 635 4855 non
646 4803 740 4871 possit
759 4804 792 4856 id
808 4804 869 4858 sinc
887 4807 970 4873 pravi
981 4825 1048 4877 pcc·
1075 4809 1172 4862 Patris
1204 4809 1266 4866 mci.
1310 4807 1522 4881 chrysostomus
1549 4811 1642 4866 homil.
1670 4815 1712 4866 83.
1740 4810 1770 4864 in
1791 4811 1905 4869 Matth:

218 4895 281 4942 cato
306 4888 401 4944 omitti.
438 4887 589 4960 Gregorius
614 4887 649 4943 de
666 4886 777 4943 Valent.
803 4893 868 4946 tom.
888 4897 910 4948 l.
932 4892 1001 4966 disp.
1023 4900 1047 4952 6.
1077 4898 1122 4951 Ea
1139 4896 1271 4966 germine,
1291 4896 1340 4961 ait,
1356 4894 1421 4950 uitis
1440 4913 1510 4967 quae
1528 4905 1601 4952 certe
1619 4898 1711 4951 vinum
1729 4915 1787 4951 non
1803 4915 1906 4969 aquam

218 4990 264 5046 qu.
283 4978 307 5028 2.
331 4992 357 5046 p.
377 4980 442 5032 920:
467 4975 545 5028 Licet
570 4974 600 5027 in
617 4974 735 5028 concilio
755 4974 832 5029 illud
846 4985 953 5032 tantum
971 4981 1050 5034 dica·
1071 4983 1215 5054 madeat.
1251 4981 1435 5037 Bellarminus
1455 4984 1570 5054 excipit,
1597 4984 1680 5038 cerba
1697 4983 1753 5038 illa
1772 5003 1828 5039 non
1840 5003 1906 5056 pcr-

218 5067 276 5129 tur,
304 5065 381 5131 prod
402 5069 442 5115 est
465 5059 662 5126 sessanum,
685 5061 793 5114 scilicet
814 5062 868 5116 hac
887 5066 923 5118 de
940 5085 971 5121 rs
990 5085 1048 5123 esse
1075 5070 1160 5123 tinere
1183 5071 1225 5122 od
1247 5069 1363 5123 calicem
1387 5069 1611 5136 eucharisticum,
1641 5071 1694 5122 ssd
1716 5073 1757 5123 acl
1780 5072 1907 5142 calicem,

214 5155 395 5219 praeceptum
418 5146 649 5216 mclcsiasticum,
672 5148 931 5217 probabilissimum
958 5162 1048 5211 tamen
1075 5157 1124 5226 qni
1141 5158 1224 5209 datam
1240 5155 1298 5220 fuit
1318 5157 1473 5227 postapni
1487 5156 1634 5227 paschalis
1651 5158 1904 5230 manducationem,

219 5243 274 5306 est,
304 5253 361 5290 esse
385 5235 450 5289 item
472 5234 597 5301 ciusdem
623 5235 668 5288 rei
689 5245 870 5307 praeceptum
895 5241 1003 5297 Christi
1024 5254 1049 5298 st
1074 5246 1158 5313 idque
1176 5259 1208 5296 ca
1225 5245 1304 5297 Luca
1321 5260 1448 5313 expresse
1467 5244 1571 5313 colligi,
1592 5242 1628 5297 de
1645 5259 1701 5314 qno
1719 5244 1802 5300 etiam
1822 5246 1905 5302 latins

218 5322 399 5377 traditionem
417 5319 602 5389 apostolicam
620 5322 712 5388 (vocat
723 5322 982 5396 probabilissimum,
1000 5348 1048 5385 no·
1073 5335 1154 5384 tract
1175 5327 1222 5383 lib.
1243 5334 1266 5385 1.
1286 5329 1433 5386 deenchar.
1451 5348 1472 5385 c,
1489 5335 1528 5387 ll.
1542 5328 1616 5386 circa
1628 5329 1719 5386 linem.
1745 5331 1905 5405 Responde·

188 5440 189 5444 =
217 5409 260 5465 rit
283 5407 357 5465 enim
373 5404 492 5479 reliquos
511 5404 672 5464 Pontificios
689 5407 735 5466 hic
753 5426 809 5465 non
828 5428 980 5488 agnorum
999 5416 1047 5474 ali·
1076 5432 1149 5474 mus:
1172 5414 1276 5473 Demus
1288 5416 1374 5471 verba
1392 5416 1460 5476 hacc
1477 5415 1678 5476 institutionem
1692 5417 1906 5479 eucharistiasa
