4004 6022
734 108 788 168 lin
806 109 929 171 uuna
946 108 1081 173 (tom
1681 121 1741 186 241

10 259 36 299 ³
87 266 186 321 uun
213 263 381 339 mutiam
406 265 568 338 depravant
610 272 635 324 t.
652 266 735 332 Quod
757 267 821 324 fidoi
844 285 891 338 op·
920 266 1084 323 adduximus
1103 269 1231 341 superius
1248 265 1278 345 fl.
1295 274 1354 327 237.
1383 268 1548 329 Ambrosius
1564 270 1612 329 lib.
1631 278 1656 330 t.
1669 276 1744 330 atti.

10 344 34 385 ¹
85 356 174 416 ponmt
196 349 411 422 pomltmtiam,
440 368 504 408 com
533 358 625 410 umen
652 370 719 410 rara
741 352 812 410 tides
838 370 893 409 non
919 359 1064 409 comment.
1081 353 1112 410 in
1127 354 1211 414 Luc:
1230 358 1320 412 Nemo
1338 359 1379 411 ad
1396 358 1596 413 muriciam
1616 361 1744 414 ιιώιιίιια-

12 427 32 472 ῑ
83 431 168 493 hosa
192 435 286 492 loom
311 438 365 492 nisi
393 438 422 493 in
448 440 576 495 cordibus
599 457 663 496 vera
686 441 891 512 poenitentium.
919 445 974 508 tor,
991 441 1049 494 nisi
1064 442 1240 508 memmium
1251 443 1382 512 justitiae
1398 444 1443 498 oei
1461 446 1625 500 medere
1640 447 1685 501 oei
1702 462 1744 500 rs-

10 512 21 557 ¹
82 524 102 574 t.
117 522 191 589 Quod
212 525 426 594 praeparatoriis
449 526 549 581 nmtris
575 527 704 598 operibus
727 527 892 583 meritoriam
919 527 1030 595 ceperit.
1069 525 1280 598 chrysostomus
1305 528 1396 584 homil.
1422 536 1445 588 3.
1471 530 1508 584 ad
1528 530 1642 602 Epheso
1677 532 1745 587 Οιιιιι

10 606 18 644 ¹
79 607 206 675 windam
229 608 358 689 salutaris
382 611 635 667 communicationis
662 614 825 685 dignitatem
846 612 894 666 tri·
920 612 1117 681 tuliparitote
1135 617 1236 669 accede
1253 617 1443 684 compensius
1460 618 1513 671 boe
1531 635 1746 687 neproesumos

10 721 13 733 ·
76 686 171 759 boant,
201 711 267 750 cum
288 701 381 751 tamen
404 698 548 767 promissio
569 699 605 753 de
626 699 784 755 remissione
798 714 893 770 pecca-
919 714 1050 766 arwam.
1096 700 1200 766 Raram
1220 700 1316 769 utiqrse
1338 720 1392 755 aon
1416 704 1523 756 audeus
1542 705 1684 771 osmiori,
1708 704 1745 757 o·-

73 780 170 851 torum,
195 797 281 853 quam
304 798 371 837 usus
394 800 489 839 sacrm
512 800 614 840 coenae
640 784 782 840 confirmat
800 792 828 840 et
846 785 893 839 ob·
919 785 1030 852 quidem
1055 802 1086 838 oe
1104 792 1181 838 tmrm
1199 785 1255 839 olet
1277 788 1414 855 praviter,
1443 797 1468 841 et
1490 803 1582 856 repam
1605 790 1746 844 cadorum

69 862 166 937 tignat,
184 868 296 923 nonsit
314 876 469 924 nostrorum
488 888 601 941 operum
615 871 750 939 meritum,
767 888 818 927 nec
829 886 893 941 ope
919 869 1067 937 impudens
1097 871 1235 925 armaris
1265 873 1361 925 asima
1388 880 1437 926 tua
1468 873 1543 927 vitis'e
1573 875 1663 929 clerus
1695 880 1746 932 etc

10 1000 12 1007 .
66 951 143 1008 tibus
168 952 289 1019 ιιοιιτίιι,
318 954 366 1010 sed
392 956 451 1010 sola
476 956 531 1012 tide
557 957 719 1029 applicatum.
766 965 790 1014 5.
813 956 894 1022 Quod
919 955 1092 1026 Augustinus
1122 956 1157 1013 de
1183 957 1279 1013 eccles.
1308 957 1429 1029 dogmat.
1459 975 1483 1014 c.
1509 963 1553 1014 5³=
1591 961 1745 1014 Habeatem

64 1050 117 1108 par
133 1039 347 1110 confessionem,
371 1059 454 1112 qnam
472 1043 508 1098 ad
527 1042 640 1116 dignam
657 1042 893 1116 praeparationem
920 1042 1011 1096 adbuc
1045 1044 1214 1097 voluntatem
1243 1045 1385 1114 peccandi
1412 1046 1530 1116 qraoari
1562 1048 1652 1115 moqir
1682 1047 1746 1101 dico

64 1125 226 1199 requirunt,
258 1127 418 1200 intelligunt
446 1128 597 1199 plenariam
620 1136 798 1200 peccatorum
828 1147 893 1185 enu-
920 1128 1106 1182 eucharistiae
1118 1131 1299 1198 perceptione
1314 1147 1397 1199 psam
1414 1132 1572 1199 purificari.
1597 1131 1690 1188 'lhaot
1704 1138 1745 1188 26.

64 1213 259 1282 metationem,
276 1213 317 1268 ita
333 1219 366 1269 ut
383 1213 489 1286 inipso
507 1212 589 1287 opere
607 1215 786 1272 confessionis
804 1216 893 1288 digni-
919 1214 949 1266 in
966 1213 1043 1269 doh:
1070 1215 1262 1269 Innocentiam
1281 1217 1323 1269 ad
1339 1217 1430 1270 altore
1442 1225 1556 1286 portate
1573 1220 1695 1289 peccati,
1721 1227 1746 1273 et

64 1305 111 1353 tas
136 1297 188 1353 illa
211 1303 356 1355 statuatur.
402 1307 426 1356 6.
453 1299 534 1364 Quod
564 1301 734 1372 propositum
761 1301 894 1356 satisfaci-
920 1300 947 1352 a·
966 1308 1030 1353 sam
1047 1300 1230 1370 quotidiano,
1260 1319 1316 1356 aon
1332 1301 1376 1354 osl
1393 1302 1449 1355 siat
1466 1302 1623 1365 mortifera.
1660 1302 1745 1359 Serm.

66 1382 132 1438 andi
154 1399 205 1455 pro
223 1384 345 1455 peccatis
362 1401 394 1439 ao
411 1392 546 1455 promtam
562 1387 761 1458 susceptionem
781 1403 895 1457 operum
920 1385 993 1440 dom.
1016 1390 1039 1441 1.
1055 1386 1117 1440 adr.
1135 1392 1202 1443 tom.
1223 1392 1267 1442 lt:
1298 1387 1391 1441 Mutet
1408 1389 1509 1451 ouem,
1533 1388 1584 1458 qai
1599 1391 1656 1443 vait
1674 1393 1746 1444 occi·

67 1467 278 1538 sah'siaotionia,
313 1485 385 1541 quaa
424 1471 454 1524 in
497 1471 670 1527 consessione
706 1472 895 1544 injunguntur,
917 1488 985 1540 pere
1003 1472 1097 1529 citam
1127 1475 1203 1527 Nam
1220 1475 1247 1527 si
1264 1491 1320 1529 noo
1339 1482 1423 1528 mutet
1439 1475 1535 1544 mam,
1552 1477 1747 1545 adjudicium

66 1555 273 1627 pnepmtioni
295 1553 448 1611 includunt.
497 1562 521 1610 7.
546 1555 626 1621 Quod
647 1562 786 1627 statuunt,
810 1559 894 1613 nemi·
921 1558 1038 1627 coaptat
1054 1560 1139 1612 suam
1156 1568 1182 1613 et
1199 1561 1291 1629 magis
1306 1577 1339 1613 ea
1356 1559 1422 1629 ipso
1439 1563 1640 1630 coeampcor,
1665 1582 1748 1632 quaen

67 1656 131 1696 nem
165 1657 247 1711 posse
276 1657 336 1696 ease
364 1647 469 1696 certum
498 1641 534 1697 de
565 1643 651 1714 digna
678 1645 894 1714 praeparatione,
920 1652 1037 1697 sonatur
1080 1652 1105 1698 et
1146 1645 1235 1713 moqis
1276 1646 1424 1710 eraditur,
1464 1663 1548 1715 qoam
1583 1649 1747 1718 vivificator.

68 1725 189 1798 ideoque
212 1732 361 1796 perpetuas
392 1726 578 1782 dubitationes
602 1728 632 1783 in
658 1729 786 1784 cordibus
809 1728 895 1784 homi·
921 1728 1078 1800 Hesychius
1096 1730 1143 1786 lib.
1161 1736 1186 1788 6.
1205 1731 1234 1784 in
1252 1747 1276 1787 o.
1294 1736 1336 1786 22.
1355 1728 1459 1786 Levia:
1486 1734 1597 1788 Poltati
1613 1753 1669 1789 ooo
1685 1744 1749 1790 sant

64 1830 135 1867 num
162 1813 249 1867 alunt
289 1812 442 1883 Disputant
464 1813 551 1884 euim,
578 1830 639 1870 ease
662 1816 801 1886 quandam
816 1832 894 1888 prae
921 1817 1099 1881 admittendi,
1130 1834 1180 1870 aee
1206 1819 1337 1872 mundati
1357 1820 1536 1888 probibendi.
1587 1820 1642 1884 Qui
1665 1830 1749 1876 sanet

65 1897 239 1969 parationem
261 1897 443 1954 sufficientiae
466 1907 495 1955 et
518 1901 657 1966 refluus,
674 1917 746 1973 quae
763 1901 897 1958 consistat
921 1901 1013 1970 speum
1030 1903 1150 1972 probat,
1175 1903 1202 1955 si
1215 1904 1329 1973 peccati
1343 1905 1399 1959 sibi
1415 1907 1539 1959 conscias
1558 1915 1598 1960 est
1615 1917 1641 1961 at
1654 1909 1749 1977 poliu-

66 1984 96 2039 in
121 1985 231 2056 peccati
253 1985 342 2039 omnis
366 1985 538 2056 expulsione,
564 1987 594 2041 in
613 1987 767 2043 reverentia
783 1993 812 2043 et
830 1987 897 2042 dila·
923 1988 1024 2041 uorem
1040 1989 1152 2043 animos
1168 1989 1267 2043 babere
1287 2006 1318 2043 aa
1335 1992 1431 2058 senat,
1443 1992 1568 2061 possiet
1585 1994 1645 2047 sine
1664 1995 1748 2049 dubio

66 2072 176 2142 etions;
200 2071 284 2127 aliam
306 2072 403 2127 dicunt
425 2089 485 2128 esse
508 2074 746 2145 praeparationem
768 2074 896 2145 probabi·
922 2081 1027 2142 etpost
1041 2074 1241 2144 poeaitentiam
1258 2077 1294 2129 de
1309 2092 1388 2144 pone
1408 2079 1549 2131 conedae
1566 2086 1592 2131 et
1609 2080 1644 2132 de
1661 2080 1749 2134 eolice

66 2157 163 2226 litatis,
188 2157 300 2230 quando
324 2158 406 2215 homo
429 2159 568 2225 faciendo,
597 2160 671 2232 quod
690 2161 720 2214 in
737 2177 768 2216 se
785 2167 836 2224 eat,
851 2161 896 2230 ju·
921 2167 1018 2214 roseto
1042 2167 1068 2213 st
1089 2161 1236 2230 impoliato
1256 2162 1348 2215 bibere
1364 2171 1461 2231 potest.
1495 2163 1673 2219 Bemhardus
1692 2182 1749 2220 ser·

66 2244 143 2300 dicio
168 2245 299 2316 propriso
322 2246 505 2302 conscientiae
528 2246 667 2304 existimat
688 2263 720 2302 se
737 2262 798 2302 asse
815 2262 895 2316 para·
921 2261 993 2299 mon.
1019 2245 1056 2299 de
1077 2262 1165 2301 coena
1186 2246 1237 2301 hae
1262 2246 1441 2303 similitudine
1458 2248 1559 2302 utitur:
1585 2253 1663 2319 qaod
1677 2252 1749 2306 aest

65 2339 145 2402 tum3
177 2330 250 2386 hanc
277 2333 454 2403 posteriorem
483 2333 721 2405 praeparationem
750 2349 832 2403 saepe
856 2349 897 2388 se
921 2347 1034 2400 sarpam
1051 2348 1141 2400 oquae
1156 2333 1335 2400 inpressam
1351 2349 1481 2386 cosmam
1494 2336 1670 2405 deponique
1683 2354 1747 2406 qao

66 2417 191 2473 cundum
220 2418 364 2473 veritatem
390 2433 446 2473 non
474 2433 534 2473 esse
567 2417 749 2474 sufficientem
782 2418 896 2474 addunt
921 2432 973 2484 que
993 2418 1135 2471 aarum·
1153 2419 1194 2470 ad
1213 2432 1328 2471 cossam
1347 2420 1526 2474 Dominicom
1540 2424 1655 2489 peceati
1671 2440 1748 2478 oeae·

68 2502 163 2568 Quare
191 2519 256 2557 cum
274 2503 410 2558 incertum
428 2503 477 2568 sit,
500 2504 612 2573 quaudo
632 2502 766 2559 habemus
782 2519 896 2575 praepa·
920 2520 987 2555 nam
1011 2504 1150 2572 deponere
1175 2503 1331 2559 debearras.
1373 2503 1557 2576 Nequaquam
1579 2524 1644 2563 vero
1660 2507 1703 2563 his
1721 2513 1750 2562 et

68 2589 204 2645 retiam
235 2589 373 2658 veritatis,
404 2590 515 2662 quando
544 2589 761 2661 probabilitatis,
790 2606 898 2661 semper
921 2586 1056 2643 similibus
1074 2588 1155 2643 dictis
1172 2587 1214 2643 vel
1233 2586 1316 2644 fidam
1334 2587 1363 2642 in
1380 2607 1433 2644 usu
1449 2607 1551 2647 coenae
1569 2592 1749 2649 confirmatio·

68 2677 177 2732 incerta
198 2676 252 2731 erit
270 2676 450 2746 comciantia,
474 2693 510 2731 an
530 2675 614 2749 digna
630 2676 675 2732 vel
691 2676 806 2750 indigna
821 2693 896 2731 man·
922 2689 985 2728 nem
1007 2673 1193 2744 promissionis
1222 2674 1257 2729 de
1281 2675 1439 2737 remissione
1463 2685 1639 2747 peecatorum
1665 2697 1749 2752 quae·

71 2763 171 2828 ducet,
197 2769 282 2833 atqua
303 2763 345 2818 ita
367 2762 480 2833 eripimr
505 2763 559 2834 piis
584 2762 722 2819 mentibus
739 2762 897 2831 consolatio,
923 2766 1027 2815 rentem
1052 2760 1216 2830 excludunt,
1239 2760 1283 2816 val
1305 2761 1488 2817 omnimodam
1507 2764 1595 2819 omnis
1609 2765 1749 2821 infirmita·

70 2866 156 2922 quam
187 2864 220 2903 ex
248 2865 301 2903 usu
328 2865 423 2904 sacras
449 2865 551 2905 coense
577 2851 720 2922 percipere
750 2849 898 2907 debebant.
923 2846 959 2901 tis
975 2847 1124 2902 carentiam
1142 2854 1170 2901 et
1186 2846 1353 2902 meritoriam
1372 2848 1511 2920 quandam
1528 2851 1557 2904 in
1570 2851 1749 2923 nobisdigni·

72 2941 97 2991 8.
118 2934 200 2999 Quod
216 2934 392 2990 sanctitatem
409 2934 501 3005 illam,
523 2951 586 2990 cum
603 2952 658 3008 qua
674 2937 711 2991 ad
729 2952 834 2992 sacram
852 2955 897 2992 eu·
922 2939 1009 2989 tatem
1031 2934 1187 3005 requirunt,
1212 2940 1244 2989 ut
1268 2935 1341 2989 enim
1360 2920 1430 3005 ¹pais
1447 2935 1623 3005 perfectionis
1639 2937 1751 2992 Christi·

72 3020 231 3076 charistiam
256 3019 442 3075 accedendum
471 3021 522 3089 sit,
545 3022 586 3076 ita
608 3022 838 3094 interpretantur,
867 3032 899 3079 nt
924 3035 993 3074 anae
1018 3025 1061 3074 cst
1085 3018 1319 3090 imperfectionem
1343 3036 1420 3074 suam
1444 3037 1594 3091 agnoscere
1612 3027 1640 3076 et
1657 3022 1750 3094 deplo·
1806 3082 1812 3097 x

69 3107 173 3163 nosen
205 3106 333 3177 operibus
364 3111 394 3160 et
421 3105 655 3162 safistaotionibus
684 3114 749 3163 ante
779 3125 898 3163 commu·
924 3121 994 3173 rare,
1012 3105 1052 3159 ita
1070 3105 1153 3159 etiam
1171 3120 1236 3174 pars
1255 3104 1398 3174 dignitatis
1415 3105 1751 3177 estindignitatemsuam

71 3195 183 3249 nionam
199 3192 283 3248 telem
304 3192 471 3248 mundiciam
491 3209 524 3247 ac
540 3194 688 3263 puritatem
706 3193 786 3249 nobis
804 3194 898 3264 acqui·
924 3190 953 3243 in
969 3204 1036 3244 vera
1051 3189 1223 3259 poenitentia
1241 3206 1391 3262 agnoscere
1409 3194 1438 3244 et
1455 3190 1591 3260 profiteri,
1613 3192 1677 3248 inde
1693 3193 1751 3247 Au·

70 3297 174 3348 murus,
193 3287 296 3335 utnon
315 3296 386 3350 opus
404 3280 440 3334 sit
457 3279 625 3335 eucharistia
643 3280 697 3344 nti,
715 3279 752 3333 ad
771 3279 899 3350 obsigna
924 3274 1050 3348 guttinus
1076 3276 1178 3345 inquit:
1209 3274 1420 3330 Momentum
1436 3276 1488 3330 boc
1504 3277 1647 3331 interioris
1665 3280 1750 3332 bomi-

72 3367 175 3422 tionem
198 3362 387 3436 promissionis
404 3365 441 3421 de
456 3365 617 3422 remissione
636 3371 825 3436 peccatorum,
849 3366 898 3420 sed
923 3361 968 3414 oia
986 3360 1105 3414 uwiem
1119 3361 1235 3429 morit,
1251 3360 1316 3414 ideo
1329 3362 1610 3431 cdportc'cipaodum
1622 3363 1698 3417 illud
1707 3365 1749 3416 ia·

72 3452 150 3525 quod
166 3459 260 3507 nostra
277 3452 384 3523 puritas
397 3453 459 3522 J‘am
477 3452 562 3524 digna
580 3453 623 3521 sit,
643 3451 689 3506 eui
706 3450 831 3507 christus
848 3467 898 3505 suo
924 3454 1002 3516 eptas
1025 3455 1080 3514 eet,
1106 3447 1156 3515 qai
1173 3454 1319 3515 peccatam
1342 3454 1368 3500 et
1387 3449 1579 3512 infirmitatem
1597 3467 1677 3504 soom
1693 3469 1750 3505 ιιοιι

72 3555 188 3610 corpore
219 3546 248 3594 et
273 3539 408 3610 sanguine
437 3554 497 3594 sese
519 3538 680 3610 conjungat.
722 3536 802 3593 Haec
827 3543 899 3606 sunt,
924 3533 1014 3588 reste
1049 3531 1143 3589 'lhact
1164 3537 1205 3588 26.
1232 3532 1262 3586 in
1282 3532 1345 3588 doh.
1370 3533 1507 3604 disputat:
1542 3534 1596 3598 Qui
1614 3539 1704 3591 ονοάἰι
1720 3539 1750 3592 in

72 3642 146 3697 quae
163 3625 193 3680 in
211 3625 337 3681 doctrina
353 3623 501 3679 Pontificio
520 3624 554 3679 de
571 3623 782 3695 praeparatione
801 3623 838 3677 ad
852 3640 899 3679 eu·
926 3619 1076 3688 Gbrs‘stam,
1093 3619 1243 3672 manducat
1260 3619 1360 3689 speum,
1377 3627 1409 3673 ut
1427 3629 1453 3674 et
1471 3622 1501 3675 irs
1517 3621 1628 3677 Cirrata
1639 3633 1751 3678 maneat

72 3711 231 3767 eburisum
253 3710 454 3782 desideramus,
479 3710 528 3766 aad
549 3726 642 3765 veram
667 3710 864 3781 poenitentiam
882 3727 901 3765 a
926 3715 952 3761 et
975 3705 1115 3759 Chartam
1140 3712 1294 3759 manentem
1317 3707 1347 3759 ia
1366 3723 1396 3759 sa
1412 3707 1524 3772 babeat,·
1551 3711 1680 3778 quivero
1698 3711 1751 3765 bae

71 3796 340 3854 communicantibus
355 3798 468 3868 requiri,
484 3805 517 3852 ut
528 3813 582 3866 eos,
600 3797 649 3868 qui
661 3797 691 3852 in
701 3797 824 3869 peccatis
835 3814 899 3853 con·
925 3795 981 3859 fide
998 3809 1100 3846 vocaus
1120 3792 1236 3859 cecedit,
1253 3791 1329 3855 foris
1343 3794 1503 3859 manducat,
1519 3812 1575 3848 oon
1588 3795 1673 3862 istas,
1686 3814 1752 3864 pre·

71 3893 118 3941 tra
134 3884 329 3941 conscientiam
347 3885 405 3938 sina
423 3884 593 3954 poenitentia
609 3883 701 3938 adhuc
718 3884 845 3954 haerent,
863 3884 900 3939 ab
926 3882 976 3934 mit
996 3883 1091 3948 decta
1118 3895 1173 3932 oon
1191 3879 1268 3947 capit
1285 3887 1380 3933 ments.
1413 3876 1456 3934 De
1473 3878 1583 3934 Menios
1599 3886 1755 3935 matresua

71 3982 129 4027 usu
143 3988 238 4028 sacrae
257 3987 360 4028 menae
371 3971 467 4042 arceri,
486 3972 515 4026 id
526 3988 592 4028 vero
605 3972 665 4026 lieri
678 3989 734 4027 non
746 3972 834 4027 solum
845 3989 900 4027 non
926 3966 1025 4040 inquit,
1042 3966 1119 4034 qtvd
1135 3966 1176 4018 ⁰11
1191 3964 1330 4018 victimam
1349 3965 1438 4028 illam,
1456 3982 1527 4033 tuat
1546 3966 1575 4018 ὑὶ
1591 3983 1677 4021 cotta
1692 3969 1752 4020 ΒΟ·

73 4058 270 4129 improbamus,
288 4058 337 4114 sed
356 4058 439 4114 etiam
456 4057 557 4114 debere
573 4057 632 4113 lieri
646 4058 711 4113 totis
724 4057 828 4114 viribus
840 4077 901 4130 pro-
926 4054 1030 4109 misico
1055 4052 1251 4120 diwmssivts
1286 4051 1397 4104 viWO
1427 4052 1497 4115 fidei
1522 4053 1647 4106 animm
1673 4069 1754 4105 tuam

72 4160 242 4216 pugnam.
265 4158 268 4162 Δ
927 4140 1069 4208 attigerit,
1097 4154 1131 4190 sse
1154 4137 1197 4190 oei
1222 4137 1266 4189 leo
1288 4135 1333 4188 oei
1356 4137 1444 4190 draeo
1463 4153 1524 4190 eam
1542 4137 1609 4192 inde
1627 4138 1753 4193 divellat.

15 4230 63 4273 tlt.
111 4236 170 4287 253,
187 4231 370 4302 Nequaquam
386 4230 472 4303 igitur
490 4229 685 4303 improbamus,
705 4229 754 4284 aad
771 4248 901 4302 urgemus
928 4223 1115 4296 Chrysostomi
1143 4222 1212 4277 haee
1238 4222 1388 4277 sententia:
1436 4223 1510 4286 Quia
1536 4226 1601 4280 berse
1631 4227 1753 4280 habenti·

10 4303 63 4384 ’,Ἓξ
77 4320 107 4370 et
141 4317 310 4373 ineuleamus
340 4316 512 4373 auditoribus
549 4317 648 4372 nostris
684 4317 760 4373 diota
791 4317 901 4388 piorum
926 4314 976 4366 oso
1003 4328 1058 4365 soa
1086 4327 1156 4379 opas
1187 4316 1226 4363 est
1253 4311 1376 4378 medico,
1407 4312 1460 4364 aed
1484 4312 1557 4365 mole
1583 4311 1755 4381 tabentibus,

10 4406 42 4488 ᾗ·
77 4408 213 4474 veterum,
231 4402 332 4476 quibus
348 4404 558 4475 poenirentiam,
583 4405 745 4475 puritatem,
772 4405 901 4460 innoeen-
926 4400 991 4453 ideo
1010 4399 1045 4450 ab
1063 4397 1148 4464 bajas
1166 4397 1337 4449 sacrmenti
1353 4397 1453 4451 sistas
1471 4398 1636 4464 meluditur,
1655 4401 1705 4469 qai
1718 4401 1754 4452 de

35 4476 41 4488 ’
76 4489 161 4556 fiam,
191 4489 366 4545 sanctitatem
390 4497 442 4546 ete,
467 4491 611 4562 requirunt
631 4492 668 4547 sb
691 4491 841 4547 semermis
864 4491 901 4545 ad
927 4498 1151 4554 repraesumere
1169 4483 1309 4535 resolutus
1329 4498 1390 4537 cum
1407 4501 1514 4538 nausea
1533 4488 1650 4540 accedit.

76 4592 190 4631 coenam
216 4576 397 4633 Dominicam.
443 4578 570 4633 ausuum
593 4580 667 4651 apol.
689 4585 712 4635 t.
732 4594 783 4651 pro
801 4579 901 4634 Christ

76 4662 151 4718 circa
172 4662 269 4719 finem:
302 4665 365 4719 Hoc
392 4664 552 4718 alimentum
572 4668 652 4735 opud
668 4683 721 4720 soa
739 4666 925 4736 appellatur,
1041 4688 1043 4693 ·
1243 4692 1442 4700 --—-—---2

76 4750 262 4822 octoduro,
293 4751 370 4821 quod
398 4751 474 4806 nulli
500 4750 556 4804 alii
587 4751 763 4822 participare
796 4753 903 4808 licitum

77 4844 132 4906 eat,
154 4854 238 4906 msam
259 4854 355 4893 veram
378 4853 437 4891 ease
459 4837 615 4890 doctrinam
637 4844 762 4892 ammam
779 4839 905 4893 credenti
1164 4858 1186 4918 0
1203 4858 1231 4918 Δ
1246 4858 1271 4918 P
1289 4858 1318 4917 U
1338 4861 1362 4919 Τ
1397 4859 1526 4921 XXIV.

78 4932 103 4976 et
129 4924 244 4981 teroem
264 4933 384 4995 propter
405 4924 596 4979 remissiorem
614 4933 794 4994 peccatoram
815 4934 842 4980 et
860 4942 903 4980 re·

78 5012 282 5077 praemones
312 5013 408 5066 atomo
433 5020 460 5067 st
484 5012 538 5079 iro,
566 5017 597 5063 ¹⁴²
621 5011 748 5066 Uim
772 5012 903 5081 samse,
928 5012 993 5080 DE
1030 5010 1458 5081 OIROUMSTAN'PIA
1488 5015 1755 5083 TEMPORIS.

78 5097 185 5152 osona
225 5096 346 5154 Basilius
369 5096 418 5152 lib.
440 5103 465 5154 2.
491 5096 526 5152 de
548 5095 685 5167 baptismo
711 5112 735 5150 c.
755 5102 778 5152 3.
796 5099 902 5169 probat,

81 5196 162 5248 m
184 5185 376 5253 periculosam
400 5184 449 5247 sit,
475 5184 503 5237 si
523 5183 585 5252 qais
605 5199 660 5236 nor
681 5191 850 5252 repurgatas
868 5186 904 5237 ab
963 5188 1024 5240 254.
1040 5180 1157 5254 Egimus
1174 5180 1308 5237 hactenus
1325 5183 1359 5237 de
1374 5200 1459 5239 causa
1471 5184 1615 5256 efficiente,
1634 5188 1757 5257 materia,

83 5269 154 5319 ormi
176 5270 389 5341 ,inquinamento
413 5270 539 5338 eorporis
567 5276 594 5324 st
620 5268 736 5337 spiritus
759 5270 825 5322 edat
844 5286 904 5324 eor·
929 5269 1032 5337 tonna,
1055 5265 1111 5321 line
1135 5273 1163 5322 et
1186 5265 1296 5338 objecto
1314 5266 1397 5338 huius
1415 5271 1593 5341 moramenti,
1624 5280 1710 5328 restat
1726 5283 1758 5328 ut

82 5367 136 5417 pas
155 5356 268 5410 Dmnini
283 5357 398 5426 ejoeqrse
416 5358 579 5424 sermnem
597 5354 688 5421 bibat,
714 5371 796 5424 quem
814 5354 905 5411 locum
931 5357 968 5412 de
998 5354 1208 5410 ereumstartiis
1237 5354 1375 5425 ejusdem,
1404 5355 1533 5412 videlicet
1563 5358 1598 5414 de
1625 5367 1757 5431 tempore,

137 5445 232 5491 carnai
244 5450 291 5493 loct
308 5449 331 5492 V.
1399 5466 1429 5516 15
