4004 6022
232 305 299 366 ³08
827 290 953 353 Locus
965 291 1172 354 uersutus
1192 282 1336 352 PRIMUS

232 471 284 510 eos
295 454 386 519 terit,
406 453 453 525 qui
472 468 582 508 carnem
603 448 706 506 Christi
723 456 829 522 negant
847 465 906 505 esse
923 447 1070 514 vivificem,
1097 454 1200 518 nostra,
1220 447 1249 503 id
1265 454 1307 503 est
1325 445 1463 502 devetari
1478 451 1573 502 nostro
1585 444 1702 515 Adamo,
1720 445 1755 501 ds
1773 445 1880 502 cernui
1892 446 1935 503 ln·

237 542 287 596 sed
306 540 467 613 simpliciter
484 546 513 595 et
528 538 655 594 absolute
674 538 757 594 dicit:
790 537 863 591 Caro
882 555 937 590 non
952 538 1072 606 prodest
1097 535 1212 591 tellecta
1229 542 1257 591 et
1276 534 1377 604 studio,
1394 549 1478 605 quam
1497 533 1623 606 regulam
1634 532 1671 590 D.
1684 532 1825 589 Lutherus
1838 534 1936 591 multis

112 648 115 657 ·
176 642 181 647 ·
238 630 398 698 quidquam.
435 632 459 684 4.
475 624 599 680 Christus
617 623 686 677 nihil
705 623 825 679 instituit
843 623 902 678 sine
921 627 997 676 certo
1008 619 1069 675 line.
1099 622 1230 694 exemplis
1247 621 1356 692 probat.
1392 621 1457 678 darn
1474 637 1540 676 vero
1557 621 1621 675 talis
1644 620 1781 692 oppositio
1800 621 1891 676 carnis
1904 627 1936 678 et

237 714 326 786 Atqui
344 713 464 769 institnit
482 711 709 766 sacramentalem
727 710 818 767 carnis
838 725 905 765 suae
923 708 1071 764 manduca·
1098 709 1212 781 spiritus
1233 714 1275 764 est
1293 708 1322 763 in
1341 708 1418 763 nuce
1431 705 1535 764 Christi
1552 706 1653 763 verbis.
1689 713 1714 765 2.
1732 707 1861 763 Christus
1877 726 1935 765 non

237 800 347 857 tionem.
380 807 403 855 5.
424 799 504 853 Duae
523 805 766 855 ersnntveterum
786 797 1024 868 interpretationes
1042 796 1070 849 in
1098 795 1177 849 dicit:
1198 812 1262 850 caro
1281 811 1344 850 mea
1361 811 1416 850 non
1434 794 1548 865 prodest
1566 794 1726 866 quidquam.
1763 800 1788 851 3.
1805 794 1935 851 Christus

119 902 123 909 ’
236 888 312 943 hunc
329 888 428 942 locum.
465 886 585 950 Quidam
603 886 675 942 enim
696 886 732 940 de
750 901 834 940 carne
850 883 953 940 Christi
971 882 1070 937 intelli·
1098 882 1223 938 absolute
1256 886 1284 938 et
1314 880 1463 952 ἀποτόμως
1492 886 1591 953 negat,
1622 898 1733 937 carnem
1761 881 1820 938 ullo
1850 882 1935 939 modo

237 981 315 1048 gunt,
334 992 389 1029 non
407 974 481 1046 quod
501 991 533 1030 ex
551 989 581 1028 se
599 979 628 1029 et
644 991 694 1045 per
712 989 742 1027 se
759 991 814 1028 non
825 972 920 1043 prosit,
935 969 984 1026 sed
997 970 1069 1042 quod
1098 969 1240 1039 prodesse,
1266 968 1351 1040 idque
1376 969 1410 1024 ds
1423 967 1526 1024 Christi
1544 983 1627 1022 carne
1645 967 1699 1022 dici
1719 969 1829 1040 nequit,
1860 986 1936 1043 quae

238 1079 270 1116 ex
295 1061 431 1116 accidenti
460 1077 515 1114 non
539 1061 641 1130 prosit,
667 1059 796 1114 videlicet
812 1058 856 1113 vel
874 1058 933 1112 sola
951 1058 1011 1111 sins
1030 1056 1070 1110 di·
1098 1055 1162 1109 licet
1190 1072 1223 1111 ex
1248 1055 1387 1110 accidenti
1415 1060 1444 1110 et
1470 1061 1545 1110 certo
1573 1054 1693 1126 quodam
1721 1059 1851 1126 respecta
1878 1074 1936 1112 non

236 1147 365 1213 sinitote,
390 1146 435 1202 rel
459 1147 646 1218 caperuaitice
671 1151 700 1200 et
724 1145 872 1200 carnaliter
895 1144 1070 1211 manducata,
1099 1143 1184 1212 prosit
1204 1141 1344 1213 absolute,
1373 1148 1467 1198 tamen
1485 1157 1661 1215 nequaqnam
1682 1141 1800 1198 dicenda
1819 1150 1936 1201 estnon

238 1235 283 1290 rel
302 1233 537 1288 sacramentaliter
554 1233 613 1289 sine
629 1231 685 1288 fide
703 1241 826 1303 accepta.
870 1230 989 1296 Quidam
1007 1248 1070 1285 sero
1097 1229 1236 1299 prodesse.
1284 1234 1308 1284 4,
1338 1229 1369 1282 ri
1398 1227 1540 1284 vivificare
1571 1229 1680 1300 spiritui
1709 1229 1874 1286 attributum
1902 1231 1934 1288 in

237 1321 271 1377 de
297 1320 401 1375 carnali
428 1319 585 1374 auditorum
609 1320 750 1375 intellectu
772 1319 858 1374 verba
875 1317 976 1374 Christi
1000 1316 1070 1371 scci—
1098 1314 1327 1385 praecedentibus
1352 1315 1435 1370 etism
1458 1315 1535 1371 carni
1562 1314 1664 1371 Christi
1689 1316 1835 1382 tribuitur,
1864 1335 1934 1391 quo-

235 1407 323 1479 piunt
359 1407 481 1478 Cyrillus
500 1405 548 1462 lib.
569 1411 594 1462 t.
616 1407 644 1460 in
664 1405 728 1463 doh.
750 1423 773 1460 c.
793 1410 841 1475 23,
860 1424 886 1476 p.
907 1411 971 1461 tlt:
998 1404 1070 1461 Caro
1097 1402 1179 1459 modo
1210 1402 1296 1474 igitur
1325 1419 1375 1473 per
1404 1401 1656 1474 caruem'spiritui
1684 1403 1839 1475 oppositam
1867 1421 1934 1463 caro

235 1495 348 1564 quidem
365 1502 518 1547 eeteromtm
536 1493 658 1546 amnium
678 1494 828 1563 quidquam
841 1510 973 1546 smenon
981 1493 1069 1562 prod·
1097 1488 1198 1543 Christi
1225 1488 1342 1560 intelligi
1367 1487 1476 1560 potest?
1503 1505 1620 1560 quorum
1646 1490 1744 1545 eadem
1771 1495 1838 1546 sunt
1854 1491 1932 1547 attri-

236 1589 293 1651 ert,-
319 1599 386 1635 caro
413 1588 505 1634 autem
530 1579 652 1644 Ciristi,
679 1580 747 1649 quia
770 1580 799 1632 in
821 1580 886 1650 ipsa
912 1581 1070 1647 uniqeuitus
1098 1575 1182 1639 buta,
1218 1590 1252 1630 ea
1279 1592 1335 1630 non
1364 1579 1481 1646 pmsunt
1510 1576 1640 1637 transiere
1668 1576 1786 1633 invicem
1818 1577 1931 1650 opponi.

237 1669 296 1723 Dei
320 1668 398 1731 filius
424 1667 546 1736 latitat,
565 1667 628 1720 sola
647 1666 787 1730 uiridaare
802 1674 900 1737 potest.
936 1665 1069 1738 Augusti·
1099 1672 1121 1718 5.
1140 1663 1266 1718 Christus
1292 1663 1321 1717 in
1346 1669 1407 1718 tota
1424 1662 1472 1717 illa
1488 1663 1620 1718 concione
1634 1663 1694 1734 jam
1712 1663 1778 1720 inde
1794 1663 1831 1719 ab
1851 1665 1932 1723 initio

235 1772 288 1810 nus
306 1758 385 1808 tract.
407 1758 448 1808 27.
466 1753 494 1806 in
508 1752 572 1807 doh.
589 1759 656 1809 tom.
674 1758 698 1809 9.
717 1751 737 1807 f.
755 1758 803 1809 ts:
825 1752 849 1806 0
868 1754 989 1807 Domine
1011 1770 1068 1806 ma·
1098 1749 1195 1805 miscet
1216 1755 1245 1804 et
1263 1749 1342 1821 quasi
1360 1749 1517 1805 alternatim
1534 1754 1637 1805 tacut
1652 1753 1712 1822 jam
1733 1767 1870 1808 summam
1887 1769 1933 1808 ce-

187 1858 195 1873 ·
235 1842 323 1913 qister
347 1842 430 1904 ione,
454 1840 591 1908 monsedo
610 1857 678 1894 caro
696 1858 752 1893 non
772 1842 889 1909 prodest
908 1840 1069 1910 quidquam,
1097 1836 1277 1892 lebrationem
1304 1854 1371 1893 suae
1395 1853 1543 1908 personas,
1568 1838 1659 1893 carnis
1684 1843 1713 1894 et
1734 1839 1933 1897 beneficiorum

235 1944 297 1983 eum
326 1937 357 1982 tu
386 1928 505 1993 rimeris,
541 1928 599 1981 nisi
631 1928 693 1996 quie
720 1928 931 1981 manducaverit
958 1943 1070 1980 carnem
1097 1923 1174 1993 ejus,
1199 1923 1274 1993 quod
1301 1923 1407 1978 sufficet
1430 1924 1466 1979 sit
1489 1925 1617 1980 salutaris
1640 1926 1743 1980 mundo
1757 1927 1818 1996 jntn
1834 1934 1934 1984 contu

236 2031 324 2069 meam
348 2022 374 2067 et
399 2013 498 2067 biberit
523 2015 687 2084 sanquinem
712 2031 816 2080 meum,
838 2032 894 2066 non
914 2013 1024 2066 babebit
1041 2014 1068 2066 in
1098 2010 1323 2080 reprehendendo
1338 2009 1563 2066 incredulitatem
1578 2018 1606 2066 et
1620 2012 1810 2067 curialitatem
1824 2014 1934 2071 audito-

235 2117 265 2154 se
281 2102 388 2156 uitam!
415 2118 453 2154 an
469 2100 528 2153 uita
545 2116 601 2154 uon
615 2103 735 2169 prodeat
752 2102 926 2171 quidquam!
944 2101 1068 2170 quidest
1097 2115 1173 2167 rum,
1197 2098 1245 2169 qui
1269 2113 1330 2152 eam
1357 2115 1411 2152 non
1437 2097 1586 2162 curabant,
1612 2115 1663 2152 nec
1683 2098 1711 2151 in
1731 2098 1820 2172 ipsum
1838 2101 1933 2159 crede·

236 2203 312 2256 erqo,
330 2204 397 2242 caro
414 2205 469 2242 non
480 2189 601 2258 proded
619 2187 793 2257 quidquam!
822 2187 894 2246 Caro
912 2204 967 2238 non
984 2189 1070 2257 prod·
1098 2185 1173 2253 bant,
1192 2200 1278 2257 quare
1297 2191 1325 2240 et
1342 2183 1388 2239 hic
1405 2185 1563 2240 accomodo
1580 2201 1690 2240 carnem
1711 2191 1743 2239 ut
1758 2202 1872 2257 prorsus
1890 2188 1933 2245 in·

237 2283 278 2328 est
296 2274 458 2345 quidquam,
475 2274 528 2327 scd
545 2275 684 2343 womodo
702 2275 750 2328 itte·
767 2274 981 2327 intellexerunt!
1006 2274 1072 2331 Car-
1098 2269 1209 2340 utilem,
1229 2287 1285 2326 uon
1303 2287 1394 2338 suam,
1413 2271 1462 2327 sed
1480 2271 1636 2327 auditorum
1656 2289 1768 2327 carnem
1784 2289 1933 2332 accusasse

237 2377 298 2415 nem
314 2361 419 2431 quippe
435 2361 477 2415 sic
495 2361 705 2424 intellexerunt,
728 2362 865 2430 mornado
884 2361 914 2413 in
935 2362 1071 2415 audacem
1097 2359 1261 2412 statuendus
1280 2364 1330 2415 est.
1367 2363 1391 2414 6.
1407 2357 1450 2412 Er
1468 2358 1529 2429 ipso
1543 2359 1645 2414 Christi
1660 2376 1793 2431 responso
1805 2369 1932 2432 apparet,

237 2449 410 2510 dilaniatur,
435 2448 531 2500 autin
551 2447 669 2501 macello
686 2449 831 2512 venditur,
857 2466 913 2500 non
935 2451 1071 2519 mornado
1097 2458 1234 2516 quaenam
1251 2444 1335 2500 fuerit
1347 2444 1382 2499 lis
1395 2450 1424 2498 et
1438 2444 1562 2517 quaestio
1572 2445 1642 2500 inter
1650 2443 1789 2501 Christum
1801 2452 1831 2503 et
1843 2447 1934 2518 ipsius

235 2536 339 2607 spiritu
354 2541 504 2604 repetatur.
540 2533 577 2587 Et
592 2542 701 2604 postea:
724 2535 758 2590 Si
776 2552 844 2589 caro
862 2535 934 2589 uiuit
948 2538 1069 2605 prodes-
1097 2530 1283 2596 adversarior,
1309 2531 1439 2587 videlicet
1461 2548 1517 2587 non
1537 2532 1674 2604 quomodo
1692 2549 1756 2588 caro
1776 2531 1879 2590 Christi
1895 2534 1933 2592 sit

236 2632 285 2691 set,
307 2622 424 2676 Verbum
442 2639 510 2675 caro
528 2637 583 2674 non
601 2623 687 2689 deret,
705 2630 735 2675 ut
753 2622 923 2676 inhabitaret
940 2623 970 2675 in
982 2625 1069 2677 nobis.
1097 2617 1280 2689 comedenda3
1305 2619 1354 2675 sed
1378 2619 1529 2674 adversarii
1555 2624 1642 2673 totam
1662 2620 1829 2691 doctrinam,
1855 2623 1932 2695 quod

239 2709 274 2764 Si
289 2726 341 2779 per
361 2723 473 2761 carnem
491 2707 570 2760 nohis
587 2708 704 2762 muttum
716 2709 832 2777 profuit
851 2709 985 2774 Christus,
1004 2729 1069 2781 quo-
1096 2706 1204 2761 scilicet
1227 2707 1263 2760 de
1285 2706 1362 2762 coelo
1386 2706 1493 2761 venerit
1517 2722 1550 2761 ac
1572 2705 1609 2761 sit
1626 2706 1746 2762 salrator
1762 2706 1859 2763 mundi
1878 2717 1931 2766 etc

237 2797 320 2850 modo
341 2812 409 2848 caro
426 2794 499 2847 nibil
512 2796 653 2862 modesti
686 2793 765 2849 ldem
784 2811 863 2850 serm.
884 2802 923 2852 11.
943 2797 978 2851 ds
995 2798 1069 2853 verb.
1098 2793 1224 2848 dixerunt
1247 2809 1307 2857 pase
1331 2792 1443 2862 salsam,
1468 2791 1530 2863 ideo
1553 2791 1677 2848 Christus
1701 2810 1761 2848 earn
1783 2794 1933 2864 asseritet

238 2878 309 2935 dom.
340 2878 414 2934 circa
446 2877 582 2934 medium:
617 2879 708 2934 Multi
735 2881 785 2950 qui
816 2882 860 2935 uel
892 2884 977 2936 eorde
1005 2885 1069 2948 ficto
1097 2878 1247 2934 confirmat.
1296 2877 1478 2950 Capernaitae
1505 2895 1561 2934 non
1587 2880 1758 2951 quaerebant
1785 2882 1821 2936 de
1847 2882 1932 2942 modo

237 2983 350 3022 carnem
372 2966 453 3020 illam
477 2968 651 3020 manducant
670 2975 696 3020 et
713 2969 876 3037 sauqrtinem
894 2970 1002 3036 bibunt,
1026 2973 1070 3025 uel
1097 2966 1220 3022 edendae
1244 2965 1346 3031 carnis,
1375 2964 1424 3021 sed
1449 2971 1535 3020 totam
1553 2965 1655 3022 Christi
1676 2967 1829 3024 doctrinam
1847 2988 1931 3043 repu-

237 3070 298 3107 cum
315 3053 548 3107 manducaverint
566 3059 591 3105 et
603 3053 727 3120 biberint,
744 3054 980 3126 apostatcefis'tnt,
993 3075 1070 3111 nurn-
1097 3052 1225 3117 diabant3
1244 3050 1369 3107 Christus
1387 3052 1473 3124 igitur
1489 3070 1544 3108 non
1563 3053 1674 3125 proJiclt
1690 3055 1855 3128 margaritas
1867 3075 1930 3128 por·

237 3142 307 3210 quid
333 3147 446 3194 manent
473 3140 503 3192 iu
530 3137 640 3193 Christo
667 3148 716 3193 aut
741 3139 868 3195 Obrutus
885 3143 914 3195 iu
935 3143 996 3197 cist
1019 3148 1071 3199 sed
1097 3140 1136 3195 cis
1160 3140 1322 3211 mysterium
1347 3139 1534 3196 comedendae
1556 3140 1647 3195 carnis
1669 3158 1737 3198 suae
1754 3143 1932 3212 declarando,

232 3227 365 3298 profecto
384 3227 560 3297 estquidam
577 3227 677 3280 modus
696 3229 889 3282 manducandi
908 3229 988 3284 illam
1008 3248 1069 3284 cur·
1097 3226 1146 3281 sed
1167 3225 1310 3281 veritatem
1336 3224 1472 3281 dictorum
1500 3226 1650 3283 confirmat
1688 3234 1716 3284 .7.
1736 3229 1862 3285 Christus
1879 3231 1931 3287 im·

236 3331 298 3370 nem
316 3322 342 3369 ct
360 3315 472 3369 iimndi
483 3315 564 3369 illum
578 3315 749 3386 sanquinem,
767 3319 905 3386 quomoda
924 3319 974 3387 qui
992 3337 1069 3372 mon·
1097 3312 1217 3369 mediate
1242 3311 1355 3383 subjicit
1371 3330 1396 3366 v.
1416 3317 1464 3368 6³:
1496 3313 1599 3382 Verba,
1625 3331 1696 3383 quae
1722 3317 1823 3386 loquor
1843 3318 1931 3389 nobis,

237 3403 382 3456 ducaoerit
398 3410 424 3457 et
443 3402 549 3469 biberit,
568 3403 598 3456 in
613 3401 723 3457 C'trr'sto
741 3411 834 3457 manet
854 3413 879 3458 et
894 3405 1021 3459 Christus
1040 3407 1069 3458 in
1097 3408 1161 3453 suut
1188 3399 1311 3469 Spiritus
1338 3408 1364 3453 et
1386 3400 1460 3470 uita,·
1491 3417 1516 3453 r.
1536 3404 1581 3455 ot:
1605 3403 1657 3455 sed
1682 3411 1745 3456 sunt
1762 3404 1880 3473 quidam
1898 3422 1932 3460 ea

237 3504 277 3544 co.
319 3490 384 3544 Non
411 3505 477 3558 erqo
501 3506 662 3559 quocunque
684 3492 768 3544 ruodo
787 3491 900 3562 quiaque
918 3495 1070 3546 manduca-
1096 3486 1180 3552 rolris,
1198 3488 1247 3557 qui
1264 3504 1319 3539 nou
1337 3488 1471 3557 creduut,·
1490 3504 1516 3543 v.
1537 3492 1585 3543 65:
1604 3495 1757 3558 propterea
1769 3490 1931 3565 diuinatio,

236 3574 308 3628 uerit
324 3590 437 3628 carnem
456 3574 562 3629 tunso
574 3584 600 3630 et
622 3576 719 3629 biberit
739 3578 801 3646 ejus
817 3579 994 3646 sanquinem,
1011 3597 1069 3633 ma·
1097 3573 1164 3644 quia
1189 3589 1268 3627 nemo
1285 3580 1380 3643 potest
1403 3574 1498 3628 uenire
1515 3576 1557 3627 ad
1572 3591 1627 3644 me,
1653 3575 1711 3628 nisi
1725 3577 1816 3640 riserit
1833 3580 1861 3632 ei
1879 3580 1931 3634 da·

235 3667 285 3714 net
300 3661 329 3714 in
348 3659 458 3714 Christo
477 3668 503 3714 et
515 3659 643 3715 C'ltrrirtus
661 3662 691 3715 in
709 3660 769 3730 itio,
789 3665 842 3716 sed
858 3672 933 3718 certo
948 3668 1069 3734 quodam
1097 3670 1153 3715 tum
1170 3678 1189 3714 a
1206 3661 1303 3729 Patre,
1322 3677 1392 3732 quae
1410 3659 1502 3714 omnia
1520 3660 1662 3716 evidenter
1679 3662 1836 3731 ostendunt,
1854 3664 1931 3736 quod

237 3748 329 3815 modo,
348 3762 428 3818 quern
444 3749 734 3818 modumutiqueipse
748 3749 867 3818 uidebat,
886 3753 1068 3819 quaudoista
1097 3764 1222 3818 samem,
1261 3745 1291 3801 id
1319 3753 1361 3801 est
1389 3746 1528 3802 carnalem
1561 3746 1732 3802 intellectum
1764 3750 1931 3823 auditorum,

238 3833 353 3887 dicebat.
387 3832 553 3889 Paschasius
571 3833 619 3890 lib.
638 3834 673 3891 de
691 3851 763 3906 corp.
783 3842 810 3891 et
827 3853 905 3910 sang.
921 3837 1024 3894 Christi
1040 3839 1067 3893 in
1098 3833 1222 3889 Christus
1251 3833 1414 3907 redarguat,
1447 3840 1560 3891 revocat
1587 3834 1659 3890 enirn
1686 3854 1737 3892 nos
1764 3838 1800 3891 ad
1829 3856 1855 3892 r.
1884 3845 1931 3897 st:

237 3918 362 3976 biblioth.
381 3923 491 3990 patrum
509 3926 574 3974 tom.
594 3926 617 3978 6.
637 3938 666 3992 p.
685 3924 750 3977 347:
771 3922 838 3977 Sine
858 3923 1003 3993 Spiritus.
1016 3927 1067 3980 sic·
1097 3921 1192 3976 Nolite
1227 3938 1404 3976 murmurare
1435 3921 1569 3991 inuicem
1602 3939 1681 3976 nemo
1714 3931 1808 3993 potest
1836 3927 1931 3981 uenire

236 4013 268 4060 ut
289 4023 323 4060 nc
344 4023 412 4064 caro
435 4005 542 4060 Christi
560 4011 681 4077 prodest
701 4009 867 4081 quidquam,
891 4012 933 4065 ita
952 4030 1000 4066 nec
1017 4014 1069 4068 hoe
1096 4010 1137 4061 ad
1156 4023 1211 4076 mc,
1236 4007 1294 4060 uiti
1316 4008 1419 4077 Pater,
1447 4008 1590 4078 quinidi
1618 4025 1673 4078 me,
1697 4012 1817 4064 traxerit
1839 4012 1930 4083 atum,

236 4101 441 4147 radamantum
464 4094 558 4147 caruis
578 4096 717 4163 prodesse
740 4104 841 4165 potest.
878 4097 931 4155 Sed
949 4097 1068 4172 Chryso·
1096 4093 1144 4149 ubl
1179 4093 1275 4149 eadem
1307 4094 1476 4149 carnalitatis
1508 4093 1683 4165 reprehensio
1715 4096 1878 4169 proponitur
1906 4117 1930 4154 c.

236 4182 340 4234 stcmm
352 4177 617 4251 stibeophyluctus
634 4180 662 4235 in
674 4181 726 4237 hoc
738 4181 799 4238 loco
812 4191 952 4255 exponunt
963 4185 998 4241 de
1010 4203 1068 4242 cur·
1096 4181 1190 4235 Prima
1216 4179 1336 4253 quidem.
1361 4180 1481 4237 distinct.
1503 4186 1528 4237 2.
1552 4181 1586 4237 de
1606 4190 1758 4241 consecrat.
1778 4201 1812 4240 ex
1831 4185 1930 4259 Augu·

209 4266 292 4323 ‘nell
311 4265 468 4321 auditorum
488 4266 646 4324 intellectu:
677 4268 755 4332 Quid
770 4277 809 4323 ert
828 4287 895 4325 caro
910 4290 964 4325 nou
977 4275 1067 4342 prod·
1096 4267 1181 4324 stino:
1201 4268 1301 4338 Verba,
1319 4285 1392 4337 quae
1408 4268 1517 4322 toruus
1534 4287 1595 4323 rum
1612 4271 1654 4324 ad
1668 4289 1731 4341 uos,
1758 4271 1884 4342 Spiritus
1903 4282 1930 4330 et

237 4360 276 4407 'rst
294 4352 471 4424 quidquam!
493 4372 549 4409 non
569 4356 604 4408 de
621 4357 686 4425 ipsa
705 4374 791 4412 carne
812 4358 894 4423 dicit,
913 4359 999 4429 ahsit‚·
1018 4363 1069 4415 red
1096 4357 1154 4410 vita
1179 4362 1251 4408 sunt.
1293 4353 1708 4424 Intelleaiatis'spirituatiter!
1752 4358 1878 4429 Spiritus
1903 4368 1930 4416 et

238 4440 274 4495 dc
290 4439 346 4507 tu,
369 4440 419 4509 qui
436 4441 591 4494 carnaliter
608 4442 764 4512 accrpiunt,
791 4460 863 4514 quae
882 4445 1014 4499 dicuutur
1033 4449 1068 4500 de.
1096 4443 1152 4496 uita
1177 4448 1250 4497 sunt.
1293 4440 1477 4495 intellexistis
1501 4444 1676 4500 carnaliter!
1704 4446 1788 4500 etiarn
1814 4446 1856 4501 sic
1874 4447 1929 4503 sila

237 4526 352 4582 carnali
367 4527 481 4597 auditu,
498 4525 529 4581 ri
546 4533 682 4602 σαρκικῶς
701 4534 785 4585 ταῦτα
804 4530 964 4602 ἐνδέχεσθαι
986 4531 1068 4588 aidis
1098 4529 1223 4599 Spiritus
1241 4536 1267 4581 et
1281 4527 1340 4582 uita
1359 4535 1436 4597 sunt,
1462 4531 1515 4582 sed
1533 4531 1584 4583 tibi
1600 4550 1655 4586 nou
1674 4541 1737 4587 arsut
1756 4533 1882 4605 Spiritus
1900 4543 1928 4590 et

238 4612 347 4687 auster,
359 4610 429 4667 silici
441 4611 600 4668 satisdator
612 4612 727 4690 ἀφορμὴ
739 4622 842 4687 γίνεται
856 4624 907 4673 etc.
930 4625 954 4675 6.
966 4618 1067 4684 Quam·
1095 4616 1170 4682 uita,
1202 4614 1253 4686 qui
1278 4614 1464 4683 spiritualiter
1496 4635 1552 4671 nou
1579 4619 1722 4690 inteltiqis.
1770 4621 1927 4692 Cyprianus

139 4714 167 4756 x.
181 4712 227 4759 tat.
237 4701 279 4756 ris
296 4717 363 4756 roro
380 4704 481 4755 neuim
497 4698 596 4755 harum
616 4701 871 4773 interpretationum
885 4713 996 4763 nostrae
1009 4725 1068 4762 sen·
1095 4720 1174 4758 serm.
1194 4701 1229 4757 de
1247 4717 1323 4757 coen.
1341 4717 1367 4773 p.
1382 4707 1448 4758 tto:
1470 4702 1659 4775 Capernaitae
1671 4708 1858 4764 existimantes
1876 4711 1928 4765 lloc

237 4787 341 4843 tentiae
354 4786 523 4854 adversetur,
543 4786 731 4855 (concedimus
743 4789 825 4861 enim,
843 4807 954 4847 carnem
967 4792 1068 4847 Christi
1096 4807 1127 4844 co
1153 4791 1237 4844 modo
1262 4788 1334 4857 dici,
1362 4796 1393 4842 ut
1417 4807 1530 4847 carnem
1555 4795 1617 4864 ejus
1643 4793 1744 4849 eliaam
1767 4797 1811 4849 uel
1834 4813 1928 4852 assam

164 4867 166 4870 ’
236 4890 291 4928 non
316 4872 462 4944 prodesse,
487 4871 511 4928 si
536 4889 569 4928 ex
595 4873 742 4946 hypothesi
769 4883 842 4933 esset
864 4877 932 4932 nudi
950 4877 1068 4935 hominis
1095 4886 1249 4948 sectamque
1276 4876 1448 4932 membratim
1475 4882 1557 4936 edere
1583 4883 1763 4949 docerentur,
1800 4884 1930 4940 adierunt

235 4975 309 5024 caro,
328 4958 373 5015 vel
391 4958 414 5014 ai
430 4959 615 5031 capernaitice
635 4969 663 5017 et
680 4963 828 5019 carnaliter
847 4964 1067 5036 manducaretur,
1094 4972 1177 5018 retro.
1211 4963 1270 5018 Sed
1289 4963 1319 5016 in
1336 4965 1552 5034 capitationibus
1566 4966 1729 5036 hujusmodi
1747 4986 1813 5023 caro
1826 4977 1852 5023 et
1863 4978 1931 5027 san·

236 5041 303 5116 quin
325 5051 353 5100 et
375 5046 601 5103 sacramentalem
619 5049 741 5121 corporis
758 5048 861 5105 Christi
879 5052 1067 5110 manducatio·
1095 5053 1159 5123 quis
1182 5069 1237 5105 non
1260 5052 1380 5121 prodest
1405 5054 1572 5125 quidquam,
1599 5050 1666 5121 quia
1692 5052 1764 5107 siem
1791 5056 1851 5125 ipse
1870 5076 1928 5112 ma·

235 5135 299 5186 hem
323 5131 430 5204 absque
454 5133 593 5205 spirituali
615 5133 684 5189 nihil
707 5136 839 5208 prodesse
865 5138 1069 5209 concedimus);
1080 5123 1084 5212 l
1094 5138 1182 5206 qister
1199 5137 1333 5207 aporuit,
1351 5157 1418 5192 uera
1435 5141 1505 5195 iaec
1519 5138 1643 5210 Spiritus
1663 5145 1689 5192 et
1708 5142 1766 5194 uita
1784 5151 1856 5211 sunt,
1875 5160 1927 5200 nse

235 5215 344 5272 interim
363 5219 497 5288 posterior
513 5220 703 5294 interpretatio
721 5222 906 5295 praeferenda
923 5233 965 5282 cst
975 5226 1069 5297 priori,
1095 5223 1221 5279 carnatis
1244 5241 1340 5278 seusus
1360 5228 1402 5281 ad
1418 5226 1585 5281 intellectum
1604 5231 1699 5279 tantae
1714 5228 1927 5297 profunditatis

181 5346 183 5350 .
234 5318 298 5359 cum
327 5306 416 5360 textui
445 5307 534 5380 magis
563 5315 705 5381 congruat
757 5315 779 5367 1.
804 5310 918 5377 Quoties
942 5313 1014 5369 enim
1038 5313 1068 5369 in
1090 5319 1231 5381 penetrat,
1250 5311 1308 5365 nisi
1323 5314 1396 5377 tides
1416 5301 1540 5367 necemt.

236 5388 378 5464 Scriptura
400 5408 465 5449 caro
484 5395 633 5469 opponitur
651 5394 773 5469 spiritui,
800 5403 832 5453 ut
849 5413 883 5454 es
899 5399 1010 5473 quidem
1028 5400 1067 5456 vi·
1131 5404 1188 5456 11⁰.
1230 5396 1350 5455 Praeter*
1374 5398 1443 5456 haec
1460 5394 1635 5477 principalis
1659 5400 1840 5458 fundamenta
1865 5401 1924 5470 (ab
1938 5388 1992 5482 ξε

234 5478 388 5552 inperetur,
403 5477 473 5536 haee
490 5494 555 5538 reso
573 5480 709 5549 laudetur,
728 5486 796 5540 tunc
813 5482 884 5540 illud
901 5501 956 5542 non
974 5492 1068 5560 potest
1094 5486 1171 5542 surdi
1189 5492 1217 5543 et
1237 5502 1292 5542 non
1309 5482 1469 5553 nmemsrh)
1495 5479 1639 5553 proterunt
1661 5486 1744 5542 etiam
1762 5489 1817 5545 alia
1833 5488 1924 5546 minus
1938 5494 1992 5534 ntus

235 5558 287 5626 sse
313 5552 396 5622 estu
422 5565 540 5641 umngs
568 5566 603 5626 se
621 5564 703 5631 esne
720 5564 838 5642 coma,
861 5570 911 5628 sea
929 5570 964 5632 re
983 5588 1067 5631 nme
1095 5572 1274 5648 perenna,
1292 5564 1364 5646 quse
1382 5562 1473 5644 aaa
1490 5571 1567 5640 sunt,
1584 5571 1629 5628 vu
1646 5590 1681 5628 er
1699 5573 1781 5629 acta
1800 5573 1923 5648 scriptu-
1936 5547 1992 5650 iit
