4004 6022
784 248 837 309 Du
853 247 1046 306 sconsam.
1069 306 1074 312 ,
1124 309 1128 313 ,
1687 261 1761 321 -tte

59 405 203 462 testimon.
228 403 275 459 iol.
303 409 360 459 143.
404 410 429 460 t.
457 404 571 460 Praeter
593 402 643 457 hos
669 400 799 458 excitavit
823 403 900 458 Deus
927 401 994 457 tiam
1016 421 1049 458 ac
1069 402 1238 459 Dalmatiam
1254 403 1418 476 pervasisse,
1435 411 1534 461 auctor
1552 412 1596 461 est
1605 405 1763 463 Matthaeus

58 489 181 563 singulis
205 489 305 545 seculis
327 489 434 560 aliquos
453 488 581 559 publicos
601 495 629 544 et
644 495 802 545 constantes
819 503 900 542 verae
927 487 1097 544 Parisiensis.
1133 491 1251 561 Insuper
1268 491 1352 546 etiam
1371 490 1495 546 celebres
1515 491 1764 548 sustentatae

60 578 130 634 fidei
150 574 336 640 confessores,
357 576 405 646 qui
426 576 540 646 papatui
558 575 670 647 publice
687 593 748 631 sese
766 591 900 645 opposuc-
927 576 1050 629 <lucendi
1074 579 1250 633 dexteritate
1293 577 1366 634 Nam
1390 576 1515 634 Jacobus
1538 577 1574 631 de
1593 578 1707 633 Rabirio
1723 587 1763 634 le·

60 669 142 728 runt,
181 680 297 733 quorum
333 662 446 733 quidam
480 680 568 733 usque
598 662 635 716 ad
665 663 828 733 sanguinem
861 658 900 712 illi
927 665 1024 727 statur,
1048 679 1095 716 eos
1111 664 1202 727 fuisse
1220 664 1378 718 eruditione
1397 672 1422 718 et
1440 665 1573 718 doctriua
1587 666 1764 732 praecellea-

59 749 224 804 resistentes
243 747 370 817 martyrii
390 764 517 803 coronam
536 753 688 818 portarunt
730 747 812 801 Tales
830 747 901 800 bene
926 748 1048 802 tr'ssiseoa
1073 757 1099 802 et
1124 752 1160 804 de
1179 750 1316 818 relipioae
1340 751 1448 804 acutius
1470 751 1570 804 ceteras
1594 751 1763 819 <superasse

60 835 164 890 mulus
194 840 357 889 enumerant
385 839 512 890 auctores
539 833 670 889 historiae
697 832 901 888 ecclesiasticae
927 835 1026 903 quibus
1053 838 1215 889 sacerdotes
1240 836 1374 890 sectatus
1395 837 1541 890 Romanoa
1572 854 1629 890 riou
1655 838 1765 902 suerint

60 920 328 993 Magdeburgensis,
353 921 466 975 Flauius
492 921 521 975 in
546 920 674 990 catalogo
699 920 811 974 testium
833 917 901 972 veri·
921 938 1019 991 porea.
1056 927 1083 975 2.
1101 923 1287 992 Auctoritate,
1308 922 1344 976 de
1365 940 1421 993 qua
1440 922 1470 976 F.
1489 921 1625 977 Rainerus
1642 923 1683 977 sic
1700 923 1765 976 scri-
1843 926 1847 941 ⁸

59 1008 142 1075 tatis,
171 1006 300 1062 Wolffius
331 1006 549 1062 iniectionibus
573 1004 813 1073 memorabilibus,
845 1003 901 1056 Lu·
927 1007 982 1062 bit:
1019 1007 1055 1061 In
1074 1009 1200 1063 omnibus
1219 1008 1377 1062 ciuitatibus
1396 1009 1584 1062 Lemborrb'oe
1602 1018 1627 1062 et
1646 1010 1676 1062 ia
1693 1010 1764 1063 Pro·

10 1130 15 1140 ·
60 1093 179 1150 doricus
209 1093 307 1149 Rebus
344 1094 379 1148 de
414 1093 585 1164 martyribus
622 1100 673 1147 etc.
705 1091 754 1146 sed
784 1089 901 1145 dubium
925 1093 1020 1147 vincio
1045 1102 1072 1148 st
1094 1095 1124 1149 iu
1148 1095 1217 1148 eliis
1241 1095 1336 1164 reputa
1361 1103 1386 1148 et
1412 1096 1496 1148 terris
1519 1096 1665 1149 auditores
1683 1096 1762 1151 bobe-

60 1178 187 1249 nullum,
218 1180 285 1251 quin
315 1179 398 1250 longe
429 1179 522 1249 plures
548 1178 714 1247 exstiterint,
754 1195 837 1250 quam
864 1176 901 1231 ab
927 1182 993 1234 boat
1019 1189 1045 1234 et
1072 1183 1103 1235 s'u
1121 1183 1239 1250 publico
1264 1182 1448 1251 dc'sprstobout
1471 1183 1664 1251 populumque
1684 1200 1763 1236 voco-

60 1267 118 1321 illis
137 1271 350 1335 enumerantur,
376 1265 443 1338 quia
465 1266 529 1320 libri
554 1265 664 1320 illorum
685 1265 731 1319 vel
748 1265 784 1320 ad
802 1281 900 1318 manus
927 1266 993 1320 bont
1016 1269 1058 1321 od
1078 1268 1213 1322 stationes
1237 1270 1366 1322 solennes
1390 1269 1421 1321 s'u
1435 1270 1509 1334 soro
1527 1275 1554 1320 et
1572 1268 1602 1321 in
1621 1286 1721 1337 compo
1738 1277 1765 1322 st

59 1359 172 1408 nostm
199 1369 254 1407 non
281 1358 481 1422 pervenerunt,
510 1352 559 1407 sed
588 1368 652 1406 cum
674 1350 742 1421 ipsis
764 1350 900 1406 confuso-
921 1354 1129 1422 praedicabant
1147 1355 1177 1408 ia
1195 1355 1280 1410 tectis.
1311 1356 1377 1408 Nou
1390 1361 1459 1418 aot,
1476 1355 1764 1423 qairpsoss'mpedire

60 1440 140 1494 ribus
164 1437 255 1494 exusti
277 1443 357 1507 sunt,
383 1444 414 1494 ut
430 1438 519 1492 omnis
537 1454 631 1493 eorum
648 1437 780 1493 memoria
797 1436 825 1490 in
844 1436 902 1491 ani-
926 1441 1044 1492 auderet
1057 1449 1179 1510 propter
1187 1441 1344 1508 potentium
1359 1447 1385 1494 et
1397 1440 1604 1494 multr'tudiuem
1617 1442 1764 1505 fautorum

61 1525 115 1579 mis
134 1524 276 1579 bominum
298 1523 520 1595 exstingueretur
539 1541 573 1579 ac
593 1524 694 1594 papale
711 1541 828 1594 regnum
846 1528 901 1577 sta-
926 1543 1047 1580 suousm.
1092 1525 1200 1580 Ibidem
1229 1525 1275 1580 hic
1302 1531 1399 1580 auctor
1422 1525 1532 1589 asserit,
1561 1544 1592 1581 se
1616 1525 1763 1597 ipsummet

61 1611 200 1680 biliretnr,
218 1609 263 1665 vel
281 1610 318 1666 ab
336 1610 529 1668 adulatoribus
541 1609 660 1666 Romani
678 1608 818 1681 pontificis
836 1614 902 1663 sunt
927 1611 1083 1666 interfuisse
1105 1610 1278 1682 inquisitioni
1302 1611 1424 1682 ipsorum
1448 1627 1481 1665 ac
1504 1611 1533 1665 in
1553 1612 1612 1666 sola
1631 1612 1763 1682 parochia

60 1697 196 1768 corrupti.
927 1696 1106 1753 Cemmerach
1126 1697 1257 1753 habuisse
1276 1697 1371 1752 decem
1390 1696 1508 1752 scholas.
1538 1697 1637 1769 Neque
1654 1707 1762 1754 tanum

100 1791 158 1842 179.
195 1783 318 1839 Possunt
341 1788 435 1839 autem
457 1782 630 1837 confessores
652 1781 708 1850 illi,
736 1781 784 1852 qui
806 1787 900 1852 tyran·
927 1782 1050 1839 homines
1084 1784 1119 1838 de
1146 1784 1231 1854 vulgo
1256 1783 1324 1854 ipsis
1348 1784 1511 1854 adstipulati
1540 1789 1620 1849 sunt,
1653 1786 1702 1840 sed
1733 1792 1762 1841 et

61 1871 121 1926 nidi
153 1869 294 1940 pontificis
324 1876 352 1925 et
382 1868 530 1940 papalibus
563 1867 702 1923 erroribus
731 1867 900 1922 conradus·
927 1885 1054 1940 proceres
1081 1868 1250 1940 complures,
1278 1869 1453 1924 Raimundus
1479 1887 1571 1926 comm
1595 1870 1713 1926 Tolosae
1734 1878 1762 1928 et

60 1964 142 2022 runt,
167 1956 197 2011 in
220 1964 276 2011 tres
297 1956 400 2012 classes
419 1955 557 2010 distribui.
595 1954 691 2010 Prima
708 1953 902 2024 complectitur
928 1957 956 2012 S.
976 1955 1087 2027 Acgidii
1112 1954 1187 2026 regis
1211 1953 1347 2010 Francius
1371 1956 1567 2026 consobrinus3
1588 1957 1762 2012 Raimnndus

60 2044 187 2114 integras
211 2042 351 2098 ecclesias.
394 2042 434 2098 Ut
452 2042 525 2096 enim
543 2041 796 2112 praetermittamus
814 2038 901 2094 eccle·
927 2041 1063 2112 Rogerius
1087 2041 1259 2096 Biterrarum
1277 2046 1307 2096 et
1324 2041 1511 2098 Carcassonae
1530 2059 1638 2112 comes3
1663 2043 1762 2099 Petrus

61 2129 133 2184 siam
154 2128 331 2193 Africanam,
349 2143 421 2199 quae
439 2127 594 2185 coelestino
612 2143 746 2185 canonem
764 2126 902 2198 quendam
928 2127 1064 2198 Rogerius
1096 2126 1229 2183 Gabareti
1261 2128 1389 2199 regulum
1424 2127 1598 2183 Raimundus
1628 2129 1763 2185 Furensis

62 2213 175 2272 concilii
200 2213 319 2269 Nicacni
345 2230 397 2285 pro
422 2214 590 2270 stabiliendo
617 2215 739 2285 primatu
761 2212 903 2269 mentienti
930 2214 1003 2286 regis
1027 2214 1199 2285 Arragonise
1220 2213 1408 2285 propinquus,
1429 2215 1564 2286 multique
1583 2215 1632 2268 alii
1649 2217 1764 2273 comites

63 2301 190 2374 graritu
208 2300 318 2370 restitit,
338 2301 483 2357 ecclesiam
503 2301 700 2366 leodiensem,
724 2317 796 2372 quae
814 2301 844 2354 in
861 2316 903 2353 re·
930 2307 958 2354 et
983 2301 1119 2356 innumeri
1144 2301 1259 2356 nobiles.
1297 2299 1430 2356 Similiter
1450 2302 1524 2356 etin
1542 2301 1626 2356 Italia
1644 2303 1765 2358 asseclas

64 2404 167 2459 sponso
191 2386 321 2443 Pascbali
340 2387 379 2443 11.
404 2388 470 2442 dato
493 2387 610 2443 Romam
630 2394 710 2441 vocat
728 2387 904 2454 Babylonem
930 2387 1052 2457 ipsorum
1082 2391 1111 2441 et
1140 2405 1156 2442 e
1184 2387 1267 2456 plebe
1297 2394 1325 2442 et
1351 2404 1385 2442 ex
1406 2389 1526 2459 equestri
1550 2388 1646 2442 ordine
1670 2388 1766 2459 fuisse,

65 2490 184 2544 eamque
208 2491 225 2529 a
241 2473 326 2530 Petro
344 2472 506 2544 prophetico
525 2471 625 2542 spiritu
647 2472 686 2525 sic
706 2488 767 2526 esse
783 2471 904 2543 appella·
931 2472 1017 2527 tradit
1043 2473 1205 2529 Nauclerus.
1251 2477 1279 2528 3.
1299 2473 1464 2543 Industrio,
1492 2472 1537 2527 cui
1556 2473 1701 2544 respondit
1717 2491 1765 2528 au·

64 2566 124 2616 tam
148 2560 261 2629 asseria
291 2559 468 2630 producimus
492 2559 544 2612 hoe
571 2559 631 2613 looo
652 2558 722 2613 duas
741 2557 904 2629 insigniores
930 2560 1051 2615 diturum
1074 2559 1155 2614 ardor
1178 2558 1207 2612 in
1230 2558 1368 2624 docendo,
1393 2560 1469 2630 quod
1488 2559 1579 2629 ipsum
1598 2559 1681 2615 etiam
1699 2560 1765 2614 Rai-

64 2645 214 2709 ecelesiss,
240 2662 311 2716 quae
336 2662 445 2715 semper
472 2645 634 2700 restiterunt
654 2642 796 2712 tyrannidi
814 2645 904 2714 ponti-
930 2664 1012 2701 nerus
1033 2645 1127 2704 habet.
1168 2645 1243 2713 Viri,
1267 2645 1373 2716 inquit,
1400 2653 1426 2699 et
1455 2647 1602 2710 rudiores,
1628 2646 1715 2716 pos-oi
1739 2652 1765 2698 et

10 2745 50 2788 tea
64 2730 153 2788 ficise.
200 2729 296 2786 Prima
317 2737 360 2788 est
391 2732 605 2794 Woldeusiarn,
641 2730 730 2786 altera
757 2732 905 2785 mereatis
931 2734 1039 2803 rnapni,
1067 2741 1145 2787 nocte
1166 2750 1202 2786 oc
1222 2733 1269 2785 die
1287 2751 1343 2786 uon
1361 2741 1470 2786 cessum
1486 2733 1595 2786 ducere
1612 2740 1638 2786 et
1656 2735 1765 2786 docere.

10 2817 45 2847 '²'
62 2819 123 2872 sabe
144 2816 258 2873 &usco
278 2817 405 2870 ecctoer‘o.
444 2815 527 2871 ”De
544 2815 744 2871 Waldensibus
767 2817 831 2871 vide
848 2833 905 2871 om·
931 2821 1040 2873 Audiui
1065 2821 1101 2872 ab
1133 2836 1180 2874 ore
1208 2819 1333 2873 decedis
1359 2819 1523 2887 cujusrtem,
1550 2821 1627 2887 quod
1649 2820 1766 2888 quictem

64 2905 132 2960 nino
149 2903 312 2959 bdornaenm
331 2903 360 2958 in
377 2903 442 2960 hist.
460 2908 580 2974 papatus
598 2921 626 2972 p.
646 2909 702 2960 tbb.
733 2903 905 2960 Doracheum
930 2906 1087 2960 baereticae
1110 2905 1174 2974 (hoc
1199 2905 1281 2960 titulo
1305 2905 1421 2975 insignit
1438 2905 1606 2961 Waldenses
1631 2924 1663 2961 ex
1688 2921 1766 2975 prae·

65 2991 95 3045 in
122 2996 232 3048 mour.
261 2989 297 3045 de
321 2989 396 3043 dicto
419 2988 572 3060 Augustini
596 2995 648 3044 eto.
672 2989 776 3046 consid.
794 2995 818 3046 6.
845 2994 906 3044 tum
927 2992 1036 3063 jndicio
1064 2999 1092 3048 et
1119 3009 1202 3047 sensu
1231 2990 1373 3046 Romanae
1395 2990 1555 3060 ecclesiae),
1587 3009 1667 3061 quem
1693 2992 1765 3060 noui,

65 3093 140 3148 quae
167 3083 293 3133 auctores
324 3075 508 3147 Magdeburg.
545 3075 609 3129 hist.
644 3076 741 3131 eccles.
773 3083 838 3133 tom.
866 3082 904 3133 ¹2.
931 3080 973 3132 od
995 3079 1046 3132 boc
1069 3086 1190 3146 tontum,
1217 3086 1248 3131 ut
1270 3095 1330 3130 eum
1357 3097 1374 3130 o
1391 3078 1453 3146 fide
1470 3085 1569 3130 nostro
1588 3086 1724 3131 scateret
1741 3085 1768 3131 et

62 3180 99 3218 ex
118 3163 188 3220 libro
206 3167 317 3218 vuasto
336 3162 540 3232 manuscripto,
564 3163 663 3217 Aenea
685 3162 796 3232 Sylsio,
820 3162 905 3217 Chro-
931 3167 973 3218 ud
990 3183 1072 3219 ersom
1083 3171 1256 3234 perverteret
1269 3166 1505 3233 perduceretque,
1528 3171 1618 3228 nocte,
1644 3171 1767 3232 tempore

62 3249 129 3303 nico
156 3247 363 3319 Hirsaugiensi,
390 3246 542 3315 Nauclero,
570 3247 692 3304 Roberto
715 3247 847 3320 Gaguino
871 3249 905 3303 de
931 3252 1059 3319 temeti,
1081 3268 1134 3320 per
1151 3267 1268 3320 opum,
1292 3266 1364 3319 proc
1385 3250 1490 3303 duitor
1507 3250 1580 3316 lbra,
1602 3250 1710 3302 euasit
1726 3250 1813 3305 od,‚,·
1835 3293 1861 3300 ..

64 3334 262 3390 waldensibus
292 3339 444 3391 recensent.
487 3333 601 3390 Illorum
629 3350 685 3390 non
712 3333 767 3390 fuit
789 3334 905 3407 exiguus
931 3339 1030 3407 ipsum.
1079 3336 1236 3391 Erubescat
1264 3335 1435 3404 septipeatio
1464 3336 1591 3398 fidetium
1619 3337 1766 3388 doctorum

63 3426 175 3476 unum
198 3420 371 3490 manipulus,
399 3421 449 3475 sed
474 3420 715 3476 numerosissimus
741 3426 837 3476 coetus
856 3438 905 3490 per
932 3422 1075 3494 (intelligit
1098 3422 1241 3477 Romanae
1264 3419 1398 3476 ecclesiae
1416 3419 1567 3489 addictos),
1592 3423 1641 3490 qut
1657 3439 1712 3475 eoa
1726 3422 1767 3476 sic

63 3507 199 3579 plurimas
223 3507 350 3578 regiones
375 3507 502 3561 diffusus.
537 3506 633 3562 Primo
648 3514 798 3564 tenuerunt
815 3508 905 3562 locum
931 3511 1022 3565 reluat
1040 3510 1195 3563 catholicas
1210 3509 1281 3573 fidei
1296 3508 1455 3572 ueritatem,
1473 3508 1545 3561 ucat
1565 3508 1715 3562 Lsouistoe
1726 3525 1766 3563 ss·

63 3594 94 3648 in
113 3592 209 3649 Gallia
227 3593 414 3658 Narbonensi,
433 3592 558 3661 Albensi,
573 3593 717 3659 ·Ruthena‚
736 3593 905 3649 cadurcensi
932 3597 992 3652 lent
1001 3596 1179 3665 infidelitatis
1187 3611 1319 3651 errorem.
1338 3594 1422 3650 Item:
1448 3595 1557 3648 ΗΝ.
1569 3596 1767 3664 Paupertas·

63 3679 284 3751 Agennensique
312 3679 497 3747 dioecesibus,
525 3684 558 3734 ut
584 3679 707 3734 lacobus
734 3682 769 3735 de
792 3680 907 3736 Rebiria
931 3682 1135 3738 transtulerunt
1148 3682 1228 3734 etsie
1241 3682 1515 3736 docentucdiscuut.
1543 3681 1612 3735 Vtut
1625 3690 1651 3734 et
1669 3684 1770 3736 audivi

65 3769 94 3822 in
119 3766 176 3820 suis
201 3767 235 3821 de
257 3765 360 3820 Tolosa
377 3766 445 3823 urbe
465 3767 642 3822 collectaneis
660 3767 814 3822 annotavit.
850 3768 905 3822 Sed
932 3772 1067 3825 resumam
1084 3769 1282 3837 idiotamqui
1296 3768 1355 3822 Job
1371 3769 1498 3823 recitavit
1516 3769 1552 3822 de
1564 3769 1768 3822 verboodosr·

65 3861 95 3909 et
120 3856 222 3908 Petrus
254 3853 372 3908 Woldus
396 3852 492 3908 relicta
515 3851 605 3923 patria
627 3853 656 3908 in
679 3853 809 3925 Belgium
830 3854 907 3908 venit
933 3857 996 3910 bom
1008 3864 1033 3909 et
1041 3855 1141 3924 plures
1151 3856 1234 3924 elios,
1246 3854 1296 3923 qui
1305 3861 1391 3909 totum
1400 3855 1437 3908 N.
1448 3855 1480 3906 T.
1489 3854 1627 3907 suosmet
1632 3856 1767 3923 perfecte.

66 3947 152 4010 atque
170 3938 342 3993 inPicardia
359 3937 460 3992 multos
480 3944 631 3995 sectatores
649 3944 748 3993 nactus
762 3947 812 3996 est.
835 3939 906 3994 Inde
932 3939 1150 3999 aduentantis.
1188 3941 1269 3996 Licet
1292 3940 1367 3995 enim
1391 3939 1495 4009 passim
1518 3940 1645 3993 extremis
1663 3941 1768 4010 suppli·

66 4028 96 4080 in
120 4025 299 4082 Germaniam
323 4025 435 4081 transiit
457 4044 490 4082 ac
514 4027 563 4081 diu
583 4043 634 4097 per
652 4026 821 4083 Vandalicas
840 4018 904 4082 civi·
933 4029 982 4083 ciis
1002 4028 1040 4083 ob
1059 4027 1259 4082 confessionem
1278 4025 1423 4098 praecipiti
1453 4028 1498 4090 (ut
1514 4024 1635 4095 loquitur
1654 4025 1768 4080 Chroni-

67 4119 141 4169 tates
164 4113 318 4168 aversas
343 4118 398 4182 est,
423 4119 456 4168 ut
476 4112 611 4168 Theanus
637 4113 734 4167 scribit
753 4113 801 4170 lib.
821 4120 845 4170 b.
866 4114 906 4168 hi·
933 4132 985 4170 eon
1015 4114 1225 4187 Hirsaugiense)
1263 4111 1400 4168 sententia
1430 4109 1673 4181 adjudicarentur,
1714 4129 1769 4167 non

67 4206 135 4255 stor.
177 4198 271 4254 Guido
294 4198 480 4269 Perpinianus
502 4199 551 4252 lib.
576 4200 612 4256 de
637 4199 799 4256 haeresibus
819 4217 905 4255 annu-
933 4208 1027 4255 mmen
1051 4201 1217 4255 destiterunt
1235 4216 1269 4253 ex
1290 4198 1415 4269 professo
1433 4202 1529 4251 contra
1550 4213 1652 4267 papam
1670 4197 1770 4253 docere
1795 4234 1806 4244 υ

67 4290 158 4341 meret
175 4285 258 4339 etiam
275 4285 422 4356 Angliam,
452 4287 482 4341 in
500 4302 556 4356 qus
575 4304 648 4342 anno
671 4293 743 4342 1174.
763 4287 907 4342 docuerint
934 4294 962 4342 et
981 4287 1125 4342 veritatem
1143 4285 1290 4342 coelestem
1308 4300 1431 4339 asserere
1450 4289 1479 4338 et
1494 4300 1610 4353 arguere
1629 4283 1770 4338 Romanae

68 4372 243 4429 Waldenses.
281 4371 361 4436 Quod
378 4374 452 4428 idem
466 4379 586 4429 testatur
600 4382 628 4430 et
642 4372 717 4428 Guil.
733 4373 908 4445 Neubrigen·
934 4373 1067 4428 ecclesiae
1089 4372 1272 4429 idololatriam
1297 4370 1326 4424 in
1351 4370 1435 4425 missa
1462 4376 1490 4424 et
1512 4377 1682 4425 monueram
1709 4388 1770 4426 san·

67 4460 106 4513 sis
125 4476 218 4515 rerum
237 4458 420 4530 Anglioarum
437 4459 487 4516 lib.
508 4467 532 4515 2.
551 4478 574 4514 c.
597 4466 635 4517 13.
659 4461 706 4517 ubi
727 4461 810 4516 etiam
829 4461 908 4515 addit
935 4465 1043 4514 etornm
1066 4457 1197 4527 religiosa
1219 4455 1409 4524 invocatione,
1435 4456 1658 4526 superstitionem
1676 4455 1704 4509 in
1725 4455 1771 4510 de·

67 4544 234 4615 Hispaniam
253 4550 282 4599 et
298 4544 408 4600 Italiam
426 4545 592 4617 scribitque,
615 4549 645 4600 iu
667 4548 816 4602 latissimis
838 4547 908 4601 Gol-
934 4545 1010 4599 lectu
1027 4544 1152 4598 ciborum
1171 4549 1199 4597 et
1218 4542 1340 4610 dierum,
1364 4541 1513 4611 primatum
1535 4559 1626 4613 papae
1646 4542 1771 4612 aliasque

67 4632 141 4697 isos,
166 4631 342 4700 Hispaniae,
366 4630 473 4686 ltaliae
501 4631 727 4702 (dementesque
752 4632 909 4702 prouinciis
935 4631 1158 4702 corruptelas.Ab
1192 4629 1340 4685 Rainerius
1362 4630 1391 4682 in
1414 4646 1521 4685 mmma
1545 4636 1609 4684 ante
1633 4635 1771 4684 trecentos

68 4724 127 4770 tom
162 4715 266 4770 multos
295 4716 412 4771 illorum
440 4718 603 4773 odboeeius
637 4721 783 4774 doctrinae
813 4722 907 4788 (quam
935 4736 1022 4773 annos
1052 4715 1181 4772 confecta
1204 4717 1238 4771 de
1263 4715 1462 4771 Waldensibus
1488 4717 1529 4771 sic
1555 4716 1663 4771 scribit:
1691 4717 1772 4768 luter

67 4803 129 4873 ipse
154 4818 189 4857 ex
212 4801 353 4857 Romanae
381 4803 516 4859 ecclesiae
542 4804 654 4875 ingenio
675 4814 782 4875 pestem
807 4811 908 4867 vocat),
935 4822 1029 4859 onium
1046 4812 1145 4873 seems,
1164 4820 1238 4873 quoe
1256 4812 1321 4857 suut
1338 4804 1383 4858 ost
1393 4804 1531 4871 fuerumt,
1548 4821 1604 4856 aea
1622 4809 1661 4853 cst
1674 4801 1771 4870 porni-

66 4896 98 4942 ut
126 4889 279 4943 seutdom
301 4889 470 4957 proplietam
495 4891 680 4960 multiplicati
704 4909 789 4961 super
816 4908 907 4946 nume·
936 4891 1042 4946 ciosior
1065 4891 1199 4944 ecclesiae
1223 4890 1375 4959 (Romanae
1394 4889 1575 4959 apostaticae)
1602 4905 1685 4956 quom
1699 4905 1771 4955 puu-

66 4992 132 5029 rum
159 4991 265 5029 urenae
289 4976 379 5029 πιανίε
402 4976 574 5032 videratur.
613 4977 746 5034 Similiter
772 4985 801 5033 et
824 4978 907 5033 Chro-
933 4995 1034 5048 perum
1059 4979 1094 5031 de
1120 4978 1261 5047 Lupduuo
1286 4977 1377 5030 tribue
1399 4977 1436 5028 de
1458 4975 1566 5028 ceusu:
1591 4974 1686 5041 prium
1705 4974 1772 5041 quio

66 5061 152 5116 nicou
174 5059 376 5130 Hirsaugiense
398 5066 508 5125 narrat,
537 5080 570 5117 eo
593 5065 751 5133 suceptor
772 5067 909 5132 qwsdom
937 5064 1113 5133 diuturnior,·
1134 5065 1252 5132 quidm
1271 5063 1343 5116 cuim
1360 5062 1472 5129 dicam,
1495 5060 1572 5128 qstod
1590 5059 1735 5112 durassent
1752 5076 1771 5112 o

66 5148 99 5200 ie
123 5148 192 5201 urbe
213 5147 417 5214 Arpeatiaeasi
437 5165 534 5202 corum
557 5149 634 5202 omui
650 5150 761 5217 poprulo
782 5157 809 5203 et
825 5151 910 5218 plebs
937 5160 1058 5220 tompore
1078 5150 1223 5218 silvestri,
1248 5148 1303 5203 otis·
1326 5165 1344 5200 o
1369 5155 1491 5215 tempore
1516 5144 1706 5214 apostolorum
1724 5147 1773 5198 sle·

67 5231 215 5298 confessos
233 5233 351 5301 publwe
373 5233 478 5301 surbac,
506 5236 583 5301 quod
607 5242 703 5289 tentus
725 5253 819 5290 sorum
840 5244 910 5290 esset
937 5240 1058 5299 (lucum
1083 5237 1220 5300 aemerio,
1240 5234 1308 5304 quia
1326 5231 1502 5302 generalior,
1522 5231 1587 5297 fere
1605 5230 1676 5282 esaim
1691 5231 1788 5284 asello·

66 5334 214 5386 numeru,
239 5325 270 5371 ut
293 5319 321 5372 si
344 5319 407 5388 quia
429 5337 463 5373 es
480 5321 552 5374 eise
574 5321 695 5376 Colonia
711 5322 909 5378 Mediolanum
937 5331 1015 5377 terra
1041 5330 1097 5387 est,
1127 5322 1157 5375 s'u
1182 5340 1239 5390 qrso
1265 5320 1333 5373 baec
1356 5326 1434 5371 secto
1457 5334 1513 5370 noa
1538 5323 1652 5386 acrpot;
1680 5315 1822 5381 tortian.
1835 5326 1881 5371 aaa.

66 5405 112 5457 ire
134 5410 286 5468 statueret,
310 5405 387 5458 ononi
407 5413 486 5459 nocte
511 5405 649 5474 hospitem
666 5425 699 5461 es
719 5416 795 5463 secto
813 5426 910 5463 eonem
937 5411 1014 5479 qrsod
1033 5427 1128 5463 omues
1146 5409 1224 5463 uliae
1241 5425 1302 5461 cam
1321 5404 1494 5459 immanitate
1514 5404 1543 5456 ia
1564 5406 1657 5456 Derim
1675 5404 1772 5457 borro-

66 5490 214 5574 inueniret.
255 5488 383 5570 Dtnlque
408 5490 493 5548 etim
513 5508 560 5548 tou
581 5492 610 5553 lu
629 5493 804 5566 Bulgariam,
827 5495 909 5552 Crete
938 5513 997 5550 rem
1013 5496 1159 5563 inducunt,
1176 5496 1245 5549 tae
1263 5493 1325 5546 sola
1348 5491 1539 5546 Wuldeasiam
1558 5506 1609 5543 ssu
1627 5490 1773 5544 monstre-

1385 5596 1440 5649 w
