4004 6022
195 208 256 298 ιιι
758 195 882 261 socos
900 198 1103 260 vicssmus
1121 195 1320 261 sucosam

196 364 321 420 ciborum
346 361 471 427 delectu,
494 356 543 417 ssd
565 358 691 431 plenario
711 359 880 415 abstinentia
893 357 1031 429 jejunium
1057 356 1164 422 Quodsi
1180 373 1247 428 ergo
1260 356 1425 414 counimus
1442 366 1560 411 onorem
1584 350 1665 410 illum
1682 350 1800 420 taxans
1819 348 1889 425 quod

196 449 308 520 proprio
327 449 432 503 dictum
452 446 600 502 consistere
621 446 733 516 quidam
751 461 784 499 ex
796 444 865 514 ipsis
879 442 1031 499 Pontificiis
1057 442 1201 513 virginitas
1222 443 1259 496 sit
1281 442 1410 497 meritum
1428 441 1523 496 salutis
1541 447 1684 509 semmae,
1710 439 1788 512 quod
1810 438 1889 494 cosli·

196 540 362 606 agnoscunt
412 532 589 586 Maldonstus
620 531 650 586 in
679 548 777 586 summ.
805 548 831 601 q.
858 537 899 586 23.
924 536 976 586 art.
1000 535 1030 584 2:
1058 529 1140 584 batus
1164 528 1201 582 sit
1224 528 1379 583 satisfactio
1396 545 1445 598 pro
1464 527 1588 598 peccatis
1605 534 1657 582 etc.
1696 533 1773 581 recte
1791 525 1846 580 hac
1864 526 1889 578 in

196 622 360 687 Perfectum
393 629 418 673 et
449 636 543 672 comm
565 618 706 688 jejunium
731 626 756 672 et
782 618 865 687 quasi
889 617 1032 686 exemplar
1058 622 1137 684 parte
1154 615 1247 683 sensit,
1266 615 1317 670 sed
1335 614 1497 670 Ambrosius
1517 614 1563 669 lib.
1587 620 1626 669 10.
1646 612 1728 684 epist.
1741 617 1784 669 82.
1817 611 1889 668 Jovi-

87 722 123 763 11.
137 719 183 762 stt
198 709 320 761 omnium
344 706 412 759 olim
428 706 487 771 fuit
507 704 603 772 aliud,
630 706 707 773 quod
726 704 788 772 ipso
810 705 919 758 nemius
937 703 1031 756 decla·
1058 701 1238 755 nianistarum
1258 718 1361 756 amores
1380 700 1430 757 hos
1447 707 1583 770 numerat,
1603 701 1760 770 baptizatos
1778 715 1836 752 non
1847 700 1890 751 de·

196 800 279 846 ratur
302 792 374 845 nibil
399 792 556 854 comedere,
584 807 650 843 nam
669 791 788 860 proprie
808 806 867 843 esse
881 789 1031 858 jejunium,
1059 789 1122 840 berc
1148 789 1281 841 uirtutum
1308 788 1470 858 disciplinis
1496 788 1597 854 teneri,
1623 786 1697 841 nslsil
1722 786 1783 840 illis
1804 786 1891 839 messe

94 936 97 941 .
152 941 153 944 Ἴ
197 887 237 933 est
263 879 334 932 nibil
355 895 475 947 prorsus
499 879 593 943 edne,
617 894 652 929 ac
677 877 734 930 tale
755 877 894 945 jejunium
911 876 1032 943 Moysis,
1058 873 1307 942 commesationes,
1324 872 1397 926 nibil
1411 873 1790 942 voluptatumasfluentm
1809 871 1890 938 cirpi-

196 965 287 1019 Pauli
308 972 334 1017 et
356 963 479 1018 aliorum
496 963 556 1017 sine
575 963 636 1016 cibo
655 971 680 1016 et
693 971 773 1031 potu.
809 962 941 1017 Erasmm
957 962 986 1016 in
1009 969 1030 1017 l.
1058 976 1106 1014 nes
1124 968 1254 1029 oportere
1265 960 1374 1023 nubere,
1392 959 1585 1028 tiliossacers,
1601 959 1734 1013 similiter
1747 966 1774 1011 ct
1784 958 1891 1019 viduos,

198 1047 261 1106 Cor.
280 1056 308 1105 8:
328 1051 405 1104 Mili
423 1050 555 1119 purioris
578 1049 789 1106 Christianismi
803 1051 947 1119 musisque
968 1066 1031 1102 con·
1057 1047 1170 1100 etiamsi
1186 1063 1216 1098 se
1233 1046 1375 1101 continere
1387 1046 1508 1116 possint,
1520 1062 1620 1100 errare
1638 1063 1696 1112 eas,
1715 1044 1891 1115 quiae-nolint

195 1145 356 1190 sentaneum
380 1135 556 1205 eoanpclicae
580 1143 606 1188 et
628 1136 803 1204 apostolicae
826 1136 972 1190 doctrinm
991 1136 1030 1188 ci·
1059 1133 1164 1185 :terme
1189 1132 1327 1201 copulam
1363 1132 1448 1188 Itsrm
1476 1133 1594 1200 Dicunt,
1614 1133 1742 1186 delirare
1761 1149 1822 1200 eos,
1848 1132 1894 1200 qui

197 1225 314 1292 deutur,
338 1223 365 1275 si
384 1223 494 1275 nullum
512 1229 616 1274 certum
635 1222 691 1274 cibi
707 1238 795 1290 penus
807 1222 1031 1289 praescribatur.
1052 1218 1175 1287 jejuniis
1203 1219 1342 1286 castipant
1359 1235 1472 1272 carnem
1489 1237 1582 1282 mam,
1605 1226 1636 1272 ut
1652 1219 1741 1272 menti
1754 1217 1892 1272 subditam

196 1309 279 1363 Nslsil
293 1307 398 1378 pietati
415 1315 464 1361 aut
482 1307 566 1362 addit
582 1315 632 1361 aut
651 1309 754 1362 adimit
765 1309 890 1362 ciborum
901 1309 1032 1375 ddectus,
1056 1305 1189 1372 faciant,·
1214 1304 1327 1373 dicunt,
1352 1305 1527 1374 oirpinitatis
1552 1305 1662 1359 nullam
1686 1321 1746 1358 esse
1764 1304 1892 1375 prodam,

197 1395 419 1464 superstitionum
453 1395 553 1459 facere
584 1402 693 1463 potest,
723 1395 803 1463 pium
841 1413 898 1447 non
932 1402 1031 1464 potest.
1055 1390 1126 1459 pari
1148 1406 1241 1444 omnm
1265 1390 1411 1444 aastimi
1430 1392 1537 1460 pretio,
1569 1392 1764 1445 castimoniam
1790 1389 1893 1444 nuditus

198 1479 316 1543 Quando
334 1479 419 1550 igitur
437 1479 563 1535 ciborum
573 1480 720 1544 delectum,
738 1497 801 1535 eum
819 1480 934 1549 sufficet,
950 1497 1033 1549 quem
1060 1491 1118 1528 tate
1144 1475 1289 1538 amana,
1321 1477 1428 1530 nulium
1451 1492 1508 1530 teet
1534 1477 1693 1546 praemium
1714 1475 1893 1544 virsiuitatit,

197 1564 338 1620 Pontificii
363 1566 392 1621 in
416 1583 466 1621 suo
484 1566 594 1636 jejunio
611 1566 772 1634 observant,
798 1565 986 1636 improbamus
1005 1573 1034 1620 et
1060 1562 1169 1615 ιιιιίἰιιιιι
1181 1563 1310 1627 fmmtnm
1328 1564 1487 1633 uiduitatis,
1507 1564 1617 1618 nullum
1636 1565 1771 1618 honorem
1782 1563 1893 1616 casata·

195 1653 334 1723 jejunium
357 1651 427 1707 illud
452 1652 687 1724 superstitiosum,
711 1653 786 1724 quod
804 1651 942 1708 Pontificii
961 1669 1034 1707 com·
1060 1649 1101 1706 tis.
1137 1650 1223 1704 ltom:
1245 1650 1405 1720 Ωιιίαιιιφιε
1418 1652 1449 1704 in
1462 1650 1574 1706 cbristo
1589 1652 1746 1721 baptisans
1761 1659 1810 1717 est,
1829 1666 1894 1718 qua

199 1738 339 1807 mendant,
357 1737 506 1808 reJicimus,
528 1754 584 1792 non
603 1738 696 1792 statim
714 1755 794 1794 omne
809 1738 950 1809 jejunium
970 1755 1034 1793 vero
1060 1734 1205 1804 liscunque
1229 1737 1291 1804 ejas
1314 1737 1372 1790 cita
1398 1736 1447 1802 sit,
1471 1743 1615 1805 acceptum
1632 1753 1691 1790 csse
1708 1739 1782 1792 Deo.
1818 1734 1893 1791 Haec

199 1823 255 1878 tine
280 1829 439 1893 susceptum
457 1824 605 1893 rejicimus.
645 1827 670 1878 3.
692 1824 859 1894 Corsjupinm
877 1824 1037 1894 cispinitati
1060 1820 1226 1876 Ambrosius
1244 1821 1500 1891 dcdovinianistis,
1520 1824 1716 1894 quaesivere
1733 1829 1814 1889 sunt,
1833 1837 1893 1894 grs-

200 1909 337 1978 dipnitate
360 1917 387 1962 st
409 1911 507 1963 merda
532 1911 660 1979 aspari.
698 1912 781 1964 Idem
797 1912 877 1963 docet
897 1911 1035 1964 minus
1061 1906 1172 1961 sissimo
1194 1908 1297 1962 errarit
1312 1907 1477 1962 Jovinisnus
1500 1914 1530 1963 et
1547 1909 1577 1963 in
1593 1908 1710 1963 alteram
1727 1915 1839 1978 partem
1854 1906 1893 1960 ni·

200 1997 230 2049 in
254 2000 278 2047 1.
299 1993 355 2049 Cor
379 2000 400 2050 l.
428 2004 453 2050 et
479 1997 622 2060 confessio
640 1997 805 2063 Aupustana
823 2004 878 2050 art.
897 1998 943 2051 23.
981 1996 1033 2051 He·
1061 1994 1113 2046 mis
1131 1993 1250 2049 deflexit.
1288 2000 1313 2049 t.
1330 1995 1461 2048 Mariam
1479 1995 1614 2065 inportu
1634 1995 1763 2048 amisisse
1779 1995 1893 2063 cispini-

201 2081 383 2159 spondemus:
420 2082 483 2138 Non
502 2099 644 2153 negamus,
664 2082 832 2138 coelibatum
849 2089 925 2138 certo
943 2100 1035 2153 respe·
1062 2086 1152 2132 tatem·
1191 2081 1273 2133 Idem
1290 2097 1371 2134 error
1388 2081 1496 2134 Burni
1513 2090 1539 2135 et
1556 2081 1707 2150 Melinum,
1724 2081 1777 2150 qui
1792 2082 1895 2148 dictu,

191 2175 249 2223 ctu
276 2169 305 2222 in
324 2169 448 2238 personis
467 2168 574 2224 idoneis
591 2169 721 2240 conjugio
737 2167 963 2239 praeferendum,
986 2170 1035 2224 sed
1063 2163 1203 2218 C'bristum
1239 2173 1396 2218 nascentem
1422 2167 1608 2235 adspersisse
1632 2167 1744 2220 sulcam
1771 2166 1894 2220 Mariae.

201 2270 335 2325 negamus
361 2270 393 2308 eo
421 2271 504 2310 sensu
531 2254 756 2324 praeferendum,
787 2255 862 2326 quod
888 2256 1036 2323 sirpinitas
1061 2251 1093 2285 *³*
1102 2249 1216 2320 Repetit
1251 2251 1454 2307 accusationem
1489 2251 1666 2306 Msldonatus
1706 2253 1735 2306 in
1771 2251 1840 2306 Luc.
1871 2259 1893 2318 t,

173 2392 177 2399 ,
201 2341 238 2393 sit
255 2340 417 2405 satisfactio
430 2348 612 2409 peccatorum
632 2342 754 2395 mamma
771 2348 798 2394 et
815 2341 943 2395 meritum
956 2343 1039 2409 reyni
1062 2354 1088 2396 r.
1110 2338 1185 2414 235*
1221 2337 1445 2408 Respondemus:
1463 2337 1609 2406 credimus,
1629 2337 1747 2392 Mariam
1759 2344 1825 2394 aute
1836 2354 1895 2409 par·

202 2427 356 2495 coelorum,
378 2432 412 2480 ut
429 2426 529 2481 Petrus
551 2444 569 2481 c
592 2427 659 2481 Soto
679 2427 708 2480 in
731 2427 781 2482 ret.
808 2426 880 2482 conf.
901 2427 1037 2484 Wintenb.
1063 2429 1137 2493 tum,
1163 2424 1192 2479 in
1218 2430 1301 2495 partu
1327 2429 1356 2480 et
1379 2430 1444 2495 post
1466 2431 1577 2496 partum
1600 2424 1734 2479 mansisse
1752 2425 1896 2497 virginem

203 2511 332 2582 loquitur.
381 2511 513 2574 Quamvis
537 2527 603 2566 vero
626 2511 814 2583 Hieronymus
838 2519 936 2568 contra
961 2513 1037 2569 lori·
1063 2509 1169 2574 Quodsi
1195 2527 1261 2582 ergo
1283 2510 1447 2566 basinianus
1462 2512 1780 2579 Moriaeairpinitatem
1791 2514 1896 2566 electra

204 2599 317 2652 manum
336 2597 482 2670 disputans
501 2598 604 2654 alieubi
622 2605 697 2653 recte
715 2599 831 2654 scnbst:
870 2600 904 2652 Ut
921 2601 1037 2653 circum·
1063 2597 1104 2651 nit
1122 2605 1149 2651 et
1165 2600 1306 2666 pariendo
1325 2606 1489 2667 conseptum
1506 2599 1599 2662 fuisse
1613 2598 1739 2669 asseruit,
1759 2599 1896 2653 sicutnu-

204 2684 274 2736 cisio
293 2683 365 2738 nibil
385 2692 423 2738 est
436 2702 469 2737 ac
477 2685 659 2753 praeputium
671 2685 745 2738 nibil
756 2693 803 2753 cst,
821 2689 873 2740 sed
883 2687 1038 2741 obsmcatio
1064 2684 1192 2754 gostinus
1213 2683 1247 2737 de
1266 2683 1327 2753 ipso
1345 2683 1475 2755 loquitur,
1494 2683 1563 2737 nihil
1580 2682 1660 2738 nobis
1678 2700 1741 2738 cum
1753 2683 1815 2754 ipso
1826 2701 1896 2739 com-
1909 2683 1940 2726 st

204 2771 402 2824 mandatorum
418 2772 479 2824 Dei
483 2790 495 2840 ,·
519 2771 560 2824 ita
576 2787 627 2824 rssc
644 2770 794 2837 cispinitcs
811 2789 861 2826 nec
878 2773 1039 2843 conjupium
1064 2769 1166 2826 mercii.
1201 2769 1334 2824 “Aliud
1351 2786 1417 2824 vero
1428 2774 1471 2824 est
1482 2770 1583 2837 dicae,
1601 2768 1741 2824 Christum
1754 2773 1897 2840 aportasse

199 2855 346 2923 justificat,
364 2859 415 2909 sed
430 2857 504 2931 must
521 2858 653 2926 conjupss
666 2858 821 2923 salvantia,
840 2860 866 2912 si
876 2876 1037 2928 pernsanse·
1063 2857 1174 2910 amcam
1190 2858 1291 2910 nostr
1308 2874 1377 2911 suae
1395 2858 1520 2924 Mariae,
1538 2856 1615 2912 aliud
1634 2874 1699 2912 vero
1714 2857 1814 2926 dicere,
1833 2860 1898 2912 Ma·

204 2941 264 2993 rint
283 2942 312 2994 in
327 2943 402 3012 fide,
427 2944 469 2996 ita
483 2959 539 3011 per
556 2945 676 2997 eandem
694 2952 802 3012 oportet
820 2947 903 2999 diam
921 2947 1039 3000 coelibes
1063 2945 1138 2997 riam
1166 2945 1196 2996 in
1217 2951 1304 3012 partu
1321 2944 1450 2998 amisisse
1469 2943 1713 3012 respirassent*
1749 2941 1830 3009 Quod
1848 2942 1898 3016 igi·

205 3027 332 3090 salcari,·
347 3028 444 3099 negari
461 3033 553 3083 mmen
568 3029 672 3100 nequit,
691 3029 873 3087 admiratione
884 3031 1039 3087 coelibatus
1064 3037 1109 3085 tur
1127 3030 1161 3085 de
1181 3030 1323 3100 apertione
1341 3030 1413 3085 uteri
1432 3030 1576 3100 virginalis
1589 3029 1713 3100 inportu
1725 3028 1847 3100 sunm,
1866 3046 1899 3085 es

205 3118 234 3166 et
271 3112 378 3175 fervore
412 3114 595 3169 contentionis
626 3116 718 3186 ipsum
750 3132 810 3173 esse
841 3117 978 3172 duriorem
1010 3125 1039 3174 et
1063 3121 1095 3170 ut
1118 3115 1272 3186 virginitati
1299 3115 1368 3170 nihil
1387 3116 1539 3187 quidquam
1558 3117 1747 3188 praejudicat,
1773 3117 1815 3172 its
1832 3134 1898 3190 quo·

205 3201 338 3254 sonorem
369 3200 398 3253 in
422 3200 533 3272 nuptias
557 3217 641 3273 quam
669 3219 720 3272 par
744 3211 794 3257 est
833 3203 970 3275 Agnoscit
986 3204 1039 3260 boc
1063 3203 1182 3257 modam
1199 3207 1324 3257 veterum
1340 3202 1500 3257 testimonio
1518 3202 1668 3258 stabilitur.
1701 3203 1854 3260 Jamcnius
1870 3204 1898 3258 in

205 3283 337 3341 Erasmm
358 3286 387 3344 iu
403 3287 461 3341 suis
478 3285 591 3340 scholiis
617 3293 647 3342 ct
664 3304 709 3343 res
727 3286 789 3358 ipss
808 3289 954 3346 manifeste
969 3291 1039 3346 illud
1064 3289 1191 3345 concord.
1211 3306 1310 3362 evang.
1327 3289 1357 3344 in
1375 3307 1400 3345 c.
1423 3297 1447 3346 2.
1465 3289 1549 3345 Luc:
1568 3292 1671 3344 Patres
1688 3291 1783 3359 aliqui
1794 3293 1899 3359 dicum,

205 3371 376 3443 comprobat.
413 3372 485 3427 Sunt
502 3371 576 3428 enim
594 3371 663 3427 haec
679 3371 857 3446 Hieronymi:
890 3375 924 3430 ss·
940 3378 1040 3432 bonum
1067 3376 1206 3431 Christum
1223 3375 1348 3445 proprie,
1366 3377 1552 3447 adspersisse
1577 3377 1688 3432 culoam
1705 3379 1807 3431 matris
1824 3395 1900 3445 suae,

206 3465 247 3511 est
266 3458 407 3512 mulierem
426 3477 481 3512 non
498 3466 628 3528 tenpore,
646 3461 752 3514 malum
767 3469 808 3519 sst
825 3469 947 3530 tonuere.
982 3465 1039 3518 Oro
1065 3482 1127 3517 cum
1150 3463 1220 3517 aliis
1243 3462 1408 3516 mulieribus
1434 3464 1544 3517 soleant
1566 3464 1622 3516 oiri
1646 3472 1755 3518 istorum
1779 3465 1899 3534 aperire,

206 3552 246 3611 te,
270 3545 354 3613 psalt
371 3545 448 3598 illud
465 3542 579 3615 bonum,
602 3547 679 3613 quod
695 3564 778 3600 orare
793 3548 939 3617 probibet,
964 3552 1041 3620 quod
1065 3567 1137 3618 psas
1153 3557 1195 3603 est
1212 3550 1349 3605 sententia
1367 3549 1570 3620 Tbeopbplaeti
1588 3551 1618 3602 in
1636 3550 1708 3604 bunc
1728 3551 1828 3605 locum.
1857 3551 1900 3604 Si·

207 3646 309 3698 corpus
326 3631 449 3686 Domini
463 3633 558 3700 compi
573 3651 629 3685 non
642 3634 788 3703 permittit.
822 3635 938 3705 Semper
957 3655 1039 3691 oran·
1065 3636 1141 3690 melis
1169 3644 1210 3690 est
1237 3637 1375 3691 serstentia
1402 3637 1549 3692 Ambrosii
1574 3639 1616 3690 sic
1645 3637 1804 3691 scribentis:
1836 3638 1901 3691 Non

208 3723 289 3787 dum,
309 3735 374 3785 erpo
392 3735 534 3786 nunquam
553 3720 685 3788 conjupio
702 3722 884 3778 sumundum.
920 3722 1040 3785 Qando
1066 3723 1139 3776 enim
1164 3722 1257 3776 cusiis
1284 3725 1373 3777 coitus
1400 3723 1519 3791 circinis
1545 3732 1652 3777 secreta
1675 3724 1828 3789 reseravit,
1852 3724 1902 3775 sed

208 3805 311 3874 impleo
348 3804 475 3869 officium
508 3805 620 3873 mariti,
654 3823 710 3859 non
743 3807 846 3874 impleo
877 3808 1039 3863 Christiani.
1066 3810 1277 3863 immaculatum
1305 3825 1399 3863 semen
1427 3808 1588 3863 inviolabili
1615 3818 1696 3863 suero
1726 3809 1853 3878 Spiritus
1879 3827 1920 3861 s.·

207 3890 343 3947 tracum
379 3889 458 3944 illum
488 3889 580 3945 locum
611 3891 728 3961 apostoli
772 3910 823 3961 epo
862 3910 929 3949 uero
963 3896 1040 3950 uobis
1066 3896 1189 3962 infudit,
1207 3895 1249 3948 sic
1266 3912 1332 3965 erpo
1351 3895 1430 3948 solus
1448 3895 1559 3963 operuit
1577 3895 1700 3963 omnam,
1720 3903 1752 3948 ut
1770 3896 1902 3948 immacu·

204 3995 296 4048 porco
315 3981 368 4031 etc.
396 3976 489 4031 addit:
522 3978 643 4031 Tantum
672 3995 802 4034 recenseo
830 3981 1040 4037 tribulationem
1066 3983 1141 4036 latus
1160 3981 1254 4036 coiret.
1277 3981 1392 4035 Similia
1410 3981 1493 4034 babet
1513 3980 1654 4049 Oripenes.
1691 3979 1841 4045 ”thomii
1863 3987 1901 4036 14.

209 4066 314 4128 carnis,
334 4072 411 4117 taceo
429 4071 536 4128 autem,
557 4080 635 4132 ,quae
651 4065 797 4118 damnatio
815 4075 927 4120 maneat
945 4071 1040 4140 conju·
1066 4067 1096 4121 in
1115 4065 1238 4138 Luc.)**
1272 4065 1403 4121 Erasmus
1428 4067 1458 4120 in
1475 4065 1675 4120 annotationib.
1695 4064 1763 4123 Luc.
1784 4071 1813 4121 2:
1841 4068 1903 4121 Ori·

209 4159 289 4220 patos
312 4150 342 4204 in
363 4152 465 4214 futura
482 4151 553 4216 aito,
571 4158 602 4202 ut
620 4151 739 4214 insirmis
752 4170 886 4222 parcam,
910 4157 959 4223 qui
975 4157 1041 4225 jam
1066 4170 1149 4221 penes
1169 4153 1264 4207 bomsl.
1278 4157 1319 4207 u.
1335 4160 1428 4222 putat,
1446 4150 1589 4206 Christum
1600 4152 1721 4221 rupinis
1732 4154 1834 4206 matris
1845 4154 1902 4207 vul

210 4245 273 4291 surst
303 4239 334 4289 in
361 4234 551 4289 matrimonio.
592 4236 766 4304 Nuptiarum
789 4240 860 4307 finis
889 4258 964 4298 mors
992 4251 1040 4311 est,
1067 4258 1129 4295 cam
1142 4240 1337 4309 adspersisse,
1349 4241 1469 4293 sednon
1482 4256 1560 4294 mors
1573 4247 1902 4307 ceterorumccterorum

203 4324 322 4389 fnsctus
340 4330 432 4375 autem
448 4322 692 4390 sanctificationis,
713 4323 763 4392 qui
777 4325 820 4379 cel
839 4326 880 4378 ad
896 4327 1041 4394 cispinia-
1068 4328 1141 4380 enim
1158 4335 1304 4396 conceptus
1318 4342 1426 4396 quoorm
1440 4327 1585 4381 muliebris
1598 4334 1707 4380 uterum
1720 4327 1823 4395 aperit,
1842 4344 1903 4380 cum

210 4417 263 4463 mm
291 4408 335 4461 vel
363 4410 405 4461 ad
436 4407 632 4462 continentiam
655 4410 794 4478 pertinet,
821 4412 880 4464 cito
903 4421 1041 4481 pensatur
1069 4412 1197 4467 Christus
1222 4415 1320 4468 clauso
1346 4414 1467 4483 cispinis
1492 4421 1572 4468 utero
1597 4415 1634 4467 sit
1657 4420 1808 4483 conceptus
1830 4415 1903 4468 citra

210 4503 333 4550 adorna
375 4493 500 4562 Nuptias
521 4493 631 4561 replent
648 4502 767 4564 terram
790 4497 940 4566 cirpinitas
955 4517 1042 4568 pora·
1067 4500 1179 4554 uirilem
1196 4516 1317 4568 operam.
1353 4500 1448 4553 Porro
1467 4501 1509 4552 ita
1527 4517 1646 4554 nascens
1665 4501 1778 4569 aperuit
1789 4509 1904 4564 uterum

211 4582 311 4637 disum
360 4579 439 4634 Sicut
470 4578 582 4633 Paulus
606 4583 758 4634 secundum
784 4584 894 4639 ueniam
917 4585 1043 4655 loquitur
1068 4593 1099 4639 ut
1131 4603 1187 4639 nan
1214 4585 1381 4639 convelleret
1409 4585 1538 4639 claustra
1561 4586 1719 4655 pudicitiae
1744 4585 1904 4654 sirpiculis.

212 4669 246 4722 de
267 4666 387 4737 nuptiis,
413 4666 455 4719 ita
472 4665 555 4719 etiam
574 4666 608 4720 de
624 4666 692 4732 illo,
715 4669 766 4736 qui
783 4669 915 4724 incestum
933 4675 1043 4726 commi-
1070 4674 1149 4727 Haec
1168 4679 1209 4725 cst
1228 4671 1360 4740 Oriyenis
1378 4672 1524 4739 smtentia,
1544 4689 1616 4741 quae
1633 4689 1701 4727 sane
1713 4683 1826 4743 pupnsu
1843 4691 1905 4728 cum

211 4761 300 4820 serat,
328 4751 429 4821 inquis,
457 4752 485 4804 si
507 4752 578 4819 quid
602 4754 730 4806 donastis
754 4763 779 4808 et
800 4771 850 4824 epo
868 4763 921 4813 otc.
962 4757 1044 4814 Talia
1069 4776 1100 4813 co
1120 4759 1273 4828 quodiam
1287 4758 1339 4827 pia
1358 4758 1513 4812 credulitas
1530 4760 1652 4813 omnium
1667 4761 1731 4824 sere
1748 4759 1852 4814 animis
1864 4761 1906 4813 in·

211 4840 293 4911 plura
317 4838 345 4892 in
363 4837 534 4907 Hieronymo
556 4845 717 4907 occsurunt,
741 4855 813 4911 quae
831 4858 978 4913 suppresso
995 4862 1042 4898 no
1068 4844 1138 4912 risu,
1156 4842 1296 4897 Obristum
1309 4843 1371 4896 sine
1382 4843 1490 4897 nisset
1504 4840 1907 4914 laborsparturientis'clauso

212 4928 285 4982 mine
302 4923 476 4996 Augustinus
494 4922 524 4976 in
540 4922 558 4978 l.
577 4924 612 4978 ds
630 4924 729 4996 virgin.
750 4933 778 4982 et
797 4927 832 4981 de
850 4928 913 4983 bon.
932 4932 1043 5002 conjug.
1069 4930 1188 4997 oiryinis
1204 4938 1284 4985 utero
1298 4931 1459 4999 prodiisse,
1484 4946 1557 5000 ousae
1573 4948 1642 4984 sans
1660 4939 1691 4984 ut
1709 4940 1750 4985 est
1768 4931 1905 5001 plausibi-

211 5012 336 5068 modestc
353 5008 463 5066 refellit.
494 5007 576 5064 Unde
596 5016 670 5065 recte
688 5012 785 5068 scribit
799 5014 906 5070 Ludos.
918 5015 1003 5072 Vives
1014 5008 1107 5074 inilis
1126 5031 1176 5069 nec
1195 5017 1374 5086 indicione,
1399 5017 1531 5070 dasena
1552 5016 1768 5085 Scriptus-arum
1785 5020 1911 5073 testimo·¹

212 5098 261 5153 lib.
283 5103 321 5154 16.
343 5097 378 5151 de
394 5095 446 5150 civ.
462 5094 516 5149 Dei
535 5112 559 5150 c.
579 5101 625 5151 tt:
646 5099 837 5168 Catapbrypss
855 5101 927 5154 nibil
945 5119 964 5154 a
975 5083 1126 5217 sor-Anius
1151 5104 1249 5157 doceri
1272 5121 1329 5156 non
1346 5103 1446 5172 possit.
1488 5101 1639 5156 Rhenanus
1664 5102 1693 5156 in
1717 5118 1777 5175 arg.
1802 5104 1839 5159 ad
1857 5103 1912 5159 lib?

212 5185 352 5238 nicodoro
363 5183 502 5237 secandas
516 5183 630 5250 nuptias
639 5184 757 5253 differre
768 5186 921 5243 censebant.
940 5187 1044 5241 Hiero·
1056 5220 1058 5239 ι
1069 5189 1144 5243 Tert.
1163 5188 1199 5243 de
1217 5205 1301 5244 omne
1323 5189 1440 5245 Christi:
1467 5189 1659 5243 Tertullianus
1679 5190 1758 5257 dicit,
1777 5191 1905 5244 Mariam

213 5288 312 5338 numus
327 5288 384 5324 non
401 5270 486 5324 modo
503 5270 642 5323 secundas
659 5272 774 5339 nuptias
789 5271 974 5340 abominatur,
992 5276 1045 5328 scd
1066 5276 1210 5343 patefacti
1226 5276 1354 5345 corporis
1373 5277 1433 5344 lepe
1446 5275 1606 5344 peperisse,
1630 5293 1692 5328 cum
1710 5293 1805 5330 omnes
1821 5277 1906 5331 bodie

211 5357 321 5425 primm
338 5357 422 5409 etiam
435 5373 540 5424 porum
555 5356 660 5424 probat
679 5364 778 5411 contra
790 5357 974 5411 Jcoinianum
987 5360 1044 5412 slis·
1069 5360 1261 5431 tlseoloporum
1274 5362 1419 5414 centuriae
1429 5360 1571 5414 Uiriatum
1585 5361 1814 5432 clausouirpinss
1825 5371 1905 5416 utero

210 5450 332 5514 putanti
359 5441 440 5496 bomo
466 5443 573 5498 essuos
598 5450 624 5496 et
649 5442 780 5512 conjupio
802 5459 908 5512 pat-ism
929 5460 1043 5515 aequus.
1056 5399 1210 5517 iprocs'isss
1236 5447 1330 5503 velint.
1380 5448 1507 5502 Parnstsi
1535 5447 1712 5502 Tertulliano
1739 5450 1907 5509 Ammonos
