4004 6022
188 252 267 351 aas
525 272 530 281 ’
777 286 898 344 nocue
916 283 1119 342 uouemus
1139 283 1280 342 ramus

185 439 299 495 moin
324 440 488 495 eekbrabat.
522 441 592 493 Jam
609 456 675 494 cero
693 456 783 509 aprus
796 441 942 510 paschalis
959 440 1017 503 fait
1044 444 1074 493 at
1097 456 1164 494 num
1192 444 1338 510 propterea
1361 440 1551 495 tantummodo
1575 439 1687 512 vesperi
1709 439 1877 497 celebranda

180 527 277 595 flpera
301 527 494 580 euchnrs'stiua.
537 524 763 595 Respondemus:
794 544 827 581 ex
848 525 945 598 figuris
961 545 1017 582 non
1045 524 1114 580 erit?
1133 525 1233 580 dieitur
1252 525 1350 581 fraudo
1369 526 1457 596 panis,
1478 531 1508 580 at
1524 543 1590 580 num
1609 532 1757 597 propterea
1773 527 1804 582 in
1820 544 1877 584 me·

186 612 327 667 ducuntur
353 611 431 665 firma
455 617 633 681 argumenta,
660 611 713 664 nisi
730 612 793 682 ipsa
810 612 953 682 Scriptura
969 629 1017 682 ap·
1044 612 1091 666 dis
1119 611 1302 668 eucharistiae
1329 612 1436 667 actione
1464 612 1544 683 panis
1566 612 1722 668 necessario
1745 613 1877 687 frangor·

186 697 363 768 plicationem
381 713 475 752 eanum
494 697 628 752 ostendat
664 695 702 751 lit
718 713 768 752 cur
784 714 840 751 nou
855 698 1017 769 respicimus
1044 697 1115 751 dus?
1152 697 1270 768 Synaxis
1297 704 1426 767 vocatur,
1459 699 1525 769 quia
1540 698 1678 753 ordinarie
1706 698 1736 754 in
1763 699 1877 771 publico

187 784 281 855 potius
304 783 341 837 ad
365 782 519 853 exemplum
536 781 638 837 Christi
655 782 685 836 in
703 782 818 853 privatis
836 784 952 839 aedibus
970 802 1017 839 eu·
1043 783 1177 838 ecclesiae
1197 791 1335 839 eonventu
1361 785 1533 849 celebretur,
1559 788 1588 839 et
1612 784 1679 855 quia
1695 790 1756 840 tota
1774 785 1878 844 Chrish'

186 869 343 925 οΙιοιίοιίοιιι
374 869 543 923 instituentis
569 876 597 924 et
619 868 851 938 administramis,
879 869 1018 941 quemad
1044 869 1160 926 ecelesia
1179 872 1214 923 de
1234 888 1290 924 meo
1303 888 1380 940 pone
1395 869 1557 941 participat,
1574 887 1644 940 uuo,
1669 872 1800 943 inquam,
1820 890 1878 929 non

77 976 79 980 ⁸
186 960 285 1027 typum
307 955 373 1026 agni
398 953 557 1026 paschalis?
585 972 651 1009 num
677 971 710 1009 ex
733 961 802 1025 typo
826 962 1017 1026 argumentum
1043 956 1149 1011 ratione
1184 972 1307 1023 massae,
1344 955 1392 1011 sed
1429 957 1536 1011 ratione
1568 974 1635 1011 risus
1660 959 1877 1028 saemmeutalis,

186 1040 251 1097 duci
278 1046 370 1111 potest
401 1048 498 1096 contra
525 1040 696 1096 infrenos!
732 1041 761 1098 Si
783 1047 896 1111 propter
920 1047 1018 1113 typum
1046 1044 1067 1098 1.
1087 1041 1148 1097 Cor.
1172 1048 1217 1105 10,
1235 1059 1261 1095 v.
1284 1044 1323 1098 17.
1365 1045 1391 1098 θ.
1414 1041 1542 1096 Christus
1566 1043 1698 1113 saepiam
1719 1047 1878 1116 proecepit,

186 1127 253 1199 agni
275 1126 415 1198 paschalis
440 1127 594 1182 necessario
617 1129 646 1182 in
666 1127 784 1198 publicis
803 1128 913 1199 templis
931 1135 959 1184 et
976 1146 1018 1184 so-
1043 1138 1074 1183 ιιι
1092 1129 1229 1200 privatim
1256 1129 1468 1183 administretur
1487 1147 1581 1184 coeno.
1620 1133 1701 1199 Erpo
1719 1132 1797 1187 illud
1808 1151 1879 1203 pro·

186 1212 315 1269 leunibus
344 1213 430 1269 totius
463 1214 596 1269 eeclesiae
625 1212 805 1268 conventibus
830 1231 909 1268 sacra
933 1231 1018 1270 coena
1043 1217 1164 1270 hihaisae
1184 1215 1347 1284 judicatur.
1393 1214 1616 1286 Respondemus:
1648 1217 1676 1271 in
1699 1217 1783 1273 rebus
1802 1218 1879 1274 edla·

186 1298 368 1366 oalebranda,
395 1316 445 1354 cur
468 1300 527 1370 ipse
543 1299 670 1354 Christus
688 1306 717 1354 et
732 1305 934 1355 sacramentum
952 1301 1018 1372 agni
1042 1302 1137 1372 phoris
1164 1318 1197 1356 ac
1221 1301 1319 1356 mediis
1336 1317 1391 1356 non
1409 1300 1495 1358 habet
1509 1302 1601 1358 locum
1617 1303 1777 1359 immediata
1792 1320 1879 1376 eppo

185 1378 339 1459 paschalis,
359 1390 388 1440 et
405 1384 599 1441 eucharistiam
618 1386 647 1440 in
664 1385 778 1457 privatis
796 1386 911 1442 cedibus
933 1387 1018 1442 admi-
1044 1389 1108 1444 sitio
1133 1389 1204 1443 iuter
1221 1388 1267 1456 id,
1295 1388 1369 1458 quod
1389 1405 1406 1443 a
1424 1387 1485 1443 Deo
1502 1394 1681 1460 praeceptum
1699 1406 1733 1445 ac
1750 1389 1825 1462 quod
1842 1391 1880 1447 ab

185 1473 335 1528 nistravit?
372 1472 455 1526 Adde
478 1472 553 1542 quod
578 1489 612 1527 ex
632 1490 655 1529 c.
677 1478 716 1528 12.
741 1474 828 1530 Exod.
853 1491 880 1528 v.
901 1480 925 1529 4.
943 1472 1017 1528 haud
1045 1474 1141 1530 eodem
1170 1473 1359 1544 prohibitum,
1388 1474 1458 1528 alias
1480 1492 1535 1531 uno
1560 1475 1667 1546 impetu
1692 1477 1786 1531 omnia
1801 1476 1878 1532 adia·

93 1560 95 1565 ’
186 1559 303 1616 obscure
332 1558 490 1630 colligitur,
518 1559 547 1611 in
575 1557 689 1630 privatis
713 1559 805 1629 potius
832 1559 1018 1614 Israiihtarum
1045 1559 1141 1630 phora,
1166 1560 1270 1632 quippe
1291 1576 1362 1632 quae
1382 1561 1509 1632 nuspiam
1527 1561 1703 1616 inveniuntur
1720 1570 1878 1634 praecepta

186 1646 302 1702 aedibus
333 1662 417 1715 quam
447 1644 475 1698 in
504 1644 682 1700 tabernaculo
713 1646 757 1699 vel
785 1647 887 1716 templo
917 1662 1019 1718 agnum
1045 1662 1078 1700 ex
1105 1646 1222 1701 eeclesia
1244 1646 1467 1701 eliminabuntur.
1508 1647 1551 1700 Ita
1575 1663 1685 1718 quoque
1709 1646 1739 1701 in
1757 1648 1879 1704 externis

186 1732 345 1804 paschalem
368 1730 454 1786 fuisse
482 1736 647 1794 mactatum,
675 1737 796 1786 assatum
824 1739 853 1786 et
870 1734 1018 1787 manduca·
1045 1730 1259 1787 circumstantiis
1277 1733 1413 1803 oppositio
1431 1733 1479 1788 illa
1496 1750 1550 1787 non
1568 1739 1660 1804 potest
1676 1734 1785 1805 urgeri,
1807 1735 1879 1790 alias

187 1823 256 1874 tum.
292 1819 376 1873 Deut.
402 1823 445 1885 16,
470 1835 495 1871 v.
516 1823 540 1872 6.
559 1834 688 1886 expresso
707 1817 761 1873 Dei
780 1818 910 1874 mandato
927 1825 1019 1873 certus
1044 1817 1140 1872 eodem
1157 1817 1313 1888 argumenti
1331 1818 1430 1872 robore
1445 1817 1590 1874 inferrem:
1611 1818 1736 1874 Christus
1749 1820 1878 1891 nusmam

188 1905 266 1960 locus
292 1910 462 1958 sacramento
487 1903 553 1975 agni
578 1902 731 1973 paschalis,
765 1909 797 1957 ιιι
819 1911 848 1958 et
864 1904 914 1959 toti
931 1904 1019 1959 cultui
1045 1903 1188 1973 praecepit
1198 1919 1279 1958 mane
1292 1902 1485 1959 eucharistiam
1499 1905 1647 1974 celebrare,
1666 1922 1733 1977 ergo
1746 1905 1876 1978 idipsum

190 1989 316 2046 Irevitieo
345 1990 556 2058 determinatum
585 1990 640 2044 tale
661 1989 773 2061 aliquod
798 1991 959 2045 mandatum
984 1991 1020 2044 de
1046 1988 1217 2059 prohibuisse
1242 1991 1394 2044 censendus
1417 1989 1479 2044 est?
1514 1991 1574 2045 lmo
1599 2007 1664 2046 vero
1683 1992 1811 2047 Levitico
1827 1993 1879 2048 illa

189 2074 359 2130 eucharistie
389 2080 464 2130 certo
490 2082 597 2129 tanturn
627 2075 688 2129 loeo
713 2075 880 2130 celebrando
904 2076 1020 2146 proferri
1045 2080 1199 2145 temporum
1217 2082 1245 2129 et
1262 2075 1384 2130 locorum
1403 2074 1560 2131 discrimina
1578 2077 1607 2131 iu
1628 2078 1662 2134 N.
1676 2078 1709 2133 T.
1728 2085 1794 2133 sunt
1811 2079 1879 2135 sub·

188 2179 244 2218 uon
268 2161 377 2232 poterit.
421 2162 464 2216 Ac
488 2161 573 2232 probe
591 2162 753 2223 notandum,
772 2162 846 2232 quod
864 2161 950 2231 phase
970 2163 1019 2217 Ju-
1047 2161 1104 2216 lata
1128 2168 1157 2215 et
1174 2160 1345 2217 Christianae
1363 2160 1485 2217 libertati
1505 2162 1613 2230 relicta,
1642 2181 1713 2235 quae
1730 2171 1824 2221 tamen
1842 2167 1879 2220 si-

189 2248 299 2303 daieum
324 2247 406 2302 etiam
431 2247 486 2301 alio
508 2254 630 2317 tempore
649 2248 834 2315 celebratum,
861 2265 944 2318 quam
966 2264 1021 2319 quo
1046 2247 1104 2301 mul
1129 2247 1181 2301 hoc
1206 2247 1411 2318 complectitur,
1436 2253 1468 2301 ut
1494 2249 1524 2302 in
1546 2250 1665 2305 externis
1682 2250 1773 2306 cultus
1792 2253 1879 2309 dirim

187 2339 261 2391 totsss
286 2334 374 2390 Isra'el
398 2334 569 2389 ceremoniae
593 2334 640 2389 isti
662 2334 812 2390 solenniter
835 2340 959 2404 vacaret,
990 2342 1021 2389 ut
1047 2333 1192 2400 exercitiis,
1206 2350 1239 2387 ac
1258 2333 1373 2404 proinde
1391 2332 1474 2388 etiam
1492 2333 1522 2387 in
1539 2335 1776 2394 administratione
1787 2354 1879 2395 saera-

187 2428 305 2493 apparet
327 2437 360 2476 ex
381 2421 491 2476 Numer.
514 2426 555 2488 19,
573 2439 598 2474 v.
622 2426 661 2476 10.
680 2421 730 2475 ubi
746 2421 895 2475 immundis
913 2421 1020 2491 stillis,
1046 2426 1198 2475 mentorum
1214 2419 1320 2491 ‘omnia
1350 2418 1420 2473 sard
1444 2418 1519 2481 ια’ξιν
1545 2425 1590 2474 καὶ
1614 2420 1792 2497 εὐσχημόνως
1808 2424 1880 2480 fiant

187 2507 236 2579 qui
269 2524 384 2579 peregre
414 2506 578 2570 abfuerant,
615 2505 747 2560 divinitus
778 2522 939 2562 concessum
967 2508 1020 2563 alio
1049 2515 1070 2562 1.
1089 2506 1151 2563 Cor.
1174 2513 1217 2575 14,
1235 2524 1260 2559 v.
1278 2512 1320 2561 40.

187 2599 322 2665 tempore,
353 2592 483 2647 videlieet
510 2592 555 2647 die
580 2599 618 2647 14.
644 2592 745 2645 mensis
762 2593 889 2662 secundi,
917 2609 1020 2664 agnum
1082 2599 1141 2649 tet.
1170 2593 1216 2648 Ad
1247 2594 1481 2649 circumstantiam
1512 2594 1565 2649 loci
1590 2596 1710 2666 pertinet
1735 2597 1877 2669 quaestio:
1890 2611 1924 2651 sn
1938 2612 1959 2650 tn

188 2678 348 2751 paschalem
375 2683 504 2733 mactus
546 2682 575 2733 s.
598 2679 666 2732 use
685 2681 766 2747 apuu
781 2688 910 2749 aeacus
928 2697 1021 2733 omres
1047 2681 1094 2732 An
1112 2681 1143 2734 a
1159 2680 1260 2733 mmo
1278 2681 1338 2733 ιιοι
1356 2681 1480 2749 uptus
1496 2682 1660 2751 maeres,
1677 2701 1749 2752 quas
1767 2685 1878 2739 αιιαηιι
1890 2663 1988 2754 3²:3⁶¹·

189 2764 344 2820 comitetur
361 2781 447 2818 coeno
468 2765 599 2832 Domini,
627 2766 765 2832 quomodo
789 2766 921 2818 vitabitur
941 2783 1021 2839 προς·
1047 2767 1129 2833 vulpe
1149 2766 1296 2831 dicenter,
1324 2783 1409 2820 coena
1430 2768 1581 2821 Demetriou
1600 2768 1737 2821 edebrosa'
1755 2770 1878 2838 legitime
1890 2766 1979 2805 ⁰⁰m¹⁰⁵

190 2853 354 2920 οποληψιας
377 2849 517 2918 cuspium,-
541 2848 586 2902 sin
609 2853 689 2919 apud
712 2867 805 2904 omues
828 2859 957 2919 eaproter
980 2868 1022 2905 ce·
1043 2852 1155 2922 possit!
1196 2851 1316 2915 Quidam
1337 2869 1371 2907 ex
1396 2852 1561 2908 adversariis
1584 2851 1752 2908 Calviniams
1774 2855 1827 2910 hac
1848 2819 1989 2911 miii-fiir-

191 2937 348 3003 kbrrmdo,
376 2935 500 2989 uiderint
521 2943 667 3006 pastores,
691 2939 828 3007 quomodo
848 2939 940 3007 possit
961 2941 1023 3009 ejus
1046 2944 1125 3009 parte
1151 2936 1218 2991 satis
1242 2937 1325 3009 rigidi
1350 2944 1427 3007 sunt,
1451 2944 1484 2992 ιιι
1505 2943 1643 2993 testantur
1662 2955 1772 2994 secures
1790 2948 1818 2995 et
1836 2922 1964 2997 him·

185 3022 357 3097 prosoeatm
379 3022 467 3076 uitari
488 3029 514 3075 et
532 3023 591 3093 ipsi
606 3023 692 3076 tostis
711 3022 853 3078 usmua
870 3025 1023 3093 sufficere!
1047 3040 1164 3094 pennas,
1185 3022 1286 3095 quibus
1303 3024 1331 3077 in
1350 3024 1415 3094 suis,
1435 3040 1505 3096 quas
1522 3024 1562 3079 ita
1579 3031 1687 3092 vocant,
1707 3025 1877 3083 reformatio-

189 3109 415 3182 Brspoudemus:
452 3108 544 3178 praxis
577 3107 755 3163 ecclesiarum
786 3114 942 3164 nostrarum
969 3111 1022 3166 hoc
1048 3110 1130 3165 nibus
1156 3110 1256 3165 altaria
1276 3109 1490 3182 aggrediuntur3
1514 3117 1618 3182 negant
1642 3110 1729 3180 enim,
1753 3111 1878 3185 legitime

188 3203 382 3271 agumentum
412 3194 554 3251 evidenter
581 3192 689 3250 refellit
736 3193 772 3248 In
799 3195 896 3251 crebro
928 3213 1022 3254 sacrae
1047 3197 1076 3251 in
1101 3197 1157 3251 illis
1185 3213 1293 3252 sacram
1324 3213 1437 3251 coenam
1465 3194 1599 3252 cdcbrari
1630 3201 1658 3250 st
1690 3198 1877 3255 administrari

188 3298 291 3340 coenae
314 3300 368 3337 usu
383 3299 434 3353 per
452 3297 482 3336 se
500 3298 556 3336 uon
573 3287 617 3336 est
632 3280 801 3351 profanatio,
829 3283 910 3337 modo
930 3284 1021 3339 obser-
1047 3300 1143 3356 posse,
1165 3301 1228 3338 cum
1253 3283 1422 3338 missaticum
1447 3279 1612 3338 sacrificium
1629 3281 1659 3336 in
1678 3283 1717 3338 eis
1735 3285 1801 3342 olim
1817 3287 1878 3343 fue·

188 3377 269 3427 vemt
287 3370 382 3425 divina
399 3367 550 3438 institutio;
581 3367 668 3424 multo
686 3368 776 3422 minus
797 3368 850 3423 erit
867 3368 1020 3438 profanatio
1048 3372 1084 3426 rit
1106 3370 1283 3426 celebratum.
1321 3369 1466 3424 *richau
1486 3366 1614 3423 Wolffius
1631 3369 1660 3424 in
1680 3371 1778 3442 orphe.
1802 3373 1878 3429 Deu-

188 3470 303 3525 coenae,
328 3454 442 3526 quando
466 3453 585 3526 aegroti,
605 3453 657 3509 hoc
682 3460 725 3508 est
741 3453 796 3523 illi,
821 3454 869 3524 qui
888 3455 924 3509 ad
943 3456 1021 3526 spiri·
1048 3464 1097 3512 ter.
1115 3474 1142 3527 p.
1156 3462 1197 3512 80.
1215 3457 1300 3509 etiam
1311 3456 1423 3525 tempto,
1441 3455 1471 3507 in
1484 3454 1582 3523 qsst'bsa
1593 3456 1790 3512 idololatriam
1801 3462 1877 3515 Poa-

90 3547 117 3587 1.
130 3545 175 3588 tte
191 3541 295 3597 tuslcm
326 3541 409 3611 hujus
441 3540 567 3595 coelestis
591 3539 647 3594 cibi
674 3540 792 3594 crunam
817 3540 845 3594 ri
866 3541 1021 3596 morborum
1049 3545 1129 3612 tiflcii
1145 3551 1337 3610 ereremum,
1362 3542 1504 3595 diruenda
1526 3548 1634 3611 censet,
1662 3542 1758 3598 addita
1780 3561 1877 3616 paroe-

189 3627 323 3697 oompulsi
351 3625 380 3679 in
405 3641 471 3680 vera
494 3626 664 3695 poenitentia
682 3630 711 3680 et
728 3623 784 3680 fide
801 3627 916 3682 eandem
934 3629 1022 3698 perci·
1049 3628 1117 3682 mia:
1139 3629 1174 3682 δι’
1189 3629 1264 3682 nolis
1281 3628 1413 3695 ciconias,
1431 3627 1513 3680 nidos
1529 3626 1604 3680 tolle.
1633 3627 1690 3684 Sed
1709 3629 1751 3683 illi
1768 3636 1877 3687 contra·

188 3712 276 3784 piant
319 3710 374 3766 Sed
397 3728 449 3766 nec
472 3729 542 3782 opus
562 3718 607 3766 est
626 3712 702 3782 apud
719 3728 814 3768 omnes
831 3720 959 3786 aegrotos
975 3732 1021 3770 eu·
1049 3713 1117 3767 dicit
1134 3713 1266 3769 Calvinus
1286 3714 1314 3768 in
1332 3730 1428 3768 comm.
1455 3711 1565 3767 Mosaic.
1584 3730 1611 3783 p.
1632 3718 1698 3769 286:
1723 3716 1813 3770 Nobis
1829 3718 1876 3772 io

190 3797 348 3855 eberistiam
371 3797 526 3861 celebrare,
553 3797 598 3853 vei
617 3798 692 3869 quod
710 3814 765 3852 non
784 3815 878 3854 ornnes
896 3815 957 3855 eam
975 3801 1022 3856 de·
1049 3802 1096 3855 die
1116 3801 1219 3870 religio
1247 3818 1301 3858 non
1323 3806 1361 3848 est
1387 3796 1488 3863 tempta
1513 3797 1649 3867 reticere,
1676 3817 1748 3870 quoe
1763 3803 1877 3870 polluto

189 3883 329 3951 stimant,
357 3881 443 3939 invito
465 3888 558 3938 autem
582 3883 628 3940 bic
654 3883 780 3938 salutaris
799 3885 877 3939 cibus
903 3903 958 3940 non
980 3893 1022 3942 est
1041 3888 1129 3954 suere
1155 3886 1243 3940 idolis
1269 3889 1295 3933 et
1322 3882 1531 3934 accommodato
1556 3882 1587 3935 in
1616 3884 1758 3939 meliorem
1786 3906 1875 3944 usum.

189 3970 395 4038 obtrudendus,
427 3969 473 4025 vel
499 3969 573 4042 quod
598 3970 679 4024 multi
708 3986 741 4025 ex
769 3970 823 4025 illis
846 3976 911 4027 ante
933 3972 1020 4027 morbi
1048 3972 1125 4027 Idem
1142 3989 1191 4026 nos
1208 3967 1406 4038 respondemus
1422 3967 1637 4024 adversariorum
1651 3971 1760 4043 objecto
1780 3975 1817 4029 de
1835 3975 1875 4031 al·

189 4072 384 4129 paroxysmum
409 4058 437 4111 in
462 4057 575 4128 publico
591 4057 725 4112 ecclesiae
742 4063 879 4113 conventu
896 4058 948 4112 hae
965 4076 1020 4115 me·
1047 4057 1160 4113 taribus.
1203 4052 1334 4108 Observa.
1361 4058 1383 4107 1.
1405 4051 1441 4105 ad
1460 4053 1598 4109 ministros
1616 4056 1650 4113 N.
1670 4056 1704 4112 Τ.
1722 4075 1875 4117 οοοοιιιιιιο-

191 4143 284 4201 diuina
308 4143 417 4198 animae
436 4143 480 4196 usi
499 4150 574 4207 suut,
602 4144 646 4198 vel
664 4143 739 4213 qnod
757 4143 882 4215 plerique
901 4142 1020 4214 sperarit,
1048 4141 1106 4199 dari
1123 4138 1193 4192 illud
1214 4146 1234 4193 1.
1259 4137 1320 4193 Cor.
1339 4143 1369 4205 9,
1393 4154 1417 4192 r.
1439 4141 1481 4191 13:
1502 4139 1556 4201 Qus*
1571 4142 1661 4197 altari
1677 4146 1816 4216 amicat,
1842 4164 1876 4203 aa

189 4229 227 4285 sd
246 4227 388 4299 publicam
404 4227 519 4290 ούναξιν
538 4235 601 4299 post
618 4229 774 4285 restitutam
793 4229 939 4285 sanitatem
960 4246 1020 4284 sese
1046 4226 1138 4281 altari
1160 4225 1261 4279 vicunt.
1297 4227 1324 4277 2.
1345 4224 1382 4280 su·
1398 4222 1503 4278 taetram
1521 4227 1594 4281 sitit
1612 4237 1653 4283 eat
1672 4230 1785 4287 sublata
1803 4233 1876 4290 falsa

188 4313 335 4370 redituros.
378 4313 483 4379 Quodsi
517 4331 612 4371 omnes
647 4314 724 4370 urbis
760 4315 876 4386 alicujus
914 4314 1019 4384 aegroti
1046 4313 1175 4384 opinione
1203 4317 1225 4368 1.
1251 4311 1312 4365 Cor.
1337 4315 1367 4378 8,
1392 4327 1417 4362 ι.
1442 4316 1465 4364 4.
1484 4312 1581 4384 utique
1599 4315 1683 4370 etiam
1700 4317 1789 4376 altare
1805 4321 1875 4376 nihil

188 4400 309 4456 adeundi
336 4407 440 4469 ament,
467 4407 559 4454 tamen
576 4398 621 4455 hic
644 4400 723 4454 labor
743 4399 819 4457 fideli
841 4407 869 4456 et
885 4399 1019 4455 industrio
1046 4405 1095 4456 est.
1135 4404 1160 4454 3.
1178 4397 1290 4452 Mundis
1307 4397 1399 4452 omnia
1418 4399 1520 4453 munda
1537 4400 1566 4454 in
1585 4403 1704 4457 externis
1721 4403 1776 4458 illis
1789 4407 1873 4461 rebus

189 4487 381 4558 mysteriorum
406 4486 560 4552 divinorum
586 4486 768 4557 dispensatori
789 4494 845 4542 tam
866 4503 919 4541 non
937 4485 1020 4541 debet
1045 4484 1100 4539 Tit.
1126 4491 1151 4553 1,
1173 4501 1199 4537 v.
1222 4489 1260 4538 15.
1297 4482 1413 4538 Roman
1435 4489 1477 4551 14,
1502 4503 1528 4540 v.
1549 4492 1587 4542 14.
1623 4493 1647 4542 4.
1666 4487 1791 4545 Christus
1809 4509 1873 4548 oon-

189 4572 277 4628 videri
311 4572 403 4644 gravis
430 4579 459 4627 et
486 4571 683 4640 intolerabilis,
713 4589 796 4643 quam
827 4589 880 4627 non
911 4577 1021 4627 recusat
1046 4570 1172 4642 queritur
1199 4570 1234 4624 de
1261 4566 1451 4638 profanatione
1479 4572 1573 4643 templi
1601 4579 1630 4628 et
1653 4575 1874 4633 reformationem

190 4658 353 4731 evangelica
381 4657 568 4713 consolatione
602 4658 714 4713 eosdem
739 4658 852 4729 erigere.
896 4663 920 4710 4.
939 4659 1022 4711 Nihil
1047 4657 1182 4719 instituit,
1211 4654 1320 4709 interim
1343 4671 1396 4709 nec
1418 4658 1563 4727 templum,
1586 4675 1639 4715 nee
1663 4660 1763 4717 altaria
1781 4662 1874 4727 diruit,

190 4745 368 4800 tribuendum
387 4745 585 4798 eoametadr'm'
602 4745 727 4814 ᾳιιοοιοίο
744 4743 838 4806 veteri,
858 4745 924 4813 quia
936 4745 1022 4797 ratio·
1034 4738 1037 4839 (
1048 4744 1097 4799 sed
1114 4744 1144 4797 iu
1161 4740 1265 4811 templo
1284 4740 1366 4795 docet
1384 4741 1478 4796 Matth.
1493 4751 1534 4812 21,
1553 4763 1578 4801 r.
1593 4750 1634 4801 2³.
1655 4746 1724 4802 Luc.
1739 4754 1779 4817 19,
1791 4767 1817 4805 v.
1831 4755 1871 4805 46.

190 4831 272 4885 aidus
304 4850 361 4884 saon
391 4830 524 4899 exemplis
548 4830 749 4899 judicandam.
797 4828 1073 4899 Respondemusz÷5.
1093 4827 1242 4898 Apostolus
1260 4843 1316 4881 uon
1333 4827 1418 4881 diruit
1434 4843 1485 4883 nec
1504 4831 1576 4886 dirui
1591 4832 1674 4903 jubet
1692 4849 1769 4888 aram
1788 4835 1873 4892 Athe

190 4914 269 4972 Haec
286 4918 457 4973 consuetudo
474 4934 526 4972 nec
541 4916 703 4980 rationibus,
720 4932 771 4971 nec
789 4916 920 4986 exemplis
939 4917 1021 4972 desti·
1048 4914 1191 4975 niensium,
1209 4912 1255 4967 cui
1272 4912 1449 4983 inscriptum:
1468 4916 1569 4983 lpooto
1582 4920 1645 4973 Deo
1660 4919 1723 4976 Act.
1742 4927 1780 4991 11,
1792 4939 1819 4974 v.
1833 4928 1872 4977 23.

190 5002 284 5058 tuitur.
329 5004 370 5060 Ut
393 5005 465 5059 enim
489 5004 596 5073 reliqua
619 5003 773 5057 sententiae
793 5002 1020 5057 nataefunds-
1049 5006 1072 5055 6.
1091 4998 1167 5054 Besa
1183 4999 1213 5052 in
1232 4999 1294 5055 coll.
1314 5001 1414 5071 Momp.
1432 4998 1452 5055 f.
1471 5004 1530 5056 333.
1549 5004 1608 5056 319.
1624 5008 1681 5061 350.
1695 5013 1723 5061 et
1735 5007 1874 5063 Zanchius

190 5096 283 5147 menta
300 5092 560 5163 praetermittamus,
582 5090 649 5161 quid
665 5090 701 5144 ad
720 5088 822 5145 Christi
841 5096 869 5144 et
885 5090 1021 5161 apostole
1048 5086 1077 5139 in
1103 5085 1203 5142 volum.
1224 5091 1304 5141 tract
1323 5085 1402 5142 theol
1421 5104 1449 5157 p.
1473 5090 1529 5141 144.
1547 5087 1717 5158 concedunt,
1739 5093 1874 5149 altaribus

189 5194 251 5232 rum
277 5178 431 5247 exemplum
453 5177 512 5232 ulla
530 5176 655 5232 veritatis
673 5176 766 5247 specie
783 5176 942 5247 responderi
961 5181 1032 5245 pot·
1048 5177 1181 5243 tanquam
1205 5171 1245 5227 rei
1268 5171 1432 5227 indifferenti
1456 5171 1485 5224 in
1509 5168 1749 5231 administratione
1772 5197 1875 5235 coenae

190 5263 264 5319 erit?
302 5269 328 5319 5.
348 5264 534 5318 Εοοιονίοιιῖο
557 5264 661 5318 dicitur
693 5261 812 5325 σύναεις.
858 5265 937 5332 Erpo
966 5278 1022 5314 noo
1048 5259 1137 5313 locum
1160 5259 1219 5313 dari
1237 5276 1327 5329 posse.
1366 5265 1385 5312 1.
1407 5255 1526 5321 Quidam
1545 5254 1699 5315 Celsiniani
1718 5262 1810 5318 adhuc
1826 5266 1874 5321 ho.

190 5349 248 5402 πίοι·
273 5350 303 5401 ἑο
320 5351 432 5417 publico
449 5351 583 5405 molesios
601 5358 680 5403 coetu
697 5350 866 5404 rotehonen
884 5357 931 5402 est.
968 5346 1021 5402 Re·
1049 5343 1093 5400 die
1122 5345 1151 5399 in
1177 5346 1310 5401 altaribus
1333 5358 1443 5400 coenam
1467 5339 1675 5416 administrant,
1700 5350 1766 5419 quin
1789 5357 1817 5405 et
1835 5351 1873 5406 al-

192 5434 374 5507 spondemus:
388 5451 435 5488 ex
462 5436 649 5505 appellatione
675 5435 750 5489 nuda
775 5450 829 5488 non
848 5438 940 5502 potest
958 5448 1023 5502 spo·
1048 5431 1120 5485 teria
1148 5431 1306 5504 erigunt&
1343 5429 1402 5484 Nos
1428 5425 1527 5479 altaria
1552 5432 1687 5487 removeri
1710 5451 1792 5504 posse
1818 5454 1873 5492 non

195 5519 326 5576 uiaticum
351 5526 543 5589 argumentum
567 5514 698 5589 exstrui,
718 5519 817 5574 dicitnr
841 5519 912 5574 euim
930 5533 1024 5585 coena,
1048 5532 1197 5589 negamus,
1221 5517 1304 5572 modo
1325 5528 1379 5567 non
1395 5516 1532 5581 ‘argutus
1552 5522 1585 5571 ut
1601 5517 1762 5590 simpliciter
1780 5538 1874 5578 neces
