4004 6022
742 360 792 415 DE
812 358 936 417 SACRA
954 358 1088 416 GOENL
1694 365 1752 422 251

240 513 433 582 ORATIO
465 514 728 583 AMBROSII.
928 516 1013 569 enam
1031 516 1100 583 fian
1117 515 1246 582 mainus
1263 512 1360 567 anina
1376 519 1402 566 θ*
1421 530 1540 583 corpore
1557 511 1684 583 accipere
1701 513 1756 567 itta

926 602 1056 671 indipnc5
1080 603 1131 654 sed
1152 602 1269 655 concede
1287 599 1358 651 mihi
1374 614 1460 668 caque
1482 600 1523 651 ad
1539 599 1665 651 ultimum
1682 597 1757 652 uitae

105 685 166 737 Fae
184 699 236 748 me,
257 684 379 737 Domine
396 685 474 753 Jeeu,
492 703 546 755 per
563 687 687 754 pratiam
703 696 780 742 tuam
791 703 901 756 semper
926 704 1004 741 meae
1021 687 1151 757 spiritum
1170 687 1256 756 dipne
1274 702 1382 738 mmere
1401 692 1514 754 partem
1525 692 1637 737 tuomum
1654 684 1756 738 sancti-

73 770 147 824 illud
169 771 206 823 de
228 777 306 823 tanto
325 772 453 838 mysterio
471 773 585 826 credere
602 780 629 825 et
645 774 816 842 intellipere,
840 790 900 827 sen·
921 773 1085 842 ficationum
1109 774 1139 826 in
1158 773 1282 841 Spiritus
1304 772 1397 825 sancti
1414 771 1701 839 communicationum,
1727 771 1757 824 in

72 856 122 910 tire
147 863 175 909 et
201 857 319 918 firmiter
340 857 475 921 retinere,
502 858 596 910 dicere
613 866 639 911 et
656 859 795 927 copitare,
825 861 902 927 quod
925 859 1057 912 viaticum
1078 867 1209 912 aeternae
1234 859 1307 911 vitae
1330 865 1355 910 et
1382 857 1411 910 in
1438 857 1636 926 acceptabilem
1659 859 1757 920 defen·

72 943 120 997 tibi
142 943 261 1013 placeat
286 951 312 995 et
339 945 451 997 animae
476 959 554 997 meae
580 946 719 1014 expediat.
755 948 835 1000 Doce
858 962 901 999 me
925 946 1030 998 donem
1056 962 1152 998 coram
1170 946 1313 999 tremendo
1333 951 1379 996 tuo
1393 944 1515 1013 judicio,
1533 951 1564 996 ut
1582 951 1608 996 et
1626 960 1675 1010 epo
1696 960 1758 996 aun

72 1045 175 1098 asama
199 1045 254 1098 per
273 1028 410 1097 Spiritum
431 1037 509 1083 tuum
531 1037 638 1083 tantum
661 1034 820 1100 mysterium
843 1040 900 1085 tra
927 1031 1022 1084 dena
1046 1033 1103 1084 tuis
1124 1032 1271 1100 particeps
1286 1031 1359 1096 fiam
1383 1030 1514 1083 bonorum
1538 1037 1648 1082 mmm
1667 1030 1757 1083 incar·

72 1121 145 1168 ctare
172 1130 210 1168 ea
234 1115 388 1168 reuerentia
417 1124 443 1168 et
468 1116 572 1169 honore
596 1133 682 1186 eaque
705 1119 849 1173 devotione
875 1127 900 1173 et
927 1117 1109 1186 mptibilium,
1128 1133 1199 1187 quae
1217 1116 1371 1186 apparasti
1388 1116 1514 1168 omnibsu
1533 1115 1712 1184 dilipentibus
1731 1123 1755 1168 te

71 1200 182 1264 timore,
200 1200 298 1269 quibus
316 1208 424 1270 oportet
443 1208 470 1253 et
489 1202 586 1255 decet!
926 1203 1064 1272 Domine,
1082 1204 1112 1257 in
1131 1204 1229 1274 quibies
1246 1202 1405 1256 benedictus
1417 1219 1446 1256 es
1458 1203 1488 1254 in
1500 1202 1603 1256 secula.
1626 1203 1722 1257 Amen.

239 1457 499 1525 PRECATIO
532 1458 741 1527 BASILII.
1005 1459 1267 1526 PRECATIO
1296 1458 1671 1527 CHRYSOSTOMI.

102 1628 175 1680 Jesu
201 1625 311 1679 Christe
332 1627 456 1680 Domine
482 1627 667 1696 omnipotens,
693 1630 775 1684 Deus
800 1637 901 1699 noster,
963 1630 1085 1683 Domine
1100 1632 1181 1684 Deus
1198 1647 1286 1699 meus,
1303 1630 1370 1696 scis,
1395 1632 1472 1698 qseod
1489 1647 1546 1682 non
1565 1647 1625 1683 sum
1644 1632 1756 1698 dipnus,

71 1713 135 1777 fons
157 1711 233 1765 citae
256 1720 282 1764 et
305 1713 538 1781 immortalitatis,
564 1716 694 1768 conditor
716 1717 806 1769 omnis
825 1733 901 1769 crea·
926 1723 957 1769 ut
985 1717 1072 1770 intres
1099 1717 1149 1769 sub
1171 1723 1272 1770 tectum
1294 1732 1383 1769 meum
1404 1717 1502 1770 domuc
1530 1717 1641 1770 animae
1670 1734 1757 1786 meae,
1791 1719 1794 1725 '

72 1805 150 1851 turae
173 1797 295 1851 msibilis
312 1805 338 1850 et
354 1798 520 1868 inuisibilis,
548 1801 598 1869 qui
622 1818 650 1854 es
669 1802 769 1855 Patris
793 1804 903 1855 aeterni
925 1809 1077 1870 propterea
1105 1803 1173 1871 quia
1198 1809 1257 1856 tota
1279 1800 1415 1855 derelida
1443 1810 1468 1855 et
1492 1803 1656 1856 conturbata
1675 1812 1713 1856 est
1731 1811 1758 1856 et

72 1892 201 1936 aeternae
211 1884 317 1947 bilius,
336 1885 386 1951 qui
397 1887 781 1955 proptercupiambonitatis
795 1889 827 1940 in
836 1889 902 1942 ulti·
926 1890 991 1953 fere
1006 1887 1130 1941 concidit
1149 1905 1273 1956 prorsus.
1308 1888 1369 1940 Nec
1388 1888 1471 1941 habes
1490 1890 1569 1957 capud
1586 1905 1629 1941 me
1642 1889 1757 1956 dipnrtm

71 1972 121 2024 mie
146 1971 316 2039 temporibus
340 1988 454 2025 carnem
477 1974 636 2026 assumeisti
659 1983 684 2027 et
702 1976 850 2038 cruciniano
867 1993 901 2029 ac
928 1974 1033 2037 lomim,
1059 1990 1113 2042 quo
1136 1981 1221 2042 caput
1243 1975 1377 2044 reclinee,·
1401 1976 1454 2027 sed
1475 1977 1706 2043 quemadmodum
1724 1993 1757 2028 ea

71 2058 193 2110 traditus
205 2074 261 2125 pro
279 2058 400 2124 inpratis
418 2066 444 2111 et
462 2059 558 2129 impiis
577 2060 656 2114 uobis
669 2062 698 2113 in
713 2063 834 2130 proprio
855 2072 900 2115 tuo
928 2060 986 2113 alto
1008 2068 1128 2129 propter
1154 2061 1273 2113 salutem
1297 2070 1422 2115 nostram
1440 2061 1595 2114 humilianti
1613 2069 1639 2114 te
1657 2062 1756 2131 ipsum,

70 2144 207 2210 sanquine
230 2145 398 2198 restaurasti
420 2153 583 2214 comptam
603 2165 621 2199 a
635 2156 754 2216 peccato
771 2157 901 2203 naturam
927 2147 968 2201 sic
995 2148 1102 2216 respice
1128 2146 1312 2201 humilitatem
1336 2164 1432 2203 msam.
1466 2148 1506 2201 Et
1525 2150 1757 2217 quamadmodum

71 2230 210 2283 nostram!
228 2231 289 2283 Rea
308 2238 426 2299 adone,
445 2233 657 2301 naupactum
675 2244 901 2302 mepeccatorem
925 2249 1027 2301 possess
1049 2250 1079 2286 es
1099 2233 1129 2286 in
1149 2233 1284 2302 spelunca
1309 2240 1335 2285 et
1352 2234 1489 2302 praesepi
1512 2235 1654 2286 brutorum
1675 2234 1757 2287 recli-
1769 2246 1795 2286 x
1809 2244 1852 2287 ιω.

67 2317 242 2387 poenitentia
268 2318 380 2370 ductum
406 2326 432 2370 et
455 2318 563 2372 inclina
587 2337 684 2374 aurem
707 2329 784 2374 tuam
800 2325 841 2376 ad
859 2342 901 2377 me
927 2318 1009 2386 nari;
1039 2319 1081 2371 sic
1106 2335 1162 2371 non
1192 2334 1291 2371 recusa
1317 2320 1401 2372 etiam
1427 2319 1456 2370 in
1479 2336 1617 2388 praesepe
1646 2320 1757 2374 animae

72 2412 97 2457 et
115 2404 223 2456 eaaudi
237 2419 329 2457 uocem
347 2403 486 2458 motionis
505 2421 589 2460 meae.
625 2407 725 2474 Inique
744 2409 815 2462 enim
828 2412 901 2478 soci,
927 2420 1005 2457 meae
1029 2405 1102 2458 nihil
1128 2404 1277 2474 spirituale
1303 2405 1487 2473 intellipentis
1511 2405 1584 2457 etin
1604 2423 1756 2458 commacu·

73 2489 200 2556 Domine,
215 2490 333 2557 peccaui
350 2489 381 2542 in
401 2489 507 2543 coelum
528 2498 667 2545 eteorum
685 2500 711 2546 te
729 2501 754 2547 ct
774 2512 828 2548 non
841 2514 901 2549 sum
927 2491 1017 2544 latum
1039 2507 1142 2560 corpus
1164 2490 1284 2557 lauredi.
1320 2491 1359 2543 El
1382 2491 1613 2559 qtttmadmodum
1635 2509 1691 2544 aaa
1709 2493 1756 2545 dt·

72 2579 187 2644 ditam,
219 2583 248 2628 ul
276 2575 372 2629 owlot
402 2577 546 2630 intendam
573 2579 603 2631 t'a
629 2579 719 2633 altum
745 2583 902 2650 maiestatis
928 2578 1061 2645 dipnatus
1080 2593 1108 2630 es
1125 2576 1240 2646 inprcdi
1255 2584 1280 2629 et
1300 2593 1358 2628 una
1377 2594 1439 2629 cum
1452 2576 1649 2644 peccatoribus
1666 2577 1758 2631 cibum

71 2671 152 2729 tuae,·
172 2662 213 2715 ad
230 2662 303 2716 iram
322 2662 395 2716 enim
415 2663 565 2717 bonitatem
582 2671 658 2718 tuam
676 2667 901 2722 eoncitaaiman-
928 2679 1027 2732 capere
1052 2663 1082 2716 in
1107 2664 1189 2716 domo
1216 2661 1339 2716 Simonis
1363 2662 1469 2730 leprosi
1475 2683 1483 2724 ;
1506 2663 1547 2715 sic
1573 2680 1608 2716 ns
1631 2664 1758 2730 praemis

72 2750 144 2802 data
167 2755 216 2801 tua
238 2748 350 2802 uiolane
375 2756 402 2802 et
424 2749 533 2818 lapibus
556 2752 612 2804 tuis
635 2752 725 2807 locum
743 2771 800 2808 non
816 2755 902 2808 retin-
928 2751 1058 2813 conferre
1083 2756 1110 2802 te
1137 2748 1167 2801 in
1195 2749 1307 2802 domum
1335 2748 1446 2801 animae
1473 2765 1549 2802 meae
1574 2748 1757 2820 humilitates,

72 2851 166 2903 queis.
203 2835 243 2887 At
259 2842 302 2904 tu,
326 2836 463 2899 Domine,
488 2853 550 2889 curn
566 2837 607 2891 sie
623 2839 758 2908 cumeris,
773 2841 902 2911 lonpani-
928 2837 1009 2907 lepra
1031 2844 1057 2889 et
1075 2836 1200 2906 peccatis
1226 2837 1355 2903 infectae.
1391 2838 1430 2891 Et
1451 2838 1684 2906 mumadmodum
1701 2856 1758 2893 non

72 2922 125 2974 mss
144 2927 170 2974 et
186 2921 302 2975 multcun
321 2922 496 2990 misericors,
513 2941 569 2978 non
585 2925 735 2979 tradidisti
750 2944 807 2996 me,
825 2929 902 2981 utin
927 2922 1059 2993 repulisti
1085 2922 1204 2976 similem
1229 2922 1300 2975 mihi
1326 2922 1497 2976 meretricem
1521 2930 1548 2976 et
1568 2924 1757 2991 peccatricem

68 3007 193 3077 peccatis
223 3008 290 3060 meis
313 3008 452 3077 perirem,
484 3026 573 3063 meam
601 3012 712 3064 omniuo
742 3022 902 3083 adspectans
927 3011 1102 3085 accedentem
1119 3016 1145 3062 et
1163 3016 1319 3077 taupentem
1334 3016 1377 3077 tc;
1401 3008 1442 3062 sic
1462 3010 1558 3062 eodem
1575 3010 1691 3064 intimae
1707 3010 1756 3064 mi·

73 3093 285 3148 conversionem.
330 3095 375 3148 Tu
400 3094 472 3148 enim
496 3096 597 3150 diuidi
622 3098 735 3167 benique
758 3116 812 3167 per
833 3117 901 3168 pro·
926 3096 1099 3151 sericordiae
1118 3096 1222 3165 affectu
1239 3111 1308 3165 erpa
1327 3111 1370 3148 me
1387 3102 1562 3164 peccatorem
1580 3099 1757 3150 accedentem

68 3180 183 3250 phetam
200 3187 292 3233 tuum·
310 3181 386 3234 Nolo
404 3188 519 3234 mortem
536 3184 706 3252 peccatoris,
724 3187 775 3238 ssd
792 3193 822 3238 at
839 3203 901 3240 oon
927 3191 953 3236 et
971 3190 1124 3250 taapentem
1141 3189 1166 3235 te
1187 3197 1363 3235 commouere.
1400 3183 1441 3234 Et
1457 3183 1689 3250 munumentum
1700 3201 1757 3236 non

72 3274 197 3320 vomatur
222 3274 247 3319 et
272 3265 355 3324 uiuat.
397 3268 464 3320 Non
491 3269 564 3321 enim
587 3269 641 3337 aie,
669 3271 805 3339 Domine,
833 3289 903 3340 opius
928 3268 1103 3322 abominatus
1129 3283 1159 3321 es
1185 3268 1324 3336 impurum
1351 3274 1378 3320 et
1400 3269 1594 3320 detestandum
1616 3269 1693 3321 illiue
1716 3286 1756 3337 os,

71 3372 201 3406 manuum
225 3361 338 3406 tuarum
361 3354 490 3422 interire,
518 3371 568 3409 nec
593 3357 701 3424 paudes
722 3356 837 3409 hieran
855 3356 901 3409 ho·
927 3371 981 3422 orso
1002 3353 1181 3407 osculabatur
1197 3361 1237 3423 tc;
1264 3353 1305 3405 sic
1324 3353 1386 3406 noli
1402 3353 1532 3406 comari
1550 3371 1581 3406 os
1601 3370 1689 3407 meum
1706 3354 1756 3408 im·

71 3442 188 3509 minum,
217 3442 270 3494 sed
297 3439 340 3491 uis
368 3457 461 3493 omnee
488 3441 599 3495 calvari
622 3450 650 3494 et
672 3443 712 3495 ad
733 3442 902 3512 apnitioncm
923 3441 1027 3511 purius
1052 3446 1080 3493 et
1106 3441 1217 3509 turpius
1240 3439 1320 3492 illius
1339 3439 1507 3508 peccatricis
1527 3456 1587 3509 ore,
1615 3457 1665 3494 nec
1688 3441 1755 3493 odio

70 3527 198 3581 cordatis
219 3527 369 3594 peruenire.
408 3526 548 3588 Quocirca
570 3535 598 3580 et
622 3545 686 3595 epo,
710 3529 836 3598 momnis
860 3530 900 3582 in·
928 3527 1030 3595 diana,
1048 3526 1161 3595 impura
1181 3533 1207 3579 et
1223 3542 1329 3595 spurca
1348 3542 1410 3578 mea
1428 3526 1520 3594 labia,
1538 3543 1588 3579 nec
1607 3527 1756 3581 sordidam

72 3614 175 3680 dipnus
191 3613 244 3665 sim
263 3612 339 3665 coelo
358 3619 384 3665 et
401 3620 479 3686 terra
497 3613 604 3682 etipsa
623 3622 739 3669 acterius
751 3617 817 3678 cita,
835 3618 901 3669 dum
928 3614 1062 3681 linquam.
1105 3610 1164 3665 Sed
1188 3613 1271 3665 cedat
1296 3611 1366 3665 mihi
1387 3611 1510 3665 rutilans
1532 3614 1616 3666 carbo
1638 3614 1756 3667 sanctis·

73 3715 114 3752 me
139 3706 224 3751 totum
247 3698 355 3766 subjeci
375 3705 507 3766 peccato,
540 3705 566 3750 et
591 3700 712 3753 membm
736 3717 798 3754 mea
820 3718 901 3755 serua
927 3699 992 3752 sind
1022 3699 1064 3751 tui
1092 3698 1220 3766 corporee
1249 3704 1276 3750 et
1303 3699 1458 3751 venerandi
1487 3699 1530 3751 tui
1557 3700 1702 3768 sanquinis
1726 3701 1757 3753 in

73 3784 312 3853 concupiscentiae
334 3782 455 3852 praebui
474 3791 502 3836 et
519 3791 597 3837 tuam
609 3785 786 3854 parvipendi
804 3788 901 3855 imapi-
927 3784 1192 3852 sanctificatum,
1230 3785 1261 3837 in
1293 3783 1526 3838 illuminationem
1555 3794 1581 3839 et
1609 3788 1757 3840 sanantem

72 3888 146 3938 nem,
174 3872 226 3923 sed
246 3887 316 3938 opus
341 3877 366 3922 et
383 3870 548 3938 flpmentum
569 3877 646 3924 cuum
664 3873 810 3938 formatus
832 3891 901 3943 sum,
927 3873 1039 3925 animae
1068 3888 1147 3925 meae
1174 3872 1302 3941 afflictae
1331 3880 1356 3925 et
1385 3873 1513 3942 corporis
1538 3873 1569 3925 in
1593 3872 1757 3928 levationem

72 3974 122 4023 epo
143 3957 228 4010 miser
247 3957 276 4009 in
295 3957 387 4009 salute
403 3973 465 4011 mea
480 3961 665 4026 procuranda
680 3977 736 4015 non
748 3969 901 4030 occupatus
928 3960 1021 4013 oneris
1038 3958 1187 4012 mdwmsm
1201 3965 1383 4026 peccatorum
1402 3974 1524 4010 meorum
1537 3958 1567 4010 in
1580 3960 1758 4026 praesidium
1843 4013 1847 4022 ,

72 4059 213 4110 exerceor,
242 4044 346 4096 accedo
364 4049 457 4096 autem
476 4045 566 4097 animi
582 4046 717 4108 fiduciam
734 4047 901 4101 collocatam
928 4047 1064 4099 adversita
1090 4061 1186 4099 omnes
1210 4042 1368 4097 molitiones
1396 4051 1422 4095 et
1444 4042 1567 4096 actiones
1591 4044 1757 4108 diabolicas,

71 4129 174 4182 halem
200 4129 230 4181 in
251 4128 450 4182 misericordia
467 4136 516 4183 tua
535 4129 655 4197 infinita.
691 4131 796 4200 Recipe
814 4133 901 4201 ipitur
928 4132 957 4186 in
981 4131 1153 4184 commanem
1178 4137 1203 4182 et
1228 4127 1398 4182 obstaculum
1416 4119 1527 4196 pravae
1551 4131 1758 4184 consuetudinis

70 4231 127 4277 me,
147 4215 266 4268 Domine
287 4215 492 4284 benipnissirne‚
510 4223 541 4270 ut
560 4217 744 4283 meretricem,
764 4227 796 4273 ut
812 4220 900 4273 latro·
927 4234 1016 4285 meae,
1041 4217 1070 4271 in
1094 4216 1334 4285 mortificationem
1356 4215 1608 4282 concupiscentiae,
1636 4217 1666 4269 in
1694 4234 1757 4270 con·

70 4317 142 4365 mm,
159 4308 188 4352 ut
203 4301 384 4370 publicanum
403 4309 429 4355 et
446 4309 476 4354 ut
492 4302 582 4367 tilium
597 4303 751 4375 prodipum
769 4313 796 4359 et
816 4308 901 4371 aufer
927 4303 1111 4358 servationem
1141 4302 1338 4354 mandatorum
1368 4307 1495 4367 tuorum,
1524 4302 1554 4354 in
1584 4310 1758 4371 auqmentum

72 4404 159 4456 pram
176 4405 244 4440 onus
257 4395 436 4456 peccatorum
455 4405 594 4458 meorum,
614 4388 663 4459 qui
685 4390 763 4445 tolle's
781 4400 901 4461 peccata
928 4390 1054 4443 coelestis
1080 4396 1145 4442 tuae
1170 4389 1281 4454 cratiae
1308 4394 1335 4440 et
1357 4386 1585 4442 inhabitationem
1609 4390 1691 4458 repni
1708 4389 1756 4443 tui.

71 4473 172 4526 mundi
197 4481 222 4525 et
243 4475 411 4527 medicinam
433 4475 642 4542 infirmitatibus
660 4476 800 4531 hominum
819 4478 900 4530 adhi-
928 4476 994 4529 Nan
1020 4475 1093 4528 enim
1114 4482 1145 4527 ut
1169 4480 1320 4527 contemtor
1344 4475 1447 4527 accedo
1471 4482 1512 4536 te,
1540 4472 1648 4528 Christe
1668 4478 1758 4544 Deus,

72 4561 131 4626 bes,
158 4560 208 4628 qui
227 4560 385 4614 laborantes
408 4567 435 4613 et
458 4569 589 4615 oneratae
613 4563 655 4615 ad
672 4569 697 4614 te
713 4580 797 4617 uocas
814 4570 840 4616 et
857 4580 900 4616 re·
927 4563 979 4614 sed
1000 4569 1031 4614 at
1051 4561 1190 4628 fiduciam
1212 4561 1301 4628 ficem
1326 4559 1429 4612 habens
1451 4560 1481 4612 in
1505 4560 1625 4613 bonitate
1649 4568 1697 4615 tua
1715 4562 1757 4614 in·

68 4646 142 4709 ficis,
164 4646 212 4713 qui
230 4665 284 4700 non
304 4647 404 4699 uenicti
413 4648 509 4715 justos
528 4665 629 4702 uocare
640 4650 682 4702 ad
694 4650 901 4719 poenitentiam,
928 4648 1049 4718 effabili,
1073 4664 1106 4699 ne
1130 4664 1148 4699 a
1167 4646 1412 4700 communicatione
1432 4654 1480 4699 tua
1500 4647 1581 4714 lonpe
1600 4655 1720 4701 remotus
1738 4640 1776 4700 a¹

72 4733 124 4784 sed
146 4741 323 4801 peccatores,·
350 4735 457 4786 munda
481 4749 524 4785 me
549 4735 584 4786 ab
601 4736 678 4788 omni
694 4737 901 4805 inquinamento
927 4736 994 4804 lupo
1014 4732 1199 4786 intellectuali
1216 4733 1368 4801 (tenariam
1386 4733 1632 4802 abeatiaraptus)
1649 4737 1755 4803 capiar.

73 4819 169 4872 carnis
197 4825 224 4871 ot
248 4819 366 4887 spiritus
393 4827 419 4872 et
446 4819 531 4872 madi
553 4836 612 4887 me,
637 4822 718 4874 utin
735 4824 835 4877 timore
854 4832 901 4876 tuo
930 4821 1068 4883 Quocirca
1085 4820 1217 4889 precibus
1240 4819 1290 4872 tibi
1312 4819 1398 4884 insto,
1425 4821 1657 4888 quaemadmodum
1680 4820 1757 4874 colus

71 4905 223 4958 sanctioris
244 4905 320 4958 uitae
337 4922 447 4958 cursum
467 4903 629 4972 amplectar,
655 4915 685 4960 ut
710 4909 819 4962 sincero
838 4928 901 4964 con·
928 4924 957 4961 es
972 4914 1084 4960 sendus
1102 4907 1252 4974 Dominus,
1271 4905 1312 4958 sic
1330 4906 1474 4970 sanctifica
1493 4905 1615 4957 animam
1633 4914 1758 4959 meamet

71 4991 204 5044 amentiae
225 5007 303 5042 meae
326 4990 483 5044 testimonio
503 4997 615 5059 partem
643 4996 755 5047 tuarum
781 4997 901 5063 sanctifi·
928 5012 1042 5062 coeptu,
1070 5001 1185 5045 menum
1204 4999 1229 5044 et
1247 5009 1308 5059 cor,
1334 5007 1427 5058 renea,
1446 4991 1553 5045 uiscera
1570 4999 1595 5044 et
1613 4999 1698 5044 totum
1715 5011 1757 5047 me

72 5076 209 5130 catiacum
232 5076 374 5144 accipiens
397 5076 495 5130 ἑνωθῶ
511 5077 550 5144 τῷ
568 5073 639 5146 ἁγίῳ
659 5076 768 5150 σώματί
784 5097 836 5135 σου
855 5087 902 5136 καὶ
927 5098 1030 5134 renova
1058 5087 1083 5133 et
1108 5079 1221 5142 ratifica
1249 5095 1283 5129 ac
1311 5079 1446 5145 confirma
1475 5077 1600 5129 timorem
1628 5084 1703 5130 tuum
1727 5079 1757 5132 in

73 5165 184 5234 αἵματι,
201 5164 286 5216 cmiar
303 5170 401 5216 sancto
419 5171 466 5215 tuo
486 5164 602 5232 corpori
617 5169 643 5215 et
658 5167 794 5232 sanpuini
809 5176 836 5220 et
852 5170 901 5222 ha-
926 5169 1053 5222 membris
1075 5167 1144 5219 meis
1165 5173 1191 5220 et
1214 5159 1311 5232 effice,
1335 5182 1369 5218 ne
1394 5164 1580 5228 sanctificatio
1603 5173 1652 5218 tua
1676 5183 1695 5218 a
1714 5183 1756 5219 me

73 5250 150 5301 mam
168 5258 193 5302 te
209 5251 239 5303 in
256 5267 299 5303 me
318 5249 488 5303 habitantem
512 5258 538 5303 et
555 5257 711 5303 manentem
732 5268 794 5304 cum
813 5255 901 5310 Patre
926 5255 1065 5308 animatur
1082 5260 1109 5307 et
1129 5253 1265 5306 meatur.
1297 5251 1417 5303 Praesta
1436 5249 1505 5302 mihi
1522 5250 1658 5305 auailium
1677 5259 1704 5305 et
1717 5253 1757 5305 sis

73 5344 99 5390 et
129 5334 238 5403 Spiritu
266 5344 371 5391 sancta.
422 5338 544 5391 Domine
580 5337 652 5389 Jesu
682 5333 792 5392 Christe
820 5340 901 5396 Deae
927 5343 1061 5406 defensor
1096 5339 1224 5408 diripens
1261 5354 1372 5389 cursum
1404 5337 1477 5389 uitae
1511 5351 1590 5389 meae
1616 5338 1646 5389 in
1675 5355 1756 5407 pace,

72 5439 162 5490 meus,
186 5439 240 5476 non
263 5426 346 5477 cedat
366 5423 436 5475 mihi
452 5425 482 5476 in
492 5423 638 5493 judicium
650 5424 837 5492 participatio
854 5443 900 5481 sa·
926 5429 1042 5496 dianum
1059 5441 1102 5478 me
1118 5425 1230 5489 faciens
1248 5422 1409 5477 assistentia
1425 5422 1566 5483 adeatris
1578 5440 1639 5476 eum
1650 5425 1756 5480 sanctis

73 5525 183 5562 crorum
201 5514 309 5562 tuorum
325 5508 414 5562 mam
432 5509 614 5579 larqisntium
629 5509 838 5580 memoriarum,
863 5528 900 5566 ns
926 5515 988 5570 tuis.
1021 5513 1117 5569 Anu.
