4004 6022
819 188 871 246 Di}
889 188 1083 247 docmate
1704 158 1710 172 ⁸
1730 203 1791 262 431

88 362 194 403 norum
223 362 320 402 caram
347 346 499 418 attingere,
531 362 568 402 ns
591 345 741 401 eorundem
765 347 929 402 crudelitate
944 346 1033 437 ,taus
1058 346 1154 403 Acost.
1180 345 1228 401 lib.
1253 353 1277 404 b.
1303 364 1328 404 c.
1350 352 1374 403 2.
1400 347 1449 406 lib.
1472 352 1497 403 3.
1524 365 1549 403 9.
1570 354 1594 406 t.
1616 354 1646 404 et
1663 353 1687 404 3.
1713 349 1794 420 epist.

90 430 280 488 inficerentur.
324 431 376 489 Vir
395 433 508 503 quidam
527 449 645 504 magnac
664 431 837 487 auctoritatis
856 432 931 503 apud
944 492 947 507 ¹
960 434 1043 491 lnslic.
1069 452 1097 504 p.
1118 438 1177 490 299.
1202 438 1260 490 303.
1287 438 1345 489 330.
1373 440 1432 491 331.
1459 439 1518 490 313.
1543 441 1584 491 99.
1612 440 1670 492 369.
1690 442 1719 490 99
1736 440 1795 491 stt.

90 518 179 574 lndos
201 517 350 574 moriturus
373 519 526 588 quaerebat
548 536 566 573 a
593 519 680 573 fratre
711 518 850 589 Hispano,
878 519 1020 587 999399.
1047 519 1177 575 19999999
1206 520 1242 575 de
1269 518 1389 592 prodiga
1414 520 1514 576 besuit.
1541 520 1670 579 liberalit.
1700 540 1728 591 p.
1752 526 1794 577 33.

92 607 168 658 irent
186 605 314 674 Hispani
326 613 393 674 post
412 607 547 659 mortem?
572 604 714 675 respondit
731 604 829 673 frater,
849 605 933 658 bonos
960 612 988 659 et
1005 607 1115 677 seqq.**
1150 604 1211 671 Quo
1230 606 1315 660 etiam
1332 606 1466 677 pertinet,
1491 606 1566 677 quod
1588 607 1685 678 majori
1707 607 1794 678 regio

92 693 125 744 in
149 692 237 745 coetis
257 693 395 758 victuros,
420 692 512 746 malos
529 693 559 746 in
578 692 703 755 inferno.
739 690 794 746 Sed
813 689 934 746 9191999-
960 691 1003 744 nis
1027 691 1204 762 ampliandae
1230 709 1314 763 quam
1338 692 1480 766 religionis
1502 693 1677 749 Christianae
1695 709 1794 764 propa-

91 779 173 832 sima
197 795 282 847 pars,
309 777 413 848 inquit,
441 779 550 832 uictura
572 779 635 831 est!
671 777 708 830 In
732 777 810 831 coelo
831 775 935 846 procul
961 777 1071 848 gandae
1095 778 1188 835 studio
1211 779 1289 834 ducti
1313 786 1342 834 99
1360 797 1439 835 sacra
1457 779 1518 834 auri
1535 780 1609 834 fame
1626 779 1738 851 impulsi
1756 779 1795 832 vi·

94 864 193 928 dubio,
212 863 303 934 inquit
320 862 416 928 irater,
436 864 504 932 quia
519 864 651 932 plerique
669 864 736 918 boni
751 870 824 920 sunt.
861 861 935 915 Tum
961 864 1078 933 dentur,
1117 864 1166 935 qui
1197 865 1388 936 navigationes
1418 865 1448 919 in
1478 882 1565 920 novas
1596 865 1657 919 illas
1687 864 1794 919 insulas

94 967 163 1020 syo,
186 948 292 1020 inquit,
317 949 390 1004 alibi
412 950 505 1004 sicam
528 950 558 1003 in
583 949 644 1004 loco
664 950 701 1003 ab
719 949 755 1002 iis
772 948 934 1017 disjunctis·
960 955 1159 1020 susceperunt,
1193 967 1265 1022 quae
1294 950 1470 1023 inexplebilis
1500 951 1617 1006 avaritia
1647 951 1748 1006 multos
1778 967 1796 1005 a

94 1039 177 1106 99999,
197 1053 264 1089 num
281 1036 353 1102 scio,
373 1053 436 1090 mem
453 1035 514 1092 iilis
532 1036 607 1090 mais
624 1043 715 1089 actum
733 1037 799 1099 fors
812 1042 935 1104 propter
960 1033 1117 1090 Christiana
1145 1035 1279 1108 religione
1304 1037 1409 1093 alienos
1438 1037 1575 1102 reddidit,
1605 1037 1680 1092 unde
1710 1036 1794 1091 etiam

93 1124 245 1178 saeuitiam
267 1129 294 1175 st
317 1121 519 1175 crudelitatem.
563 1120 729 1175 mmsiscus
754 1119 935 1176 devictoris
960 1128 1113 1177 memorant
1138 1121 1274 1188 historici,
1298 1124 1390 1177 Indos
1413 1124 1581 1193 quibusdam
1606 1123 1747 1193 Hispanis
1764 1123 1795 1176 in

93 1211 188 1266 relect
210 1217 240 1264 b:
276 1207 347 1262 Oum
362 1208 516 1262 audiamus
534 1209 616 1277 apud
632 1206 722 1262 Indos
737 1215 776 1261 tot
793 1207 933 1263 hommum
955 1213 1123 1274 potestatem
1153 1225 1233 1262 suum
1268 1209 1392 1263 redactis
1422 1210 1609 1278 liquefactum
1638 1228 1738 1263 aarum
1764 1210 1795 1262 in

93 1297 212 1364 caedes,
250 1302 289 1349 tat
321 1292 416 1364 spolia
446 1294 588 1347 bominum
617 1293 727 1362 alioqui
749 1293 934 1358 innoaiorum,
958 1295 1059 1357 farscss
1083 1295 1245 1362 inpassisse,
1276 1294 1382 1350 Acasta
1405 1294 1498 1351 libb.
1523 1296 1558 1350 de
1576 1311 1685 1367 procur.
1702 1295 1795 1351 Indor.

93 1383 261 1436 deturbatos
286 1387 325 1436 tot
349 1381 479 1434 dorninos
493 1380 717 1450 possessionibus
735 1388 760 1434 et
780 1380 934 1457 ditionibus
959 1380 1049 1436 saluts
1074 1398 1097 1434 9.
1124 1386 1163 1438 18.
1198 1383 1264 1435 Non
1287 1381 1349 1436 alia
1369 1398 1402 1435 es
1420 1399 1510 1436 causa
1528 1391 1697 1437 mercatores
1713 1399 1795 1450 asya-

92 1469 156 1522 suis
168 1469 309 1537 priuatos,
327 1466 457 1520 dubitari
474 1467 572 1520 merito
587 1474 694 1536 potest,
711 1466 781 1535 jure
800 1485 839 1521 an
858 1467 932 1537 inju·
959 1467 1067 1521 tiantur
1088 1468 1133 1522 uel
1153 1468 1267 1536 judices
1286 1469 1455 1538 praesident
1480 1469 1524 1524 991
1546 1470 1707 1524 sacerdotes
1731 1469 1796 1538 ple·

92 1556 144 1608 ria
159 1555 229 1608 baec
245 1554 328 1618 sacta
344 1553 408 1621 sint,
422 1552 560 1617 timeant
573 1552 651 1606 ultra
664 1562 934 1622 resmopressaest,
961 1571 1078 1623 rumque
1104 1555 1309 1624 eranpeiisant‚
1337 1572 1422 1624 paam
1447 1572 1498 1624 spe
1527 1556 1638 1624 arpenti
1667 1564 1693 1610 et
1722 1555 1797 1620 auri,

94 1658 181 1710 queam
192 1640 245 1709 jus
255 1640 360 1708 fasque
368 1638 556 1707 permittebat.
584 1637 792 1695 “wilhelmus
805 1639 934 1711 princeps
960 1648 1106 1710 arpentum
1124 1648 1150 1694 et
1168 1659 1271 1695 aurum
1288 1641 1316 1694 si
1331 1657 1361 1695 99
1373 1657 1407 1694 ea
1419 1640 1510 1694 cadis
1521 1641 1659 1710 subducit,
1675 1640 1797 1695 omnium

95 1725 234 1781 Auraicus
256 1725 286 1779 in
305 1723 436 1795 apologia
454 1723 588 1778 adversus
603 1723 766 1796 Philippum
784 1724 821 1779 11.
841 1742 933 1795 regem
960 1726 1053 1780 ciuilis
1079 1732 1105 1780 et
1125 1727 1313 1781 sacerdotalis
1332 1744 1483 1780 concursus
1499 1727 1577 1781 breui
1593 1728 1745 1797 euanescit,
1770 1736 1797 1782 et

94 1811 309 1883 Hispaniarum:
337 1808 373 1861 In
388 1809 484 1864 lndiis
505 1810 633 1880 Hispani
653 1811 721 1881 plus
742 1830 825 1881 quam
849 1812 934 1865 uicies
960 1829 1014 1880 quo
1040 1812 1148 1866 caritas
1172 1831 1228 1866 non
1250 1813 1379 1868 inuitauit
1404 1813 1578 1879 animarum,
1606 1815 1674 1868 auri
1696 1815 1796 1869 saitem

94 1907 227 1954 centenas
248 1897 393 1966 myriades
417 1896 559 1949 bominum
580 1897 774 1973 crudds'ssime
791 1905 934 1966 necarunt,
959 1898 1102 1967 cupiditas
1120 1899 1267 1968 inescavit,
1286 1905 1312 1952 ct
1330 1900 1566 1969 quemadmodum
1583 1899 1651 1954 olim
1665 1900 1795 1954 sbcredu·

94 1985 183 2054 idque
202 1992 261 2038 tam
275 1991 442 2052 portentosa
459 1983 634 2048 crudelitate,
651 1991 682 2037 ut
699 2000 792 2038 omnes
812 1984 933 2039 omnium
959 1984 1026 2037 litas
1044 1983 1166 2038 laubiis
1184 1985 1264 2039 salus
1273 1983 1338 2052 suit
1356 1985 1488 2054 peruium,
1506 1984 1548 2038 ita
1565 2002 1639 2039 nunc
1657 1984 1794 2041 Christia-

95 2080 251 2142 temporum
268 2069 451 2124 crudelitates
468 2087 503 2123 ac
523 2070 694 2139 tyrannides,
716 2072 751 2124 de
770 2071 869 2140 quibus
885 2077 934 2124 aut
960 2086 1059 2123 norum
1080 2072 1204 2126 99999199
1222 2071 1362 2126 Indorum
1381 2072 1491 2126 occatio
1508 2073 1597 2138 facta
1616 2080 1664 2127 est.
1700 2073 1795 2144 Atque

94 2155 933 2226 audebimusautieyimus,ludusjocusqussintprasdiorum
958 2155 1027 2211 haec
1046 2154 1082 2212 ds
1100 2156 1182 2211 modo
1199 2155 1400 2227 conversionis,
1425 2157 1501 2227 quod
1525 2157 1625 2213 attinet
1641 2158 1795 2214 conversio-

94 2243 417 2311 inlndosimmanitate,
431 2243 665 2312 merrsadmodum
676 2242 932 2296 editiseadersti·
959 2243 1001 2296 nis
1019 2242 1140 2298 medium
1158 2244 1217 2299 sive
1234 2242 1400 2312 docuinam,
1427 2242 1456 2296 in
1479 2259 1513 2298 ea
1537 2249 1580 2298 est
1596 2243 1716 2299 mixtura
1732 2261 1794 2314 pre·

95 2331 154 2384 bris
166 2330 345 2399 ipsorummet
354 2328 481 2397 episcopi
490 2344 525 2381 ac
534 2329 661 2382 doctores
673 2335 803 2382 1991919999
812 2329 932 2397 relique·
958 2329 1022 2383 tiosi
1047 2335 1075 2384 et
1097 2329 1159 2384 vilis
1178 2327 1328 2385 Christiani
1347 2335 1375 2385 et
1393 2328 1623 2398 Antichristiani,
1649 2329 1794 2400 apostolici

93 2424 172 2471 ruat.
197 2417 240 2468 Ac
257 2431 292 2468 nc
309 2415 388 2469 locus
401 2414 478 2468 ullus
490 2415 664 2468 armatiani
677 2415 740 2484 rsyi
751 2416 832 2484 apud
840 2416 933 2468 Deum
958 2431 992 2469 ac
1008 2415 1270 2487 pseudoapostolici.
1304 2415 1472 2481 Pretiosum,
1490 2414 1677 2470 Christianum
1688 2420 1717 2469 et
1728 2430 1794 2484 apo·

95 2504 275 2571 hominesque
292 2508 460 2570 superesset,
477 2501 575 2554 dicata
593 2509 633 2554 est
653 2500 681 2554 ei
696 2502 817 2555 historia
834 2518 853 2554 a
867 2519 931 2571 quo
958 2501 1086 2556 stolicum
1105 2509 1170 2557 sunt
1186 2501 1329 2557 doctrinae
1348 2501 1443 2571 capita
1458 2501 1567 2557 sincera
1586 2507 1615 2556 99
1634 2500 1794 2569 incorrupta

96 2592 166 2644 dam
186 2606 237 2642 suo
254 2587 407 2642 nsbdito.**
440 2586 547 2641 Acosta
564 2586 612 2641 lib.
626 2592 650 2642 3.
669 2587 704 2642 de
723 2604 831 2658 procur.
848 2587 932 2642 Indo·
959 2588 993 2643 de
1005 2587 1150 2659 Scriptura
1161 2603 1249 2657 sacra,
1268 2588 1303 2643 de
1320 2587 1452 2659 mysterio
1463 2586 1617 2656 'l'rinitatis‚
1637 2587 1672 2641 de
1683 2585 1793 2642 Christo

96 2694 160 2731 rum
178 2674 261 2730 salut
281 2690 304 2728 a
323 2679 354 2728 t:
377 2672 447 2736 Quis
464 2690 522 2727 non
537 2673 640 2737 rideat,
658 2690 742 2742 quam
753 2674 933 2743 implacabile
959 2674 1123 2740 mediatore,
1148 2673 1184 2729 de
1209 2673 1361 2745 baptismo,
1389 2674 1425 2729 ds
1447 2673 1507 2727 vitu
1525 2679 1639 2728 aeterna
1655 2679 1708 2730 ete.
1729 2673 1792 2740 vile,

96 2762 255 2817 ibristiuni
277 2759 397 2814 nmninis
420 2760 517 2813 odium
535 2761 617 2828 apud
635 2759 773 2816 barbaros
791 2760 933 2830 9991191999,
958 2759 1199 2815 antichristianum
1222 2767 1251 2815 et
1272 2758 1561 2831 pseudoapostolicum
1578 2765 1644 2815 sunt
1661 2759 1794 2831 dogmata

96 2866 182 2919 arsam
205 2862 291 2915 praue
317 2853 344 2899 et
366 2845 572 2900 immedicatae
595 2845 783 2901 scandalum!
812 2854 871 2901 tota
887 2862 933 2900 res
957 2846 1072 2918 papalia
1098 2847 1134 2902 de
1160 2845 1357 2902 traditionibus
1385 2845 1527 2912 humanis,
1558 2845 1593 2900 de
1620 2844 1795 2901 invocatione

96 2937 154 2990 ista
184 2933 276 3002 serpit
305 2933 335 2986 in
364 2932 535 2986 obstinatam
562 2934 706 3001 mundam
737 2933 875 2987 insidiam
907 2940 933 2986 et
958 2937 1131 3001 sanctorum,
1160 2933 1195 2987 de
1220 2931 1326 2986 meritis
1351 2948 1479 3003 operum,
1505 2931 1541 2987 de
1558 2931 1732 3003 purgatorio,
1759 2931 1794 2986 de

96 3023 194 3077 odium
213 3019 284 3083 fidei
300 3025 327 3072 et
346 3025 451 3072 certam
459 3019 773 3088 pernicismbominum.
805 3019 933 3074 Obsistus
957 3020 1080 3091 primatu
1098 3035 1189 3091 papae
1209 3025 1262 3073 etc.
1298 3017 1455 3089 Utrumque
1472 3017 1571 3073 horum
1589 3034 1670 3072 suum
1689 3016 1796 3072 obtinet
1882 3034 1886 3041 ·

96 3108 176 3176 qrsod
191 3122 249 3159 non
266 3104 355 3173 siebat,
374 3104 608 3173 tribadumsoluit,
624 3121 658 3158 ne
673 3105 863 3171 scandaliset5
881 3122 933 3159 nos
958 3104 1102 3175 effectum,
1126 3104 1193 3175 quia
1218 3120 1269 3174 per
1293 3103 1446 3173 pretiosum
1470 3102 1540 3157 illud
1560 3108 1589 3158 et
1607 3101 1794 3158 Christianum

95 3193 177 3247 ardis
194 3192 277 3245 modo
295 3191 405 3244 debitm
422 3198 531 3254 terras,
556 3191 584 3244 si
605 3190 772 3260 spoliemus,
798 3206 933 3259 essemus,
959 3191 1059 3248 efficax
1081 3195 1124 3247 est
1147 3189 1268 3260 Spiritus
1292 3206 1313 3242 s.
1339 3188 1376 3242 ad
1400 3187 1556 3260 aliquorum
1578 3187 1794 3258 conversionem,

47 3281 275 3349 mmaedemur,
292 3277 436 3331 9991199999
454 3277 560 3345 iustism
577 3276 732 3331 timebimus
746 3277 933 3332 scandalum!
960 3294 1031 3349 quae
1066 3294 1123 3332 non
1157 3281 1200 3330 est
1228 3264 1414 3329 adscribenda
1441 3273 1490 3328 vili
1518 3280 1548 3329 et
1573 3272 1794 3328 Antichristieno

95 3383 144 3421 res
167 3365 234 3434 ipsa
259 3364 331 3418 satis
357 3363 462 3417 clamat
480 3379 536 3432 per
559 3379 602 3432 se,
626 3363 737 3417 omnino
754 3379 849 3417 cerum
866 3379 932 3432 esse,
959 3364 1049 3420 sidem
1068 3361 1229 3430 commixt03
1256 3377 1305 3430 per
1322 3359 1377 3415 vile
1393 3364 1423 3414 et
1439 3357 1689 3414 Antichristianum
1707 3358 1793 3428 impe·

95 3454 175 3522 quod
201 3449 299 3505 scribit
326 3448 499 3518 Grsyoriw
532 3449 587 3512 Qui
612 3451 703 3519 fidem
733 3449 932 3519 asperitatibus
959 3450 1035 3505 ditur
1060 3447 1203 3504 conversio
1232 3454 1260 3503 et
1287 3446 1377 3516 salus,
1405 3445 1535 3501 nimirum
1560 3445 1584 3502 si
1607 3445 1741 3502 exuberet
1764 3450 1794 3499 et

90 3537 258 3610 propayari
275 3537 385 3603 uolunt,
404 3553 486 3606 suas,
503 3553 560 3590 noa
579 3537 640 3590 Dei
655 3554 758 3591 999999
775 3537 933 3606 probantur
959 3535 1126 3607 pertinacius
1144 3533 1318 3590 defendatur.
1355 3531 1595 3600 Quemadmodum
1611 3549 1668 3587 una
1684 3531 1793 3589 eadem·

95 3626 251 3681 attsnders.
286 3623 362 3690 Eius
377 3639 443 3676 uero
459 3624 491 3676 in
502 3622 593 3677 Indos
611 3623 772 3690 tyrannidis
790 3624 866 3679 solos
883 3625 932 3677 Je·
958 3640 1014 3695 que
1034 3638 1118 3678 manu
1144 3621 1206 3694 quis
1227 3637 1319 3677 serere
1336 3625 1429 3692 potest
1451 3620 1558 3676 semma
1574 3619 1688 3692 frugum
1709 3625 1738 3675 et
1755 3617 1793 3672 ai·

95 3711 188 3765 999199
204 3715 332 3765 auctores
350 3725 419 3777 9999,
437 3707 580 3763 Amoldus
598 3707 627 3761 in
648 3708 757 3764 actione
773 3726 825 3764 999
835 3716 933 3765 contra
959 3709 1120 3778 saniorum3
1159 3708 1199 3763 ita
1229 3723 1340 3779 quoque
1371 3724 1427 3762 uno
1459 3706 1612 3778 eodemque
1641 3703 1793 3759 ministerio

94 3797 220 3854 «19999999
243 3795 358 3850 Parisiis
383 3794 485 3852 docuit.
520 3795 562 3849 At
585 3812 652 3849 num
673 3794 726 3850 hoc
746 3795 932 3852 conversionis
959 3796 1086 3853 doctrina
1103 3792 1261 3849 Christiana
1278 3799 1307 3849 et
1323 3794 1498 3865 corruptelae
1515 3791 1749 3848 Antichristianae
1764 3791 1792 3842 in

94 3884 179 3939 modo
204 3883 250 3937 usi
276 3889 342 3937 sunt
366 3881 499 3953 apostoli,
528 3898 591 3936 cum
616 3881 792 3953 evangelium
818 3881 848 3936 in
873 3889 932 3938 toto
958 3898 1030 3937 noro
1054 3881 1103 3937 illo
1131 3880 1200 3936 orbe
1221 3879 1334 3936 9999999
1354 3880 1567 3951 proseminatae.
1608 3877 1792 3943 Quemadmo-

95 3972 164 4026 orbe
182 3969 390 4041 praedicarent?
419 3985 485 4023 num
510 3967 667 4039 primitivae
688 3967 821 4025 ecclesiae
837 3975 931 4040 patres
958 3969 1024 4024 dum
1048 3967 1133 4040 igitur
1156 3966 1262 4023 semina
1283 3966 1397 4037 frugum
1417 3971 1544 4021 crescunt
1563 3970 1592 4020 et
1608 3962 1731 4018 fructum
1751 3979 1793 4016 sa·

95 4075 160 4112 eum
182 4053 394 4127 approbanmt?
420 4053 490 4109 nihil
509 4053 608 4111 minus.
643 4054 831 4110 *reonvsnio
849 4054 929 4111 Indo·
956 4055 1074 4111 luterem
1094 4053 1247 4127 proferrmt,
1265 4070 1321 4108 non
1338 4052 1466 4107 obstante
1479 4050 1646 4105 zinaniorum
1658 4048 1792 4117 mixtura3

94 4161 157 4198 rum
174 4159 193 4196 a
204 4140 319 4198 besuitis
336 4139 412 4196 facta
434 4146 456 4196 l.
471 4157 527 4194 nou
544 4146 586 4194 est
597 4144 655 4195 tam
668 4140 781 4211 copiosa
793 4158 826 4195 ac
839 4140 930 4195 multi·
955 4141 996 4196 its
1015 4141 1044 4195 in
1063 4140 1236 4212 quorundam
1254 4136 1385 4193 cordibus
1402 4154 1453 4208 per
1466 4136 1544 4191 illam
1554 4133 1792 4206 praedicationem

93 4230 173 4300 plcx,
199 4233 230 4283 ut
249 4226 417 4299 gloriantur,
444 4226 494 4281 sed
512 4227 666 4280 admodum
686 4227 814 4295 modica,
838 4227 929 4296 inops,
957 4227 1034 4283 verbi
1054 4225 1173 4297 Spiritus
1192 4243 1214 4281 9.
1236 4223 1274 4277 ad
1291 4222 1498 4278 conversionem
1517 4221 1572 4276 fuit
1590 4219 1701 4288 efficax,
1725 4220 1792 4274 licet

93 4316 184 4369 tenuis
208 4314 315 4369 fatente
339 4313 443 4368 Acesta
469 4312 714 4383 deprocIndor.
736 4313 928 4370 calathus.
955 4314 1103 4382 fermento,
1122 4311 1237 4383 pulvere
1255 4316 1284 4366 et
1300 4309 1427 4364 sordibus
1445 4306 1727 4363 Antichristianarum
1745 4321 1792 4358 su·

93 4420 118 4458 c.
137 4410 162 4458 4.
199 4400 288 4455 alut
304 4400 362 4470 ipsi
378 4415 485 4468 quoque
502 4398 574 4452 Indi
586 4400 684 4468 pauci,
700 4400 750 4468 qui
767 4408 927 4455 conuertun-
954 4399 1164 4472 perstitionum,
1192 4395 1373 4451 traditionum
1403 4400 1432 4451 et
1460 4411 1583 4451 errurum
1607 4392 1691 4448 fuerit
1715 4408 1790 4447 com·

92 4500 139 4543 tur
162 4496 189 4543 et
211 4486 368 4546 Christiani
385 4487 452 4555 jam
468 4485 550 4552 sacti
569 4494 647 4554 sunt,
668 4504 772 4554 mapna
790 4504 823 4541 sc
841 4495 928 4556 parte
955 4487 1078 4542 mixtum.
1115 4482 1353 4549 Quemadmodum
1365 4497 1432 4539 sero
1452 4480 1561 4537 9999999
1577 4481 1607 4535 in
1621 4478 1788 4551 quibusdam
1834 4489 1839 4495 ’

91 4575 166 4631 nidd
193 4573 284 4628 minus
310 4580 374 4627 sunt
399 4590 483 4642 quam
508 4572 666 4627 Christiani
690 4581 716 4627 st
743 4574 784 4626 ad
807 4573 928 4642 speciem
955 4573 1029 4644 egris
1054 4575 1177 4642 segetem
1202 4575 1335 4639 enecant;
1358 4569 1399 4624 ita
1422 4584 1534 4640 quoque
1552 4565 1789 4622 Antichristianae

93 4671 203 4718 tantum
226 4668 366 4730 receptum
389 4659 562 4728 manpelium
585 4667 638 4727 cst,
669 4660 775 4715 Acosta
793 4659 860 4716 ibid.
886 4668 928 4714 nt·
955 4658 1127 4729 corruptelae
1152 4657 1181 4712 in
1203 4657 1376 4727 quorundam
1399 4654 1529 4710 cordibus
1550 4657 1672 4724 segetem
1690 4649 1789 4705 doctri·

88 4758 159 4819 pote
188 4749 269 4817 apud
293 4763 363 4816 quos
383 4754 451 4816 post
477 4763 567 4800 annos
587 4747 649 4814 iam
673 4746 866 4816 quadrayinta
893 4749 929 4801 ab
954 4763 1007 4802 nae
1023 4745 1149 4801 coelestis
1167 4749 1354 4814 corrumpunt,
1373 4741 1503 4795 nimirum
1522 4739 1546 4794 si
1560 4735 1729 4810 pertinacius
1742 4736 1789 4790 de

92 4834 235 4903 scanyeiii
257 4833 386 4902 inpressu
407 4832 453 4886 uis
479 4848 643 4901 quemquam
669 4833 804 4903 reperiri,
832 4833 930 4888 scribit
954 4832 1102 4889 tondantur
1125 4838 1153 4886 et
1177 4830 1388 4886 fundamentum
1410 4825 1477 4882 fidei
1493 4824 1592 4879 iisdem
1609 4821 1788 4878 convellatur.

92 4924 200 4977 Acesta
229 4936 254 4975 9.
284 4924 308 4975 3.
338 4919 388 4989 aui
414 4918 532 4988 symboli
564 4920 620 4972 duo
650 4920 748 4989 capita
779 4920 928 4989 intsiiipat,
955 4917 1081 4974 Christus
1108 4915 1229 4988 jubebat
1253 4914 1351 4970 audire
1376 4912 1487 4969 Scribas
1517 4917 1546 4967 et
1570 4908 1733 4965 Pharisaeos
1760 4908 1804 4960 in

92 5010 166 5078 quid
197 5005 323 5061 Chr-istum
355 5005 407 5075 sit,
440 5004 511 5075 quid
541 5005 726 5074 eucharistia,
759 5006 804 5060 uel
834 5024 929 5062 masse
954 5005 1090 5059 cathedra
1110 5002 1223 5072 Moysis
1242 5002 1386 5067 sedentes,
1410 4999 1439 5054 id
1459 5004 1502 5054 est
1520 4997 1672 5055 doctrinam
1689 4993 1789 5048 Mosai-

92 5101 244 5166 aynoscat,
264 5093 390 5162 pecudes
407 5091 507 5162 potius
525 5092 666 5146 habendos
688 5109 772 5160 quam
796 5091 927 5153 homines.
954 5108 1016 5147 cam
1039 5093 1224 5161 proponentes
1242 5094 1270 5142 et
1291 5086 1397 5157 scripta
1414 5084 1520 5156 Moysis
1538 5100 1572 5139 aa
1591 5080 1789 5154 prophetarum

92 5189 119 5239 3.
146 5179 247 5234 Modus
273 5179 450 5234 convertendi
482 5177 567 5232 Indos
594 5195 612 5232 9
636 5177 752 5233 besuitis
779 5185 929 5249 usurpatus
955 5177 1144 5250 praelegentes
1170 5172 1269 5228 Matth.
1294 5177 1343 5237 23,
1369 5188 1395 5227 v.
1421 5179 1444 5229 3.
1467 5170 1572 5227 ibidem
1590 5174 1684 5224 tamen
1703 5172 1789 5224 915,

91 5275 139 5325 est
162 5267 246 5337 plane
269 5265 397 5335 frivolus,
426 5269 635 5336 praeposterus,
660 5263 785 5334 inaptus,
812 5265 929 5337 alienus,
954 5266 1010 5321 illis
1032 5262 1142 5329 tribuit,
1167 5261 1242 5333 quod
1264 5260 1436 5314 circumeant
1457 5273 1536 5311 mare
1560 5264 1587 5312 et
1606 5254 1733 5321 aridam,
1760 5262 1793 5309 ut

92 5353 264 5418 umbratilis,
303 5351 439 5422 ludimus,
471 5351 577 5417 tenuis,
607 5350 796 5416 truculentus,
827 5353 928 5408 violen·
948 5352 1064 5421 saciant
1077 5349 1252 5421 proselytum
1269 5363 1370 5411 unum,
1389 5353 1416 5399 et
1436 5361 1498 5397 cum
1509 5343 1613 5410 faetus
1621 5343 1728 5412 199991,
1737 5342 1792 5409 fa·

89 5449 157 5508 tus,
192 5438 338 5519 ridiculus,
375 5439 490 5508 paschis
525 5455 558 5494 ac
596 5436 715 5507 denique
751 5438 927 5496 simoniacus.
955 5441 1032 5497 ciant
1050 5455 1111 5493 eum
1124 5437 1219 5508 fitium
1235 5433 1376 5504 pebennae
1393 5429 1481 5500 dupio
1494 5431 1624 5501 pejorem
1637 5428 1891 5498 pandarum
