4004 6022
150 126 217 187 ,333
718 74 1279 177 3333331333333333333333

155 269 370 343 ἐπισυναγωγὴν
395 270 518 338 ἑαυτῶν,
554 284 628 340 quac
658 269 770 327 3113133
802 270 922 329 1313313
952 270 1130 344 3311331331
1145 271 1284 328 1113313333
1299 270 1406 342 prebat,
1423 286 1477 325 vor
1494 270 1565 359 W
1584 264 1841 327 33ωωί1133131-

155 358 256 416 1131113
281 362 328 427 23,
349 374 376 414 v.
397 362 446 412 313
474 355 586 420 Quoties
613 357 692 411 calcei
716 374 901 428 congregare,
930 358 987 411 tnr-
1011 356 1064 414 bue
1088 364 1195 414 tantum
1218 358 1256 413 ad
1273 356 1433 413 concionem
1449 354 1616 428 aggregetis.
1651 352 1839 410 Bellcrminue

156 450 340 517 συναγαγεῖν,
374 443 450 507 11133
485 451 555 502 taes.
601 441 721 507 Quidam
750 444 834 500 ctiam
864 444 919 499 huc
945 460 986 499 re-
1012 460 1062 514 pro
1080 461 1131 498 sua
1148 444 1287 499 sententia
1304 443 1408 516 allegat
1423 442 1612 514 Augurinum
1628 440 1657 494 in
1675 439 1778 496 Peelm
1799 445 1841 497 01.

155 531 250 589 ierunt
280 532 370 587 locum
397 536 420 585 2.
442 528 537 584 Thess.
564 535 594 599 2,
622 546 648 583 3.
674 538 697 587 1.
722 530 772 587 ubi
794 548 847 587 vex
875 531 985 584 lucces-
1013 530 1062 584 scd
1079 530 1152 585 idem
1169 529 1363 602 ἐπανόρθωσιν
1379 528 1520 601 quandam
1537 528 1566 582 in
1582 526 1841 583 cnarr.Pcalm.'1'l.

156 619 269 689 αγυγῆς
303 619 338 674 13
376 616 524 671 universali
561 616 670 687 piorum
709 617 924 690 congregatione
958 617 987 671 in
1013 614 1099 670 addit.
1137 616 1301 684 Quanqscam
1320 615 1430 686 (inquit)
1449 616 1561 669 dicatur
1567 614 1687 683 proprie
1698 629 1843 682 synagoga

157 704 203 760 113
221 703 322 776 judicii
346 702 490 774 accipitur.
527 701 658 758 13333333
681 703 729 758 lib.
748 708 772 758 3.
793 703 856 760 adv.
880 703 986 760 1133333.
1013 703 1202 768 ludaeorum,
1220 703 1337 756 ecclesie
1353 719 1418 757 cero
1440 701 1672 769 cesenates-em,
1691 699 1760 769 quia
1779 715 1842 752 con·

157 806 182 845 c.
202 796 227 847 6.
250 808 276 862 p.
299 796 361 845 175:
398 790 442 843 Hi
458 789 509 858 qui
524 789 703 858 mmmmm
721 797 901 860 acceperant,
924 797 987 843 ment
1013 788 1139 856 preputio
1155 790 1246 856 magle
1261 806 1403 858 pecorum,
1422 788 1581 843 convocatio
1600 787 1690 856 mapic
1701 784 1843 839 laminam

157 876 290 946 sackela,
312 876 381 930 lcaec
399 875 473 929 enim
491 883 530 929 331
546 892 690 944 synagoga
708 876 779 945 Dei,
798 894 882 946 qaam
899 877 986 943 Decea,
1013 875 1135 942 intelligi
1161 875 1248 943 solet;
1279 883 1371 929 tamen
1396 882 1424 929 ct
1449 874 1531 929 illam
1558 873 1663 927 dictam
1688 871 1844 925 invenimus

156 962 184 1021 le.
198 979 223 1017 e.
234 962 323 1033 filine,
342 964 404 1032 ipce
417 978 471 1032 per
487 962 663 1030 cenwnpcnm
681 961 801 1031 collegit.
837 966 860 1016 2.
879 960 986 1033 Populo
1014 961 1159 1015 eccleciam
1185 970 1211 1015 et
1232 962 1312 1016 nobie
1327 964 1458 1030 sartacce
1473 960 1570 1031 petiae
1587 958 1714 1013 convenit
1731 958 1843 1013 dicere:

157 1047 193 1106 V.
211 1047 245 1103 T.
267 1052 296 1103 31
319 1048 462 1115 ἐκκλησίας
487 1053 517 1102 31
541 1048 704 1119 συναγωγῆς
727 1064 828 1103 nomen
846 1046 987 1116 tribuitur,
1015 1045 1104 1101 Salen
1126 1065 1177 1101 nec
1193 1049 1316 1103 Domine
1333 1050 1414 1102 Dece
1431 1054 1523 1101 nectcr
1539 1053 1566 1099 et
1582 1060 1723 1114 conpr-eqo
1738 1061 1792 1098 noc
1808 1045 1844 1097 dc

157 1133 225 1206 quic.
246 1118 334 1207 53111,
359 1133 433 1204 qued
457 1132 491 1187 de
516 1133 732 1205 congregatione
753 1132 878 1189 fidelium
900 1134 935 1191 V.
955 1132 989 1188 T.
1013 1133 1138 1201 gentibue
1154 1139 1208 1190 etc.
1236 1133 1344 1190 Ibidem
1362 1133 1431 1188 dnae
1444 1130 1618 1204 Augustinus
1630 1129 1714 1200 hujus
1726 1127 1844 1184 neminie

157 1225 317 1293 usurpatur,
337 1219 420 1274 LXX
438 1220 592 1291 promiscue
611 1220 792 1275 reddiderunt
805 1235 988 1291 perceruya·
1014 1234 1111 1273 333333
1137 1218 1294 1290 proposuit:
1330 1220 1465 1274 Nostram
1488 1216 1599 1288 (inquit)
1623 1215 1748 1286 apostoli
1774 1233 1843 1268 nem·

157 1304 212 1377 γὴν
230 1304 320 1363 Exed.
337 1311 377 1370 16,
397 1323 423 1359 v.
432 1310 457 1360 3.
476 1305 566 1362 Lavit.
579 1312 603 1371 4,
623 1324 649 1360 3.
662 1305 795 1363 1311333.
811 1312 850 1376 10,
861 1324 888 1360 3.
900 1312 924 1363 i.
937 1312 988 1362 etc.
1014 1321 1098 1374 qaam
1111 1308 1240 1360 diamant
1249 1322 1428 1375 synagogam,
1437 1305 1489 1359 ced
1498 1320 1606 1374 semper
1618 1302 1773 1370 eccleciam,
1786 1302 1844 1356 eice

159 1396 188 1449 31
214 1409 265 1462 per
288 1393 435 1459 lcnlqelcr
457 1389 542 1446 Dent.
568 1397 616 1456 31,
643 1410 669 1446 3.
695 1397 736 1448 30.
764 1390 823 1448 los.
843 1397 874 1461 8,
902 1409 929 1448 3.
948 1397 989 1447 35.
1015 1392 1324 1461 coenomanensem,
1341 1391 1398 1445 eice
1415 1392 1490 1460 qaod
1506 1390 1579 1443 intes·
1595 1387 1844 1457 concrepationem,

157 1478 225 1535 dud
243 1482 291 1548 20,
310 1496 336 1534 v.
358 1483 382 1533 2.
401 1482 455 1533 etc.
481 1477 584 1534 alieubi
604 1478 687 1533 etiarn
705 1478 758 1533 1333
776 1479 849 1533 duae
867 1477 988 1549 appella·
1015 1480 1089 1532 ende
1107 1495 1259 1548 synagoga,
1275 1485 1302 1531 et
1319 1477 1549 1546 convocationem,
1567 1477 1641 1529 33313
1660 1473 1779 1529 ecclecia
1796 1490 1844 1527 no
1884 1515 1897 1531 .

157 1564 248 1621 tiones
267 1566 491 1636 conjunguntur,
509 1565 576 1619 Lev.
597 1571 628 1633 8,
647 1583 672 1618 3.
692 1563 817 1621 111313.
836 1570 884 1633 20,
903 1581 928 1618 v.
950 1570 990 1619 10.
1015 1582 1077 1618 men
1095 1564 1191 1633 13131,
1216 1564 1300 1617 dictet
1315 1563 1442 1632 aliquid,
1461 1563 1537 1632 quod
1552 1562 1660 1616 coelicet
1678 1559 1846 1629 congregari

158 1652 349 1717 ἐξανὶησίασε
370 1651 417 1719 ιὴν
435 1648 609 1722 συναγωγήν.
635 1650 717 1706 Ρ333.
730 1657 753 1715 5,
765 1669 791 1706 v.
808 1657 846 1706 11.
866 1650 989 1724 ἐνμέσῳ
1010 1667 1118 1719 pecora
1138 1650 1249 1705 3313331
1270 1651 1406 1721 proprie,
1430 1666 1547 1720 qrsoram
1569 1656 1596 1703 et
1612 1662 1710 1716 greges
1724 1645 1845 1716 prepn’e

160 1738 302 1807 ἐκκλησίας
319 1740 365 1790 nal
385 1739 555 1807 συναγωγῆς.
592 1736 669 1794 Neve
684 1738 746 1808 quis
763 1737 903 1802 obveniet,
926 1753 990 1790 nus·
1015 1737 1141 1807 dimmec,
1159 1737 1309 1791 conuocari
1325 1745 1416 1791 331333
1430 1734 1843 1804 mapicectrationentcntiam·

159 1823 235 1896 piam
251 1823 281 1878 in
300 1822 335 1880 N.
353 1822 387 1878 T.
404 1822 539 1894 populum
557 1823 593 1879 V.
610 1823 643 1880 T.
661 1824 755 1878 vocari
773 1823 924 1892 lnslqolns,
942 1822 990 1877 ob·
1015 1820 1199 1877 Bellarminus
1216 1823 1302 1894 igitur
1320 1839 1375 1877 non
1392 1821 1534 1877 debuisset
1552 1836 1635 1875 unam
1653 1836 1765 1875 censam
1777 1819 1843 1874 arri·

160 1914 284 1967 emvetur
298 1909 376 1964 locus
394 1909 761 1979 113133.1,3.38;Μ3γα33
778 1911 837 1976 fait
856 1912 886 1964 in
906 1909 989 1964 ceole
1016 1924 1082 1979 pere
1112 1908 1306 1979 praetermissa
1332 1908 1418 1964 altera
1442 1922 1508 1962 vere
1536 1906 1624 1979 magis
1650 1911 1844 1961 consentanea.

160 1988 207 2041 eia
228 1995 261 2041 is·
283 1996 445 2050 eols‘tadine.
475 1995 627 2051 Γ1333131333
652 1995 698 2051 lib.
724 2003 747 2052 1.
773 1995 807 2051 13
825 1995 942 2051 ecclesie
962 1999 991 2049 et
1017 1999 1040 2050 3.
1051 1992 1190 2064 Populum
1206 1992 1241 2050 V.
1253 1992 1287 2048 T.
1304 2000 1415 2049 1333333
1428 1992 1573 2047 etcaduca
1584 1999 1692 2047 tantum
1704 1998 1846 2064 spectasse

162 2071 221 2128 ord·
237 2072 339 2127 minist
357 2091 380 2128 0·
400 2087 424 2135 1.
441 2081 545 2152 scribit,
563 2083 709 2136 eccleciam
720 2082 917 2136 lcreels'taram
934 2099 990 2135 nen
1016 2096 1096 2135 nemo
1114 2079 1222 2146 dixerit,
1240 2078 1344 2134 nisiex
1362 2096 1394 2135 eo
1412 2095 1556 2150 porcorum
1575 2077 1712 2151 quendam
1731 2093 1845 2150 gregem

158 2159 243 2229 1111110
258 2159 416 2224 13333333
432 2169 607 2232 appellatam
625 2169 718 2233 faiccc
736 2167 889 2237 eccleciam,
907 2184 991 2236 qnam
1016 2163 1127 2221 efficere
1150 2165 1276 2221 voluerit
1312 2165 1385 2229 Quid
1409 2165 1481 2220 enim
1498 2165 1548 2220 1131
1562 2163 1741 2220 333311331313
1760 2162 1845 2234 patri·

162 2245 263 2301 Aaron
278 2247 373 2310 sectae
393 2255 433 2301 cet
449 2251 590 2304 33333133.
625 2251 680 2307 Sed
698 2252 833 2309 vocabula
851 2252 992 2308 Hebraico
1016 2251 1115 2321 archis,
1133 2268 1202 2324 qnos
1219 2251 1344 2308 Christus
1362 2253 1392 2306 in
1408 2270 1495 2320 regne
1513 2253 1652 2307 coelerum
1669 2250 1846 2305 accnle'twoc

162 2315 382 2406 5η1131311ξ,
406 2350 478 2404 quac
494 2333 578 2389 LXX
599 2352 651 2405 per
673 2336 821 2403 ἐκκλησίαν
843 2345 991 2408 verterunt,
1017 2339 1085 2394 dicit
1100 2338 1197 2394 Mattb.
1215 2344 1241 2403 8,
1259 2356 1285 2395 v.
1301 2345 1340 2396 11.
1355 2338 1599 2410 quesepistolaed
1612 2337 1791 2394 Hebraeeec.
1806 2341 1846 2403 11,

163 2416 247 2473 etim
264 2422 347 2473 antea
364 2419 399 2474 de
417 2416 570 2476 13331111133
588 2420 690 2492 popule
705 2427 838 2493 usurpata
848 2421 990 2479 inveniun-
1016 2443 1042 2479 v.
1064 2432 1103 2481 11.
1121 2425 1265 2480 coelestem
1273 2426 1401 2495 patrium
1412 2426 1574 2494 eapetieime
1585 2421 1762 2495 pronuntiat?
1786 2421 1846 2479 Nec

162 2508 210 2557 tur
231 2503 319 2558 Exed.
347 2510 394 2570 12,
418 2523 444 2559 3.
463 2510 486 2560 3.
506 2514 535 2560 31
552 2522 627 2577 seqq.
664 2512 688 2562 3.
704 2505 889 2563 Bellarrninus
908 2508 947 2564 lib
967 2517 989 2566 1.
1015 2511 1123 2578 uspiam
1150 2511 1218 2566 dicit
1247 2510 1434 2583 Augustinus,
1461 2511 1595 2581 populum
1623 2508 1657 2567 V.
1679 2509 1713 2564 T.
1736 2515 1846 2564 133333

163 2587 199 2644 13
214 2588 312 2660 pontii.
329 2589 408 2645 Rom
427 2607 450 2645 3.
470 2597 510 2648 10.
527 2590 637 2662 prebet,
654 2591 726 2646 31111
742 2594 914 2647 niominis
933 2610 991 2649 ecce
1015 2602 1126 2649 1333333
1151 2600 1179 2649 31
1201 2597 1325 2650 earnalia
1346 2604 1497 2666 spectasse,
1524 2597 1573 2652 331
1596 2594 1763 2651 3331333133
1789 2594 1846 2651 1313

162 2676 237 2729 intes·
263 2676 379 2729 Petram
409 2685 434 2730 ct
457 2685 570 2746 petram
598 2680 678 2747 apud
700 2678 878 2733 Mattlcaeam
902 2697 926 2733 c.
948 2681 991 2747 16,
1017 2679 1117 2751 probat
1139 2678 1187 2736 lib.
1216 2685 1255 2736 10.
1284 2681 1319 2736 13
1340 2680 1391 2736 313.
1411 2681 1464 2738 Dei
1483 2699 1507 2737 3.
1530 2689 1570 2738 lt.
1587 2681 1617 2737 iu
1633 2680 1735 2736 Psalm.
1754 2686 1798 2736 li.
1817 2686 1846 2737 et

162 2762 332 2832 3113313
349 2760 475 2816 01313133
495 2762 612 2831 Syriaco
628 2764 737 2818 locatae
754 2766 806 2833 cit,
823 2766 853 2818 in
871 2764 990 2832 Syriaco
1016 2766 1084 2821 alibi
1100 2766 1211 2837 passim

162 2856 257 2903 331333
286 2856 447 2903 testamento
475 2850 622 2919 313-311333
646 2850 745 2904 haberi
765 2867 858 2905 aecem
879 2853 991 2902 333332.
1052 2859 1075 2909 6.
1111 2852 1241 2917 Quemvis
1277 2869 1342 2908 vero
1379 2852 1564 2923 improbemus
1598 2852 1844 2910 Bellarminianam

164 2932 195 2991 si
213 2934 425 2991 0131313313333
442 2936 528 2992 verba
545 2935 660 3007 Syriaco
677 2936 804 3007 protulit,
826 2953 892 3007 ergo
909 2936 992 2992 etiam
1016 2939 1091 2994 illam
1109 2937 1274 2993 discriminis
1291 2938 1374 3009 hujus
1392 2939 1535 3008 rationem,
1554 2944 1767 3010 propterquam
1777 2956 1844 3012 ape·

163 3020 301 3094 integrent
319 3021 493 3086 sententiam,
516 3028 545 3076 31
563 3022 603 3078 ibi
620 3038 671 3094 pre
684 3023 799 3079 ecclesia
810 3023 929 3079 habetur
939 3040 992 3078 vox
1016 3025 1080 3080 stoli
1098 3024 1201 3096 populo
1215 3024 1249 3081 N.
1262 3024 1295 3080 T.
1308 3025 1447 3080 noluerint
1458 3042 1618 3096 synagogae
1628 3024 1844 3097 appellationem

162 3110 276 3180 Nure,
304 3125 377 3180 quae
406 3108 548 3164 deseendit
576 3127 594 3165 3
624 3109 734 3165 333133
752 3109 882 3167 Hebraeo
902 3110 991 3183 ³2³3,
1015 3111 1151 3176 tribucre,
1176 3118 1348 3166 13333333
1366 3117 1499 3182 perpetuo
1518 3111 1576 3167 fere
1593 3128 1692 3167 nemen
1709 3112 1845 3170 ecclesiae

162 3193 239 3267 quod
261 3194 445 3250 Bellmminus
470 3194 529 3267 ipse
553 3195 620 3251 dicit
635 3195 792 3268 significare
811 3212 991 3268 synagogam,
1016 3197 1045 3251 in
1066 3196 1175 3267 scriptis
1200 3196 1429 3268 evangelistarum
1451 3206 1480 3253 et
1504 3197 1689 3267 apostolerum
1705 3197 1845 3255 tribuatur

163 3296 230 3353 ergo
254 3280 379 3336 Christus
407 3298 485 3336 cuam
510 3281 655 3337 eccleciam
680 3282 789 3338 vocavit
810 3298 991 3354 synagogam.
1016 3281 1177 3339 Christianis
1195 3299 1228 3337 ex
1245 3282 1360 3338 ludaeis
1380 3289 1409 3337 31
1425 3283 1555 3355 gentibue
1571 3283 1600 3338 13
1618 3283 1652 3341 ll.
1665 3283 1699 3339 T.
1711 3284 1843 3357 collectis,

164 3374 188 3423 4.
208 3367 367 3439 Oorqjugata
384 3372 560 3439 συναγωγῆς,
580 3369 816 3438 congregationis,
832 3368 991 3424 tribuuntur
1016 3386 1116 3426 nomen
1139 3376 1231 3425 sutem
1255 3387 1415 3442 synagogae
1440 3371 1609 3426 ludaeorum
1626 3371 1843 3444 congregationi,

162 3452 268 3525 populo
289 3452 459 3524 Christiano,
482 3471 549 3526 ergo
572 3472 627 3510 non
648 3462 740 3525 potest
764 3455 821 3511 1313
845 3455 991 3511 discrimen
1016 3455 1131 3510 dubium
1147 3455 1253 3511 nullum
1273 3464 1329 3522 331,
1355 3457 1422 3528 quin
1440 3475 1474 3512 ex
1491 3457 1573 3512 certis
1592 3456 1759 3528 quibusdam
1777 3475 1842 3514 cau·

163 3539 249 3595 statui
266 3539 340 3594 inter
358 3540 521 3610 congregari
531 3546 560 3595 et
571 3540 688 3609 evocari,
703 3541 778 3611 quod
790 3541 861 3595 illud
872 3541 909 3595 sit
919 3558 991 3597 com-
1016 3541 1054 3596 313
1075 3542 1145 3596 illud
1166 3541 1250 3597 fuerit
1272 3542 1386 3598 factum.
1426 3549 1448 3598 1.
1471 3542 1627 3598 Voluerunt
1644 3544 1762 3615 apostoli
1780 3545 1843 3616 ipsc

164 3640 249 3679 mnne
274 3624 430 3679 hominibus
456 3641 520 3679 cum
545 3624 655 3694 1331113,
682 3625 736 3681 hoc
761 3643 825 3682 3333
851 3627 991 3683 hominum
1017 3629 1127 3684 nomme
1144 3636 1251 3684 casnm
1264 3628 1482 3684 Christianorum
1499 3628 1668 3701 distinguere
1686 3646 1705 3685 3
1722 3646 1843 3703 synago-

166 3710 315 3783 proprium
348 3709 514 3778 1131111313,
537 3727 564 3764 3.
583 3717 607 3766 2.
626 3711 805 3782 confflem
821 3716 890 3784 πρὸς
907 3714 992 3770 αὐτὸν
1018 3715 1061 3788 gie
1084 3720 1112 3770 et
1134 3714 1395 3788 congregationibus
1412 3713 1589 3771 ludaeorum
1623 3714 1694 3771 Cum
1709 3717 1783 3771 enim
1800 3717 1844 3771 illi

166 3792 247 3869 ὄχλος
263 3794 359 3858 πολύς.
388 3814 413 3852 c.
434 3802 479 3862 18,
494 3813 521 3854 3.
540 3801 584 3852 203
607 3798 660 3851 Ubi
676 3800 732 3852 dae
750 3800 794 3854 uel
812 3808 869 3855 trec
879 3803 992 3869 saec-int
1018 3810 1164 3874 pergerent
1188 3801 1297 3856 Christe
1325 3808 1353 3857 et
1378 3801 1463 3856 verbo
1491 3801 1626 3873 evangelii
1651 3801 1781 3857 reluctari
1809 3819 1844 3859 ac

165 3888 348 3956 συνηγμένοι,
371 3884 546 3953 congregati,
573 3884 603 3938 in
627 3887 736 3939 nominc
757 3903 825 3943 meo.
868 3887 931 3943 lob
952 3895 991 3958 11,
1018 3904 1178 3961 synagogae
1202 3905 1302 3943 nemen
1325 3886 1379 3941 sibi
1404 3886 1483 3957 quasi
1503 3887 1643 3958 proprium
1662 3888 1843 3958 vindicarent,

165 3990 191 4030 v.
214 3977 256 4030 52.
278 3971 380 4027 1131133
404 3971 531 4025 Christus
555 3973 720 4042 moritum,
748 3981 780 4027 at
804 3990 897 4027 emnec
913 3975 993 4044 filios
1017 3976 1107 4030 vicum
1132 3981 1174 4030 331
1192 3974 1307 4046 Spiritui
1328 3978 1425 4028 sancte
1448 3979 1477 4029 et
1494 3973 1625 4045 apostolis
1644 3974 1775 4030 3331331133
1794 3991 1843 4047 ep-

167 4061 311 4129 dieperses
328 4058 472 4132 συναγάγῃ
491 4063 528 4120 εἰς
546 4059 583 4116 ἓν.
616 4059 1194 4132 1313233133331333133333333
1220 4059 1435 4116 Christianorum
1457 4061 1559 4132 populo
1582 4059 1709 4116 niteas.
1744 4067 1768 4118 2.
1785 4061 1843 4119 Vc·

166 4146 305 4217 dicos'pali
321 4148 498 4218 συνηγμένοι.
533 4145 628 4201 Α3133.
649 4153 673 4217 1,
691 4164 717 4202 3.
737 4152 778 4202 31.
807 4152 993 4218 3.11,3.20.
1019 4146 1148 4202 eubulum
1173 4144 1306 4202 eccleciae
1329 4145 1462 4201 videbant
1484 4146 1601 4218 apostoli
1623 4147 1757 4203 usitatum
1782 4164 1843 4204 eece

166 4248 191 4290 3.
212 4239 252 4303 14,
271 4249 298 4286 3.
317 4237 359 4287 21.
378 4248 401 4286 3.
424 4237 463 4296 15,
480 4248 506 4287 v.
521 4237 545 4287 0.
564 4248 588 4287 o.
606 4237 647 4300 20,
665 4249 691 4286 v.
711 4239 735 4290 1.
748 4240 801 4290 etc.
830 4232 904 4299 Quid
919 4235 993 4304 quod
1019 4233 1103 4288 etiam
1126 4232 1201 4303 apud
1224 4231 1293 4286 alies
1316 4238 1412 4303 gentes
1430 4233 1464 4288 de
1482 4232 1721 4289 convocationibus
1739 4234 1842 4289 civium

165 4318 221 4391 ipsi
241 4323 336 4390 patres
357 4316 513 4372 Tridentini
533 4306 698 4373 conventum
716 4336 797 4374 suum
814 4328 914 4375 vocant
930 4339 993 4376 oen·
1018 4336 1087 4376 voce
1103 4317 1243 4390 praeconis
1261 4317 1343 4372 iactis
1359 4324 1387 4373 et
1404 4317 1439 4374 de
1456 4318 1589 4374 ordinatis
1605 4319 1794 4388 conventibus,
1812 4329 1862 4376 ut:

166 4406 355 4475 precationem
372 4420 440 4461 eccs.
459 4409 483 4460 9.
501 4409 584 4459 3110.
604 4404 700 4459 concil.
730 4404 879 4461 Nnmvsro
893 4406 993 4472 dicent,
1019 4407 1168 4462 ostendunt
1184 4403 1309 4474 33333313
1326 4404 1401 4474 apud
1418 4405 1606 4477 Aristotelem,
1629 4405 1843 4462 Demosthenem

168 4509 197 4549 ee
220 4491 357 4565 pecudum
383 4505 458 4545 more
482 4489 569 4545 131333
592 4491 794 4562 congregatos?
833 4493 994 4549 3111333331
1019 4510 1053 4549 cc
1080 4488 1280 4561 Thucydidem.
1327 4489 1481 4547 Voluerunt
1506 4491 1591 4564 igitur
1612 4493 1743 4548 usitatam
1766 4493 1843 4548 illam

166 4578 309 4651 proprium
331 4593 390 4633 3333
412 4576 554 4633 hominum
578 4593 634 4632 non
652 4583 695 4632 est
713 4576 839 4633 absolute
856 4577 994 4634 affirman-
1020 4578 1094 4650 apud
1111 4582 1208 4650 gentes
1225 4575 1438 4647 appellationem
1455 4580 1519 4650 jure
1536 4578 1708 4635 Obrisfimae
1722 4579 1844 4634 3111113113

167 4666 242 4722 dnm
265 4664 328 4721 lob
347 4669 393 4732 10,
411 4680 438 4717 3.
459 4668 488 4718 33
515 4663 621 4717 Pastor
639 4680 702 4717 eeec
719 4671 813 4732 coeat,
839 4667 917 4718 καλεῖ
932 4663 992 4720 κατ’
1020 4666 1131 4720 donare.
1166 4668 1190 4718 3.
1208 4661 1243 4716 In
1261 4659 1296 4718 V.
1313 4660 1347 4719 T.
1363 4664 1480 4720 ecclesia
1495 4664 1758 4736 mgueticludaeae
1771 4664 1843 4719 limi·

166 4748 268 4821 ὅνυμα.
302 4748 391 4820 Atqui
417 4748 525 4804 evocari
548 4748 618 4803 nibil
640 4749 716 4804 aliud
734 4755 778 4805 331
794 4765 877 4821 quam
894 4751 995 4823 333331,
1020 4749 1094 4806 tibus
1112 4748 1167 4804 fuit
1186 4748 1300 4813 inclusa,
1318 4755 1347 4805 et
1363 4757 1498 4824 quotquot
1513 4749 1676 4806 verumDei
1693 4750 1798 4806 3311333
1815 4757 1844 4806 31

167 4838 241 4894 3313
266 4836 383 4894 33313313
409 4833 538 4890 definitur
561 4843 654 4890 coctae
675 4844 837 4891 vocatorem
854 4844 882 4892 et
899 4835 995 4894 fideles
1021 4835 1093 4891 31333
1117 4834 1328 4906 consequendae
1351 4836 1449 4893 salutis
1472 4840 1601 4893 aeternae
1624 4835 1730 4893 discere
1751 4836 1843 4893 velue

168 4924 298 4980 11333133
315 4924 409 4978 cecati
425 4923 532 4986 33331,-
545 4924 605 4992 jsm
621 4938 687 4977 vero
704 4923 827 4991 vocatio,
844 4927 949 4995 κλῆσις,
967 4931 996 4981 31
1020 4927 1095 4991 runt,
1110 4921 1173 4977 illes
1191 4921 1312 4992 oportuit
1328 4922 1374 4978 icti
1392 4920 1495 4995 popule
1511 4923 1642 4979 33331333
1657 4929 1686 4979 31
1698 4923 1845 4996 conjungh

168 5010 270 5067 veteris
298 5017 328 5066 ct
355 5009 420 5065 3331
446 5008 603 5065 testamenti
631 5009 735 5081 populo
765 5011 916 5066 communic
943 4996 1070 5068 est'ced
1092 5008 1122 5062 13
1143 5007 1178 5065 N.
1202 5007 1236 5064 T.
1261 5023 1294 5062 ex
1319 5008 1447 5066 omnibus
1462 5006 1564 5076 linguis
1581 5017 1610 5065 et
1627 5009 1756 5082 gentilm
1774 5025 1846 5066 vocs

170 5101 196 5154 0.
219 5095 297 5153 Inter
322 5081 392 5170 bqp
411 5092 442 5146 et
463 5096 542 5172 Γηζ
566 5101 658 5166 petest
681 5096 793 5168 quidem
816 5095 921 5169 aliquid
940 5096 995 5152 dic·
1021 5093 1158 5166 evangelii
1175 5093 1280 5166 ubique
1296 5094 1420 5151 locorum
1436 5092 1685 5158 333331301131313
1703 5094 1844 5167 colligitur

88 5179 291 5237 macrinius
314 5182 413 5248 statui,
436 5189 468 5238 ut
482 5187 579 5252 postea
595 5181 766 5251 monebitur,
789 5183 838 5237 331
855 5198 911 5238 333
928 5181 993 5248 1313,
1020 5180 1135 5237 33313313
1156 5179 1289 5250 catalani
1311 5181 1371 5237 3133
1386 5177 1554 5235 univerculis.
1584 5180 1619 5236 In
1636 5182 1673 5238 V.
1690 5181 1725 5239 T.
1744 5188 1844 5254 gentes

169 5274 203 5322 ut
223 5266 294 5322 illud
310 5267 345 5323 cit
364 5283 507 5323 commune
526 5267 629 5323 homini
646 5284 709 5322 cum
727 5266 838 5333 bestiis,
858 5268 912 5323 boc
927 5282 993 5323 vcro
1018 5268 1056 5323 ed
1075 5269 1240 5324 consortium
1256 5266 1353 5340 populi
1368 5265 1457 5323 sancti
1472 5270 1585 5322 vocatae
1597 5268 1719 5339 oportuit
1728 5285 1844 5341 congre·

168 5352 273 5409 homini
291 5352 441 5423 proprium,
459 5354 525 5426 qnia
540 5359 573 5409 ut
591 5354 718 5424 exempla
731 5350 890 5423 Scripturas
902 5360 992 5409 ceten-
1020 5354 1082 5424 gari
1108 5355 1145 5410 ad
1166 5351 1374 5411 tabernaculum
1397 5358 1427 5409 et
1447 5349 1593 5422 templum
1625 5354 1673 5408 331
1696 5355 1726 5409 13
1749 5354 1784 5412 N.
1806 5354 1843 5409 T.
