4004 6022
216 282 278 344 lid
808 277 930 338 Locus
949 276 1153 335 Videamus
1169 278 1313 337 PRIMUS

214 433 387 488 manducari.
424 439 448 489 t.
468 431 546 498 Quae
564 448 597 486 ex
615 432 742 504 patribus
755 431 940 489 Bellarminus
957 431 1108 545 affortqtt
1122 434 1381 507 (Argumentamurs
1417 441 1440 491 1.
1468 433 1661 506 Quodcunque
1692 441 1808 508 propter
1834 454 1909 495 u-

215 525 248 575 nt
268 519 382 592 probet,
409 520 495 575 mam
521 520 551 575 in
568 520 658 575 altari
675 528 701 575 et
714 521 790 574 mais
806 519 899 575 meria
911 520 1233 590 praesensinstitutum
1266 527 1321 591 est,
1354 520 1426 577 illud
1457 522 1487 576 in
1520 521 1629 578 actione
1659 523 1795 579 combtit
1841 523 1909 585 Nn

216 610 424 678 opnosrsndcm
449 625 508 663 esse
533 626 635 679 corpus
661 609 791 675 Domini,
817 613 927 665 nocuae
943 612 1052 664 senten·
1077 624 1145 662 usus
1162 614 1205 663 est
1222 608 1346 679 operatio
1363 626 1413 664 seu
1431 608 1505 664 actio
1526 608 1603 664 circa
1619 626 1677 665 rem
1698 611 1841 666 utendam
1875 611 1909 668 M

184 738 190 753 .
216 694 273 751 tiss
286 712 342 751 uon
359 695 555 762 adversantur,
582 695 734 768 loquuntur
751 695 825 751 enim
841 694 890 751 ills
907 693 1001 749 omnia
1016 694 1052 749 de
1078 710 1165 750 coena
1189 693 1303 749 Domini
1331 698 1374 749 cst
1399 701 1513 767 propter
1541 712 1622 751 usum
1651 696 1787 753 instituta
1829 697 1909 772 urge.

215 799 269 837 usu
286 781 488 847 sacramentali,
505 782 535 837 id
552 789 595 838 est
613 783 647 838 de
665 781 715 837 illa
730 782 848 852 actione,
865 781 894 836 in
907 799 963 854 qua
970 783 1052 853 juxta
1078 779 1240 835 Assumtum
1257 779 1405 852 probatur,
1432 782 1498 852 quis
1517 786 1596 837 actus
1615 783 1843 855 sacramentales,
1865 785 1909 858 qui

175 896 177 900 ·
216 868 318 926 Christi
346 869 547 927 institutionem
583 869 664 942 panis
691 869 880 939 benedicitur,
911 868 1052 924 distrihui-
1078 873 1144 921 sunt
1170 866 1341 932 benedictio,
1374 866 1548 937 distributio,
1578 869 1771 939 manducatio,
1805 870 1909 939 bibitio,

217 963 277 1023 tur,
301 957 499 1026 manducatur,
528 956 577 1012 ubi
601 973 702 1028 corpus
722 955 823 1012 Christi
839 973 903 1012 vere
920 972 1051 1026 praesens
1078 953 1242 1018 ostendunt,
1269 954 1424 1024 objectum,
1452 954 1527 1010 circa
1544 954 1618 1027 qnod
1636 961 1798 1022 versantur,
1824 956 1855 1013 id
1872 964 1909 1015 ed

216 1043 314 1099 adesse
339 1043 499 1113 statuimus,
528 1060 561 1099 ex
588 1059 621 1098 eo
644 1048 737 1098 autem
761 1059 816 1096 non
838 1046 930 1113 potest
948 1041 1051 1109 inferri,
1077 1056 1178 1111 corpus
1203 1045 1232 1095 et
1255 1040 1420 1112 sanguinem
1438 1039 1562 1125 cause,
1579 1041 1608 1097 iu
1626 1042 1735 1098 actione
1754 1045 1909 1114 consisteq

216 1130 291 1202 quod
317 1134 395 1186 exue
419 1147 499 1186 nsum
524 1129 656 1185 urinam
679 1130 849 1198 institutum,
875 1129 986 1200 quando
1003 1145 1051 1199 pa·
1077 1125 1113 1181 ab
1140 1126 1183 1181 his
1209 1127 1284 1182 enim
1311 1127 1421 1183 actibus
1445 1128 1575 1200 copulate
1598 1129 1697 1185 sumtis
1723 1136 1756 1185 ut
1780 1146 1798 1185 a
1825 1131 1909 1189 forms

215 1216 259 1271 nis
292 1222 470 1272 consecratus
494 1233 551 1271 non
575 1215 752 1271 distribuitur
789 1233 841 1271 nec
860 1215 1051 1280 manducatur,
1077 1231 1164 1270 meuc
1181 1214 1294 1269 Domini
1314 1214 1468 1271 formaliter
1486 1215 1559 1272 actio
1580 1215 1691 1273 dicitur.
1727 1217 1809 1273 Sicut
1828 1218 1909 1291 igin

216 1304 403 1377 sitpraesens.
431 1304 544 1371 &Quae
557 1303 855 1360 contrachemnicium
866 1302 1051 1359 bellarminus
1076 1300 1189 1357 sublata
1216 1300 1306 1357 torma
1331 1301 1480 1357 formatum
1507 1319 1564 1357 non
1589 1306 1645 1370 est3
1674 1302 1715 1359 ita
1739 1305 1909 1361 cmmndhss

215 1391 305 1462 affert,
323 1407 357 1447 ex
377 1391 565 1463 superioribus
579 1390 690 1447 facilem
708 1390 813 1446 babent
831 1390 1049 1462 explicationem.
1076 1387 1186 1443 actibus
1202 1389 1448 1445 sacramentalibus
1465 1388 1621 1461 objectum,
1647 1407 1703 1462 qua
1720 1391 1792 1455 tale,
1811 1391 1909 1448 desini

120 1481 201 1526 Luta
218 1477 252 1532 ss·
284 1477 315 1532 in
346 1479 472 1534 omnebus
506 1478 620 1551 (inquit)
651 1479 807 1533 actionibus
838 1478 922 1531 minat
952 1480 1050 1531 sumita
1075 1492 1136 1531 esse
1145 1475 1294 1547 objectum.
1321 1475 1909 1548 s.sipartssforms1eseosnaeDominisas

216 1564 420 1634 (benedictione
437 1565 550 1636 scilicet,
570 1565 763 1621 distributione
782 1572 810 1621 et
825 1565 1049 1629 manducatione)
1075 1563 1104 1618 in
1114 1563 1223 1619 eodone
1231 1568 1304 1633 sunt,
1323 1581 1390 1637 ergo
1403 1570 1430 1620 et
1443 1563 1534 1634 ipsum
1542 1565 1909 1638 monumentumlogicom

216 1651 342 1706 consini
362 1652 414 1706 hoc
432 1660 644 1721 annumeratum,
663 1660 727 1707 tanc
745 1671 800 1707 aon
820 1654 873 1706 erit
888 1653 1048 1723 perfectum
1074 1650 1103 1705 in
1120 1650 1232 1723 regula:
1252 1650 1333 1716 Quod
1349 1657 1393 1707 est
1411 1653 1506 1723 partis,
1524 1667 1580 1723 qua
1592 1668 1666 1723 pars,
1685 1651 1716 1707 id
1728 1651 1813 1707 etiam
1825 1653 1909 1711 mass

216 1746 243 1792 et
264 1739 403 1808 intepram
427 1747 634 1794 sacramentnm
661 1741 719 1794 nisi
751 1747 868 1811 peracta
897 1742 1049 1795 mandaca-
1073 1737 1226 1793 secundnm
1242 1738 1319 1793 illam
1337 1742 1452 1809 partem.
1487 1738 1527 1793 at
1545 1745 1639 1810 partes
1658 1737 1789 1794 formales
1807 1756 1909 1798 conae

215 1825 298 1894 tione,
317 1833 399 1895 atquc
418 1826 459 1879 ito
475 1825 664 1892 subornarit,
682 1829 760 1896 quod
776 1826 848 1880 dicit
868 1826 1049 1894 ciampinius,
1072 1824 1237 1880 Domiuicae
1255 1824 1368 1880 suntin
1386 1823 1509 1889 actione,
1524 1823 1630 1880 fatente
1640 1825 1812 1882 Bellaumino
1823 1825 1872 1884 hh.
1884 1830 1909 1884 i.

215 1919 279 1965 ante
299 1911 542 1966 mmsdmctionem
561 1928 621 1966 esse
638 1930 741 1983 corpas
757 1913 877 1967 Domini
899 1913 929 1966 in
945 1929 1049 1967 maneo.
1074 1911 1110 1968 de
1127 1911 1275 1966 eucharist.
1293 1928 1317 1966 c.
1340 1918 1378 1968 te.
1415 1917 1438 1968 3.
1454 1911 1597 1967 Johmnss
1608 1911 1775 1968 Holtbusius
1791 1914 1909 1986 scriptu

217 1999 252 2053 ar·
270 1998 303 2054 ira
319 1998 438 2068 nopae
455 1999 586 2070 aeorum,
613 2017 678 2069 erpo
703 2000 824 2070 quinqua
847 2007 928 2054 munt
952 2017 1048 2053 caem-
1073 1997 1235 2053 Pontificius
1255 1998 1303 2056 lib.
1323 1998 1459 2055 deurode
1478 1999 1653 2055 examinandi
1672 1999 1817 2057 candidat.
1833 2001 1854 2058 i.
1867 2007 1909 2061 82.

215 2092 307 2138 monta
329 2085 515 2138 maturatius
537 2101 626 2156 eaque
650 2086 852 2141 dimrsismmo.
893 2088 1048 2141 Praeterea
1073 2101 1188 2141 coenam
1206 2085 1246 2140 ita
1265 2084 1374 2152 delinit,
1396 2092 1429 2141 ut
1446 2102 1535 2159 genus
1552 2091 1658 2142 stimat
1674 2090 1909 2147 consecration-

215 2172 259 2227 cci
279 2172 321 2226 ita
343 2180 384 2226 est
405 2171 437 2225 in
457 2172 590 2241 ainpciis,
619 2181 649 2227 os
673 2173 711 2226 eit
728 2173 891 2235 formaliter
908 2173 1047 2243 quaelibet
1073 2171 1203 2242 corporis
1229 2181 1254 2226 et
1280 2173 1428 2242 conquinae
1456 2171 1625 2239 OirsbtsLW
1668 2172 1909 2238 Quemadmodum

214 2258 333 2314 illarum
350 2259 502 2323 cationum,
527 2267 579 2313 cat
595 2267 625 2313 ut
642 2267 748 2314 mium
766 2261 900 2315 coiamtut
917 2261 1047 2332 ainpuls's.
1074 2258 1146 2313 anim
1169 2274 1202 2313 ex
1226 2275 1273 2328 eo,
1302 2259 1378 2331 quod
1403 2258 1540 2315 institutio
1560 2259 1692 2332 baptismi
1718 2261 1808 2318 utitur
1823 2262 1909 2323 veho

217 2345 277 2400 iisd
294 2345 378 2416 prius
402 2345 464 2399 dici
483 2347 591 2415 nequet,
623 2346 691 2416 qaia
716 2364 764 2401 nec
787 2349 863 2400 aetio
880 2347 1048 2416 accipienti,
1074 2344 1210 2401 actionem
1242 2345 1416 2419 significante
1444 2347 1595 2417 baptisate,
1621 2347 1734 2403 immote
1760 2348 1909 2422 colligitur,

215 2447 288 2502 qaae
310 2439 351 2487 est
369 2432 482 2502 prima,
507 2449 557 2486 neo
581 2433 655 2487 actio
678 2435 884 2500 mandamaadi,
912 2449 983 2504 qssae
1008 2441 1048 2487 est
1074 2431 1204 2502 baptismi
1227 2431 1344 2487 sormam
1361 2432 1512 2490 consistere
1527 2433 1557 2488 in
1575 2433 1684 2490 actione
1701 2451 1719 2490 a
1736 2434 1848 2492 Christo
1866 2437 1908 2493 in·

214 2520 323 2589 altimo,
342 2537 392 2574 nec
409 2520 533 2575 ustiones
545 2521 857 2593 intermediacporscnt
869 2522 1051 2600 essaforme3
1074 2518 1172 2574 stitntu
1190 2526 1218 2575 et
1237 2520 1425 2591 praescripta,
1445 2537 1479 2574 ao
1497 2520 1614 2592 proinde
1632 2520 1806 2576 armillum
1825 2538 1907 2579 ussus

215 2605 280 2660 liter
296 2606 348 2661 hoa
365 2613 580 2663 remanentem.
615 2608 701 2663 Item:
728 2609 762 2664 ss·
780 2619 985 2664 sacramentam
1003 2624 1048 2661 en
1075 2610 1103 2660 et
1119 2605 1255 2660 actionem
1273 2622 1329 2661 non
1349 2623 1408 2662 esse
1429 2610 1631 2663 sacramentum
1642 2606 1783 2678 baptismi,
1800 2608 1908 2665 edne

215 2692 366 2747 amesae
389 2701 536 2763 permanet
563 2700 684 2764 tempore
711 2695 776 2764 illo,
807 2699 884 2765 qood
910 2705 950 2750 est
975 2697 1048 2749 inter
1074 2690 1159 2746 rerba
1183 2693 1364 2748 institutionis
1388 2693 1487 2750 millies
1510 2710 1593 2766 super
1614 2710 1716 2766 aquam
1743 2697 1843 2767 quavis
1868 2696 1908 2753 in·

215 2780 267 2834 has
292 2779 415 2833 actiones
441 2779 599 2848 interjecto,
629 2789 721 2834 manet
745 2782 830 2835 etiam
854 2783 963 2836 accone
990 2798 1047 2835 ces-
1073 2778 1194 2834 tentione
1217 2780 1445 2850 pronuntientur3
1471 2779 1510 2835 ita
1535 2797 1646 2853 quoque
1668 2781 1728 2853 pari
1746 2782 1856 2840 ntione
1871 2799 1906 2841 ex

214 2873 293 2922 sorus
310 2874 337 2921 et
355 2874 397 2920 sat
414 2882 459 2921 res
474 2882 650 2938 perrnaneru.
685 2867 738 2923 iiis
764 2876 792 2924 ct
811 2868 945 2924 similibus
963 2876 1046 2941 sigu-
1073 2882 1119 2930 eo,
1143 2866 1219 2937 qnod
1244 2865 1381 2921 institutio
1404 2866 1586 2922 eucharistiae
1605 2867 1693 2923 utitur
1709 2868 1803 2924 verbis
1822 2869 1906 2927 sctis>

214 2954 261 3011 tiis
299 2951 461 3026 simplicitas
499 2953 657 3010 Christiana
694 2955 811 3028 opponit
847 2956 1046 3012 institutionem
1073 2968 1137 3007 nem
1153 2951 1390 3025 significantibus,
1408 2954 1535 3024 accipite,
1552 2957 1729 3025 manducate,
1747 2957 1838 3027 bibite,
1856 2956 1907 3015 in-

215 3039 326 3105 chnud,
343 3055 416 3112 quac
434 3040 549 3113 requirit
566 3040 804 3108 benedictionem,
823 3042 1045 3099 distributionem
1073 3045 1146 3094 mote
1171 3039 1325 3112 colligitur,
1354 3039 1540 3096 eucharistiae
1564 3041 1681 3096 formam
1703 3043 1855 3101 consistere
1875 3043 1906 3101 ia

215 3132 243 3183 ct
258 3126 514 3197 manducationem,
541 3143 575 3183 ao
596 3133 671 3183 certo
695 3129 806 3197 statuit,
828 3127 878 3184 hos
904 3136 983 3184 actus
1004 3147 1046 3186 sa-
1073 3126 1181 3182 actions
1206 3143 1223 3180 a
1251 3125 1360 3182 Christo
1385 3126 1514 3183 instituta
1536 3135 1564 3184 et
1581 3129 1767 3200 praescripta,
1791 3147 1826 3186 sc
1843 3148 1905 3204 pro

215 3214 396 3271 mamentsles
420 3214 501 3269 simul
526 3219 630 3270 sumtos
651 3220 679 3271 et
699 3219 861 3289 conjunctos
880 3218 1047 3274 constituere
1073 3212 1137 3268 inde
1163 3218 1240 3268 extra
1258 3213 1336 3268 illum
1357 3230 1439 3269 usum
1459 3213 1640 3271 eiectionem
1659 3233 1714 3270 non
1736 3204 1798 3273 essi
1815 3234 1905 3274 sacn-

214 3302 366 3375 legitimam
392 3318 488 3359 saorae
510 3319 615 3360 menae
634 3302 912 3375 administrationem,
939 3305 967 3360 in
991 3322 1048 3377 qua
1073 3304 1196 3354 mentum
1220 3298 1415 3371 eucharistiae,
1442 3300 1466 3355 si
1490 3301 1535 3357 vel
1561 3302 1679 3356 maxime
1700 3303 1787 3359 verba
1810 3319 1905 3361 conn-

216 3388 342 3445 Christus
359 3404 425 3446 vers
443 3405 575 3462 praesens
598 3406 650 3445 suo
666 3406 782 3462 corpore
798 3398 827 3447 et
844 3391 1046 3464 sanguinarios
1074 3385 1200 3452 cratoris,
1217 3391 1249 3440 nt
1266 3392 1378 3456 vocant,
1398 3403 1483 3458 snper
1499 3402 1600 3460 panem
1616 3389 1839 3459 pronuntientur.
1873 3389 1904 3448 ci

215 3475 290 3532 cibet
305 3491 339 3531 ac
357 3479 443 3547 potet,
461 3474 497 3532 de
515 3482 665 3545 momento,
684 3478 714 3532 in
732 3493 787 3549 qno
805 3479 921 3550 incipiat
937 3478 982 3533 vel
1000 3478 1046 3534 de·
1072 3472 1101 3525 in
1119 3471 1290 3529 institutione
1310 3474 1493 3532 eucharistiae
1518 3479 1601 3548 (quae
1620 3484 1684 3531 sunt
1701 3476 1788 3532 verba
1806 3477 1904 3535 Oba*

214 3563 287 3617 nnat
304 3578 405 3633 corpus
424 3560 526 3617 Christi
545 3577 606 3619 esse
623 3579 768 3635 praesens,
785 3581 841 3619 non
860 3570 904 3620 est
919 3564 1046 3628 sollicita,
1072 3558 1138 3613 uitii
1161 3566 1232 3630 part
1252 3566 1274 3616 2.
1303 3577 1390 3617 eram.
1415 3579 1475 3633 cap.
1496 3561 1532 3618 de
1550 3562 1633 3618 excel.
1655 3578 1768 3618 samam.
1790 3567 1904 3634 menas)

213 3647 263 3703 ssd
287 3653 319 3702 ut
342 3647 441 3703 modus
464 3649 638 3719 praesentias
660 3655 702 3706 est
719 3650 983 3723 inpervertigshilis,
1007 3652 1047 3707 ita
1072 3650 1181 3701 tautum
1198 3647 1266 3702 hacc
1283 3647 1368 3703 verba
1384 3655 1537 3705 exmerent:
1561 3650 1679 3721 Accepit
1692 3667 1811 3721 pansas,
1839 3670 1904 3724 pm·

214 3749 325 3806 qnoque
352 3733 529 3806 quaestiones
555 3735 618 3791 illas
645 3735 680 3793 de
707 3743 845 3792 momento
872 3737 1046 3808 praesentiae
1073 3734 1128 3786 tias
1144 3733 1201 3803 ecit
1219 3741 1245 3787 et
1264 3734 1348 3787 dicit:
1376 3735 1439 3789 Hoc
1460 3743 1501 3789 ast
1523 3753 1627 3806 corpas
1644 3753 1747 3803 meum,
1772 3741 1839 3793 tunc
1857 3738 1905 3795 slt-

214 3819 312 3876 statuit
346 3836 406 3876 ssse
438 3820 655 3892 inexplicabiles.
700 3821 825 3877 Christus
854 3831 887 3880 nt
909 3824 937 3878 in
960 3842 1046 3881 coena
1072 3818 1140 3891 quid
1159 3819 1283 3875 dicerent
1299 3820 1452 3890 Pontificii3
1471 3821 1522 3875 sed
1540 3821 1665 3878 insitntio
1682 3821 1785 3894 inquit,
1798 3826 1906 3896 frepit,

213 3922 343 3980 praesens
371 3912 414 3964 est
440 3906 602 3977 illocaliter,
632 3908 672 3963 ita
695 3925 806 3981 quoque
828 3911 1047 3983 intemporaliter
1074 3907 1216 3960 distribuit
1234 3914 1261 3959 et
1276 3909 1357 3962 dedit
1375 3908 1525 3978 dmeiprsls's
1543 3913 1572 3962 et
1586 3909 1678 3979 jussit,
1697 3914 1729 3964 nt
1737 3910 1904 3983 acciperent,

215 3996 257 4064 (ut
279 3994 321 4051 sic
341 3993 466 4068 loquar),
491 3994 545 4051 boc
572 3996 695 4052 estsine
719 4013 848 4053 mensura
868 3999 1000 4069 temporis
1016 4000 1046 4054 in
1073 3999 1104 4048 ut
1122 3993 1298 4049 comederent
1316 3999 1345 4050 et
1361 3993 1497 4050 biberent.
1527 3991 1904 4057 Hascverbacitraomnem

214 4082 267 4138 boc
297 4083 430 4154 mysterio
458 4088 595 4154 operatur.
644 4082 698 4151 Qui
724 4083 760 4139 ah
788 4083 840 4139 hac
869 4085 1046 4157 simplicitate
1072 4081 1285 4136 controversiam
1307 4080 1443 4136 audonem
1468 4079 1639 4152 significant,
1669 4087 1697 4137 et
1721 4083 1833 4154 quidem
1856 4102 1903 4142 es·

215 4167 373 4225 Christiana
407 4167 537 4233 discedit,
574 4169 728 4225 curiositati
762 4171 874 4227 rationis
909 4173 1046 4227 humanae
1072 4168 1272 4238 praesentitur
1289 4167 1373 4223 verbo
1390 4167 1520 4232 faciendi,
1539 4168 1630 4240 inquit
1641 4169 1722 4237 emm,
1742 4171 1904 4242 iterfacite,

214 4270 357 4324 nonquam
374 4253 501 4311 satisfieri
518 4271 600 4326 posse
619 4255 761 4328 intelliget
1072 4255 1147 4327 quod
1172 4254 1280 4309 scilicet
1301 4254 1329 4308 in
1348 4254 1437 4325 prime
1458 4270 1544 4309 coena
1560 4254 1666 4310 fromn
1684 4262 1734 4311 est
1769 4256 1800 4314 Si
1816 4259 1904 4332 igino

86 4347 144 4388 uun
163 4358 201 4388 su·
252 4345 308 4397 toa.
343 4339 411 4412 Gap.
431 4345 455 4396 3.
480 4341 599 4413 probare
622 4349 738 4397 conmur
761 4342 958 4413 Bellarminus,
987 4363 1045 4401 esse
1069 4343 1150 4412 juxta
1174 4340 1374 4397 institutionem
1396 4340 1577 4411 judicandum
1595 4349 1652 4410 est,
1679 4345 1732 4398 erit
1747 4360 1902 4402 nummu·

88 4399 195 4492 pucsgpns
215 4427 475 4494 dismmsiitcdinem
494 4429 567 4482 inter
585 4437 790 4485 sacamentum
810 4433 996 4487 eucharistiae
1019 4443 1045 4488 et
1071 4434 1130 4483 tum
1149 4427 1331 4484 eucharistiae
1350 4435 1427 4482 certa
1443 4430 1579 4500 quasdem
1600 4431 1671 4486 actio
1688 4434 1903 4491 etconsistetin

87 4502 202 4604 stitwin-
215 4515 360 4586 pamm„
386 4514 464 4569 ,md
489 4531 549 4570 Μ
574 4531 632 4569 „m
653 4527 872 4587 permanentem,
902 4518 954 4574 to,
981 4537 1045 4575 soro
1072 4531 1125 4569 usu
1143 4532 1199 4570 non
1218 4514 1308 4569 minus
1331 4530 1413 4585 qnam
1431 4513 1592 4587 baptismus.
1628 4517 1688 4571 lmo
1705 4519 1904 4578 consideratae

87 4608 200 4657 mo,qsos
215 4601 360 4657 amiam.
399 4605 423 4657 1.
443 4601 515 4665 Quin
538 4617 617 4655 nemo
646 4619 768 4672 meam
791 4606 900 4659 occurit
920 4608 1045 4662 ersohari
1073 4601 1127 4657 boc
1145 4602 1246 4662 lector,
1266 4600 1295 4655 in
1312 4600 1484 4658 institutione
1502 4602 1632 4675 baptismi
1664 4603 1775 4660 unicum
1793 4612 1903 4664 namn

86 4659 176 4758 2¹2,ssss
213 4687 297 4742 mian
321 4688 366 4743 rei
383 4705 484 4758 corpus
501 4689 621 4744 Domini
628 4690 817 4761 fractionem,
837 4694 880 4747 rel
901 4710 1044 4748 consecra·
1072 4692 1115 4744 est
1131 4687 1247 4743 verbum
1265 4686 1424 4760 significans
1441 4691 1580 4745 actionem
1598 4691 1745 4762 baptisato,
1764 4701 1793 4748 et
1809 4699 1903 4752 tamn

87 4770 150 4801 ³⁹⁰⁸·
214 4774 332 4844 tionem,
355 4775 398 4829 rei
416 4775 652 4842 dieaidationem,
675 4776 718 4830 oel
737 4779 979 4834 manducationem
1001 4782 1044 4835 cel
1071 4773 1178 4830 fortiter
1206 4774 1376 4830 demonstrat
1399 4780 1429 4830 et
1455 4777 1605 4846 convincit,
1632 4777 1801 4850 baptismum
1823 4787 1903 4839 arua

215 4861 303 4916 aliam
321 4862 470 4930 actionem,
495 4863 547 4916 sed
562 4879 621 4915 rem
639 4871 862 4934 permanentem,
886 4868 919 4920 id
935 4876 976 4921 est
989 4885 1044 4939 pa·
1070 4878 1150 4916 usum
1181 4860 1313 4917 divinitus
1338 4861 1495 4918 institutum
1520 4880 1576 4919 non
1602 4879 1663 4920 osas
1690 4873 1902 4926 mcrsmentum.

213 4964 276 5002 nem
301 4949 513 5019 samn'yicatam.
547 4947 677 5004 lustinus
701 4950 730 5005 in
756 4950 828 5022 apol.
856 4957 886 5008 2:
919 4953 1002 5008 croso
1024 4971 1043 5008 n
1070 4947 1104 5004 In
1123 4947 1307 5004 eucharistiae
1326 4964 1391 5006 vero
1413 4950 1586 5006 institutione
1609 4968 1664 5006 non
1682 4969 1768 5007 unum
1786 4953 1902 5028 aliquod

213 5036 292 5090 nodis
316 5043 432 5092 amatur
455 5035 634 5090 materiatio.
674 5035 806 5092 irenaeus
828 5037 877 5094 lib.
899 5047 923 5097 t.
950 5056 973 5094 c.
996 5045 1042 5097 ³4:
1070 5034 1183 5090 verbum
1203 5035 1260 5090 tale
1278 5041 1334 5105 est,
1353 5036 1402 5093 sed
1421 5037 1528 5109 aliquot
1546 5038 1642 5094 ordine
1660 5046 1809 5110 ponuntur,
1828 5056 1901 5113 quae

213 5119 303 5175 Panis
320 5129 388 5193 post
413 5120 629 5177 memineram
654 5131 695 5178 eet
722 5125 891 5180 meteretis
913 5092 1290 5181 ronrmmimamiestissims
1305 5122 1628 5195 actionemsignificaut:
1646 5126 1771 5197 Accepit,
1788 5131 1901 5198 praiioe

214 5206 323 5260 dachus
344 5209 441 5278 rebus,
469 5216 580 5264 terrena
599 5216 624 5263 et
642 5211 763 5268 coelesti.
799 5211 989 5270 Tertullianus
1007 5213 1043 5268 de
1069 5210 1138 5279 epit,
1153 5209 1262 5280 srcqit,
1280 5211 1362 5264 dedit
1380 5210 1538 5280 dompne,
1557 5211 1646 5265 diost.-
1667 5214 1795 5283 aecipite,
1813 5230 1900 5270 coms·

212 5306 311 5347 resurr.
344 5309 431 5351 carn:
468 5294 543 5350 Coro
573 5311 691 5366 corpore
724 5307 750 5353 et
778 5301 914 5368 sanpcine
938 5300 1045 5357 otmari
1069 5297 1141 5365 arro,
1168 5297 1263 5361 bibite,
1290 5297 1342 5351 noc
1359 5296 1450 5362 tacite
1468 5298 1520 5351 etc.
1556 5296 1696 5354 Breviter:
1716 5315 1899 5375 quaecunque

211 5378 341 5433 caedar.
376 5380 597 5456 Respondemus:
620 5384 761 5441 verissima
779 5401 812 5440 sc
830 5385 981 5442 carissima
1001 5391 1044 5441 est
1069 5387 1233 5457 arguments
1249 5381 1378 5454 probant,
1396 5380 1564 5453 baptismum
1582 5385 1730 5442 consistere
1742 5385 1771 5441 in
1781 5385 1901 5456 actione,

211 5463 262 5520 illa
287 5462 398 5521 collatio
421 5468 552 5541 baptismi
576 5475 604 5526 st
626 5471 825 5536 eucharistiae,
855 5478 928 5546 qn'ae
953 5476 1043 5528 omou-
1067 5482 1121 5527 nec
1138 5469 1230 5527 locum
1246 5468 1350 5526 habers
1365 5473 1568 5524 samamsntum
1583 5470 1714 5542 baptismi
1728 5477 1806 5526 extre
1819 5488 1902 5531 usu

211 5550 269 5618 dit,
297 5554 445 5626 auumque
471 5563 675 5613 mennatum
698 5557 728 5613 in
754 5556 862 5614 actions
883 5558 1043 5616 ormana.
1071 5557 1150 5614 illum
1169 5555 1303 5612 divlmtns
1320 5554 1486 5627 mcum,
1503 5570 1538 5612 sa
1557 5557 1649 5613 omnia
1667 5563 1697 5614 et
1715 5557 1901 5631 singulapro·
