4004 6022
253 305 314 362 sas
815 276 1156 355 tocusmcssrnas
1175 296 1373 354 sucannas

253 451 378 507 Levitico
403 452 555 508 sacerdotio
574 459 661 507 semet
683 459 857 523 separantem
884 454 924 508 sic
949 453 977 507 in
996 453 1030 510 N.
1050 448 1099 533 Ἧι
1114 451 1286 525 Nicephorus
1310 453 1369 510 libr.
1397 458 1419 508 2.
1443 452 1507 510 hist.
1530 452 1596 509 eccl.
1619 469 1641 505 c.
1666 459 1695 507 t:
1719 457 1822 505 Aaron
1837 451 1946 520 primus

252 539 440 608 praedictum,
462 539 662 593 Anticles-islam
686 541 716 592 ιιι
739 542 840 610 templo
866 541 926 594 Dei
944 535 1239 636 secmentmlpeatifea
1264 560 1282 595 a
1310 542 1409 607 Mopse
1436 541 1530 602 fratre
1555 547 1595 591 est
1613 545 1721 592 unctus.
1759 540 1880 592 Primus
1896 540 1945 591 ita

252 631 276 679 2.
297 625 394 679 Thess.
421 635 451 695 2,
476 644 501 678 v.
523 633 545 680 t.
565 625 696 694 apostolis
715 633 743 679 et
762 626 920 696 apostolicis
939 626 1004 678 viris
1022 640 1083 676 suc·
1110 642 1161 693 que
1189 629 1302 695 Aaron,
1335 630 1361 681 2.
1388 627 1524 694 Eleazar,
1557 628 1584 680 3.
1608 626 1745 690 I'ineltas,
1777 631 1802 677 4.
1827 624 1943 689 Elissa,

251 728 376 766 cessuros
407 731 466 767 cese
489 713 574 767 falsos
603 714 727 769 doctores
752 715 896 768 ecclesiam
920 714 1083 768 seducentes
1110 716 1135 766 o.
1155 713 1288 775 Bechche',
1309 717 1334 767 (ἰ.
1356 712 1412 775 Ozi,
1434 720 1455 767 i.
1475 713 1535 780 Eli,
1556 720 1579 766 a.
1593 712 1718 780 Aclitob,
1738 717 1763 768 9,
1778 711 1943 780 Alintelecl,

251 798 313 851 Act.
332 804 379 864 20,
405 817 430 854 v.
451 805 492 856 29.
511 799 570 854 fore
588 799 739 871 aliquando
756 808 865 870 tempus
884 801 1031 869 ejusmodi,
1051 792 1096 851 ιιιΙ
1112 803 1151 851 Ill.
1171 799 1324 861 Abiotlrar,
1357 801 1395 850 11.
1418 798 1525 861 Sados,
1548 798 1612 850 laic
1630 799 1763 851 successit
1784 798 1942 863 Aelimaas,

251 899 265 935 e
290 885 405 954 mystica
431 886 577 956 Babylone
605 887 641 940 sit
666 887 821 941 exeundum
839 888 926 956 Apoc.
947 894 992 950 18,
1016 905 1041 938 v.
1058 892 1081 940 t.
1108 885 1157 938 illi
1166 903 1278 937 rursum
1292 885 1458 938 tredecimus
1468 885 1597 937 Asamus.
1617 886 1700 940 Hauc
1712 893 1824 937 semmua
1834 884 1941 945 Joram,

250 977 274 1024 t.
291 970 421 1024 Nondum
433 973 551 1027 evictum
565 959 614 1041 est,
632 973 660 1026 in
675 973 792 1028 ecclesia
804 971 1081 1027 ItomanaaChristo
1108 970 1189 1022 illurn
1216 972 1357 1039 Jojaslas,
1386 972 1433 1024 cai
1459 973 1558 1024 ordine
1587 977 1777 1025 secesserunt
1801 971 1941 1033 Ariorum,

250 1056 405 1111 institutam
422 1074 481 1112 esse
499 1058 583 1112 talem
601 1059 741 1128 quandam
761 1059 963 1113 successionem
975 1059 1004 1113 in
1016 1057 1082 1111 sede
1109 1057 1270 1121 Pluulaeus,
1290 1059 1428 1125 Seruaeus,
1444 1059 1542 1110 Iculas
1557 1066 1582 1110 et
1598 1058 1744 1125 vicesimus
1757 1057 1939 1124 Joathamus,

249 1141 325 1196 Petri
343 1144 509 1213 apostolica,
529 1146 563 1199 de
583 1162 638 1215 qua
656 1145 795 1199 Pontificii
816 1146 977 1215 gloriantur,
992 1143 1081 1215 qualis
1108 1142 1179 1195 lunc
1197 1151 1305 1196 secatus
1328 1144 1419 1210 Urias,
1438 1144 1520 1197 illum
1537 1144 1616 1211 Neri,
1635 1145 1717 1211 Joas,
1738 1143 1845 1207 Selom,
1868 1143 1940 1197 Chel-

248 1229 302 1283 fuit
319 1247 336 1282 a
353 1227 414 1284 Deo
432 1231 461 1284 in
480 1232 595 1285 ecclesia
615 1231 769 1286 Israelitica
790 1231 817 1285 in
830 1231 961 1286 cathedra
975 1231 1082 1285 etsede
1108 1228 1177 1283 cias.
1204 1231 1273 1281 Post
1292 1231 1363 1283 branc
1374 1230 1433 1295 suit
1449 1230 1564 1299 Sareos,
1583 1231 1684 1283 deinde
1695 1230 1828 1294 Josedec,
1845 1237 1938 1298 postea

248 1316 368 1371 Aaronis
387 1316 526 1386 instituta,
546 1317 683 1389 siquidem
702 1321 731 1372 in
752 1319 869 1373 ccclesia
887 1318 988 1372 Christi
1005 1318 1082 1372 nulla
1108 1313 1194 1366 Jesus
1212 1315 1333 1368 Joseelec
1345 1316 1435 1382 filius.
1471 1316 1546 1368 Huic
1564 1317 1694 1369 arscessat
1712 1316 1857 1383 Jooclu'm,
1875 1316 1939 1368 lunc

248 1403 367 1472 amplius
393 1405 513 1472 spectari
537 1404 620 1459 debet
645 1406 776 1474 carnalis,
803 1405 898 1460 localis
926 1411 954 1459 et
971 1411 1082 1460 terrena
1107 1410 1216 1453 semotus
1238 1403 1398 1469 tripesimas
1424 1402 1571 1470 Eliaseph.
1608 1401 1664 1456 Illi
1678 1402 1821 1465 Joocaaa
1843 1405 1939 1456 deinde

249 1489 402 1553 successio,
435 1491 485 1543 scd
517 1492 653 1544 successio
680 1491 839 1546 doctrinalis
867 1497 896 1547 et
923 1492 1082 1561 spiritualis,
1108 1488 1222 1549 ftwrmll
1243 1489 1548 1556 JolannelJadasslw‚
1569 1488 1939 1556 Onlw281'm0st‚Ele⁰wr‚

248 1593 364 1643 requam
389 1577 461 1629 enim
485 1577 546 1644 ejus
569 1593 625 1629 nou
650 1585 688 1630 est
710 1581 745 1630 dc
762 1580 814 1631 hoc
831 1580 936 1631 orando
954 1577 1018 1633 Joh.
1043 1584 1082 1643 ts,
1110 1576 1274 1640 elatrasset,
1295 1576 1396 1642 Ouios,
1422 1575 1527 1629 Simon.
1570 1575 1813 1644 Quadrapeslmas
1832 1596 1939 1631 nomem

248 1679 273 1715 v.
295 1667 336 1716 36.
374 1669 397 1718 5.
417 1663 600 1733 Nequaquam
621 1664 674 1717 dici
693 1672 799 1733 potest,
821 1673 852 1719 ut
872 1664 975 1719 Aaroni
992 1664 1020 1717 in
1040 1682 1082 1718 sa·
1110 1661 1204 1724 Ouios,
1218 1662 1304 1713 Jesus
1318 1670 1343 1715 et
1357 1662 1444 1715 Ouios
1457 1663 1542 1725 alites,
1558 1662 1692 1715 Alcimus.
1722 1663 1793 1714 Post
1806 1663 1939 1728 lruucsuit

248 1748 372 1802 cerdotio
391 1748 515 1802 lentico
536 1758 728 1804 successerrmt
747 1750 833 1820 ipsius
853 1750 903 1804 filii
927 1758 955 1806 et
971 1749 1082 1820 posteri,
1110 1746 1197 1798 (lalus
1211 1747 1299 1799 Ouiae
1316 1748 1402 1810 tilitas.
1433 1749 1501 1802 Post
1518 1748 1589 1801 lianc
1607 1749 1844 1816 quadraqesimas
1862 1768 1938 1819 quar·

248 1834 287 1887 ita
307 1833 415 1889 Christo
440 1835 468 1888 in
484 1835 636 1890 sacerdotio
655 1836 806 1891 secundum
825 1837 948 1891 ordinem
967 1835 1080 1891 Melchi-
1108 1840 1151 1884 lus
1163 1836 1376 1887 eadsamouaei
1382 1833 1455 1902 filiis
1466 1834 1563 1888 ladas
1573 1835 1773 1897 dlerccalaeas,
1786 1837 1834 1888 cui
1845 1838 1938 1890 erili-’ue

247 1920 348 1973 sedech
369 1921 534 1976 successisse
552 1922 703 1990 apostolos,
732 1923 797 1993 quia
816 1929 847 1976 ut
867 1923 947 1978 docet
964 1923 1081 1993 epistola
1106 1931 1296 1975 mcceseerunl
1313 1922 1454 1974 Jortalltos
1473 1922 1580 1984 frater,
1594 1917 1699 1974 'rursus
1721 1921 1823 1975 Sirrmn
1834 1925 1937 1991 frater,

247 2006 283 2058 ad
301 2005 387 2062 Hebr.
408 2013 431 2061 l.
450 2022 475 2060 v,
497 2014 537 2062 24.
555 2006 681 2061 Christus
699 2008 785 2063 habet
805 2008 985 2079 ἀπαράβατον
1003 2011 1080 2080 ltpa-
1107 2007 1252 2059 datuurus
1278 2009 1326 2076 qai
1348 2008 1493 2060 Hireunus
1516 2009 1622 2072 dictus,·
1646 2008 1846 2078 Aristobulus,
1872 2009 1937 2062 Jan·

246 2092 347 2159 σύνην,
373 2095 429 2146 lale
454 2095 597 2161 quoddam
622 2096 827 2163 sacerdotium,
854 2098 930 2165 qaod
949 2097 989 2148 ad
1008 2096 1081 2149 alios
1107 2112 1205 2162 uaeas,
1230 2095 1278 2148 cui
1295 2094 1378 2147 etiam
1396 2095 1558 2148 Aleeamlrt'
1578 2112 1676 2148 tramea
1694 2095 1760 2159 fait.
1803 2096 1937 2166 Quinqua-

246 2196 302 2230 aon
312 2181 414 2232 transit
421 2180 556 2248 ,proinde
570 2181 598 2233 in
610 2182 828 2236 communionem
838 2181 921 2251 hujus
935 2181 978 2235 sui
990 2197 1079 2236 sacer·
1106 2182 1226 2249 paslmus
1249 2199 1337 2250 porro
1355 2183 1413 2244 fuit
1433 2183 1590 2245 Hircanas,
1617 2183 1867 2251 qairrqaapesimus
1882 2184 1936 2253 pri·

247 2265 314 2319 dotii
337 2265 463 2320 Christus
489 2283 545 2320 non
567 2267 679 2321 admisit
698 2267 852 2338 apostolos,
877 2268 929 2342 sed·
947 2268 1080 2322 ecclesiae
1108 2286 1167 2320 mus
1186 2270 1359 2336 Antigronus,
1381 2269 1625 2337 quinquagessimus
1644 2271 1784 2322 recaredus
1805 2272 1936 2335 Arraclus,

246 2369 314 2406 suae
337 2352 462 2408 doctores
485 2353 547 2406 illos
570 2354 711 2423 praefecit.
749 2359 773 2409 6.
794 2354 874 2419 Quod
896 2353 1079 2408 Bellarminus
1106 2355 1350 2422 quinquagesimus
1373 2356 1473 2407 tertias
1494 2355 1685 2422 Aristoteles,
1712 2372 1793 2423 quem
1814 2358 1936 2410 Herodes

203 2503 206 2509 Ι
246 2439 403 2509 subjungit:
425 2441 505 2494 St'eat
524 2441 683 2494 abAorone
703 2459 789 2510 usq-ae
806 2444 847 2494 ad
867 2441 1005 2498 Christum
1023 2457 1079 2495 noa
1105 2441 1217 2494 ulnaelo
1236 2441 1503 2507 rejectosubstitut't,
1524 2441 1650 2507 idemque
1663 2458 1763 2494 mersus
1776 2443 1936 2496 Aristobulo

243 2526 361 2588 suerunt
374 2528 435 2579 ueri
445 2529 613 2589 sacerdotes,
629 2527 687 2580 nisi
695 2527 744 2596 qai
751 2537 941 2582 mceesserant
950 2529 1063 2582 Aaroni
1067 2549 1078 2596 ;
1105 2545 1185 2580 caeso
1203 2528 1344 2580 Anoelum
1360 2526 1492 2579 restituit.
1526 2526 1638 2580 Anaelo
1656 2526 1742 2579 Jesecs
1754 2528 1851 2582 Paeti
1863 2529 1936 2598 filius

244 2612 286 2663 ita
310 2614 345 2664 ab
368 2614 505 2680 apostolia
528 2631 613 2681 usque
637 2616 678 2666 ad
700 2615 780 2678 (laem
805 2617 904 2668 mundi
926 2634 982 2670 nort
998 2624 1078 2669 eruat
1104 2614 1252 2678 sacceum
1272 2614 1374 2666 rleiade
1394 2611 1490 2666 Simon
1509 2613 1635 2665 Herodis
1653 2629 1733 2666 socer
1749 2615 1884 2682 potasset
1894 2617 1936 2684 fil,

244 2699 305 2749 uers'
320 2700 496 2762 sacerdotes,
527 2699 584 2751 uisi
606 2699 655 2767 qui
671 2701 808 2768 apostolis
827 2703 985 2772 umcedeat,
1005 2701 1033 2755 id
1054 2701 1077 2755 si
1099 2707 1166 2767 post
1184 2701 1256 2753 hunc
1275 2700 1430 2763 Matthias,
1451 2699 1554 2752 deinde
1573 2699 1731 2768 deceptus,
1750 2701 1799 2754 cui
1817 2703 1936 2756 Jozaras

244 2783 278 2836 de
303 2783 449 2837 doctrinali
474 2783 646 2840 successione
672 2785 816 2858 intelligit,
840 2787 1029 2853 concedimus,
1052 2787 1076 2841 si
1102 2786 1241 2839 successit.
1279 2785 1473 2853 Serapesimus
1490 2803 1581 2853 porro
1607 2786 1665 2847 suit
1691 2787 1869 2858 Eleazarus,
1895 2788 1937 2840 ersi

244 2869 279 2922 dc
295 2869 376 2923 locali
397 2877 425 2924 et
439 2870 586 2940 personali,
605 2888 746 2942 negamus.
783 2873 880 2944 Neque
900 2873 971 2928 enim
990 2882 1076 2930 exter·
1103 2873 1203 2925 ordine
1220 2881 1410 2926 successerunt
1428 2874 1513 2926 Jesus
1533 2873 1604 2927 Scae
1621 2873 1713 2941 filias,
1732 2877 1857 2929 Anaaus
1877 2873 1935 2928 Cai-

243 2973 296 3011 nae
315 2956 425 3010 cuidam
444 2956 593 3011 cathedrae
613 2962 641 3010 ct
659 2959 825 3012 successioni
843 2959 871 3013 in
884 2959 932 3015 illa
945 2960 1077 3015 cathedra
1098 2959 1174 3026 plac
1191 2976 1278 3028 socer,
1297 2959 1434 3012 Ismaelas
1450 2959 1528 3025 silias
1547 2960 1647 3027 Plebi,
1668 2961 1830 3015 Eleazarus
1843 2963 1936 3015 Anasi

242 3042 410 3112 apostolieae
437 3043 577 3099 doctrinae
602 3044 704 3098 veritas
732 3053 775 3099 cst
800 3045 927 3116 alligata,
953 3040 1002 3103 sed
1028 3047 1075 3118 qui
1099 3045 1186 3114 silius,
1208 3045 1305 3099 Simon
1324 3044 1454 3114 Camytle‘
1462 3047 1553 3114 filius.
1590 3046 1786 3115 Smapesimus
1805 3051 1934 3118 captiosus

243 3129 396 3184 doctrinam
421 3131 607 3200 apostolorum
629 3137 719 3200 tenet,
742 3132 766 3185 is
791 3150 872 3189 verus
889 3134 1075 3204 apostolorum
1095 3133 1158 3199 fait
1184 3131 1321 3201 Caiphae,
1347 3133 1397 3200 ραι
1418 3133 1502 3186 aiam
1524 3134 1664 3202 Josepltas
1688 3135 1782 3187 dictus
1809 3144 1863 3205 est,
1888 3135 1934 3189 sul

242 3232 384 3273 successor
405 3217 584 3287 judicandus.
628 3226 651 3273 l.
679 3217 808 3283 Quinimo
836 3237 898 3274 cum
926 3237 961 3275 ne
986 3220 1015 3273 in
1040 3220 1075 3277 V.
1103 3236 1156 3287 quo
1180 3219 1360 3284 salutiferam
1381 3226 1497 3273 mortem
1517 3238 1574 3289 pro
1598 3220 1678 3274 stabis
1698 3222 1843 3276 Dominus
1862 3223 1933 3276 otia.

244 3305 355 3375 quidem
376 3305 409 3360 T.
433 3304 574 3361 Moesicae
599 3306 740 3362 doctrinae
763 3307 865 3362 veritas
884 3316 912 3362 et
932 3307 1075 3378 integritas
1104 3306 1172 3358 Post
1194 3305 1266 3359 lunc
1282 3305 1425 3360 Jonatltas
1441 3307 1540 3359 Anaru'
1552 3307 1648 3375 filias,
1667 3317 1735 3377 post
1752 3309 1825 3363 ltrrnc
1844 3311 1935 3372 frater

244 3392 376 3445 Aaronici
396 3391 543 3445 sacerdotii
561 3392 710 3447 cathedrae
728 3392 812 3448 fuerit
829 3393 953 3464 alligata,
971 3399 1075 3464 quanto
1103 3392 1164 3459 ejus
1190 3391 1347 3461 Matthias,
1379 3411 1442 3446 mos
1469 3394 1608 3448 Elissaeas
1614 3415 1625 3462 ;
1655 3412 1767 3448 rursum
1794 3396 1935 3465 Josephus

243 3477 333 3532 murus
360 3477 389 3530 in
413 3477 446 3534 N.
472 3478 504 3533 T.
528 3478 563 3532 de
586 3476 719 3533 cathedra
745 3486 774 3534 ct
791 3480 856 3534 sede
875 3478 1002 3534 Romana
1020 3479 1075 3534 dici
1104 3479 1207 3532 Cumae
1222 3480 1310 3547 filius.
1345 3480 1387 3531 Ei
1404 3481 1535 3533 meeessit
1558 3479 1728 3534 Gamalielis
1747 3471 1828 3545 filices
1844 3483 1934 3550 Jesas,

242 3570 343 3633 potest,
363 3563 436 3633 quod
455 3563 621 3632 apostolicae
642 3564 784 3619 doctrinae
802 3566 904 3619 veritas
923 3574 951 3621 ct
963 3566 1075 3638 integri·
1101 3565 1164 3618 laic
1182 3567 1324 3619 Matthias
1345 3565 1496 3635 Theophili
1507 3568 1598 3634 filias.
1633 3567 1796 3621 Postremus
1815 3570 1934 3623 omnium

242 3654 286 3703 tas
309 3649 345 3703 ab
370 3666 403 3703 ea
428 3649 508 3703 unice
532 3650 695 3720 dependeat.
732 3651 908 3705 Antecedeus
929 3658 971 3707 cst
989 3653 1075 3707 mani·
1103 3651 1244 3704 Plrinoeus
1260 3651 1326 3719 fait,
1346 3653 1396 3705 sab
1415 3655 1555 3721 quourlrs,
1573 3655 1704 3723 ternplum
1719 3661 1825 3722 ctpcns
1837 3665 1934 3710 cuncta

242 3737 352 3798 lectum,
376 3734 442 3803 quia
461 3735 618 3790 sacerdotes
632 3735 748 3789 Levitici
765 3737 951 3791 idololatriam
970 3739 1075 3810 aliquo·
1102 3757 1121 3791 a
1144 3737 1207 3791 Tito
1231 3747 1315 3807 capta
1334 3755 1480 3808 omnesque
1500 3749 1526 3792 et
1544 3740 1641 3809 tenepls'
1658 3749 1681 3793 et
1701 3742 1771 3808 lepis
1789 3759 1837 3796 res
1852 3759 1935 3812 pror·

242 3822 294 3877 ties
313 3827 377 3875 sunt
394 3821 506 3890 sectati,
523 3822 598 3877 unde
615 3821 699 3876 etiarn
715 3821 792 3876 Deus
812 3825 942 3879 excitavit
954 3828 1076 3895 proplie-
1102 3843 1149 3877 sas
1163 3825 1312 3878 eestiactae
1325 3835 1497 3880 corruerant.
1524 3826 1598 3889 Quid
1613 3843 1715 3896 quaeso
1725 3826 1936 3884 insuecessionc

243 3918 287 3963 tas
314 3909 399 3962 divini
419 3907 511 3963 cultus
530 3909 727 3964 instauratores
748 3926 780 3963 ac
800 3909 1005 3980 reformatores,
1028 3913 1076 3983 qui
1103 3911 1293 3981 episcoporum
1317 3910 1502 3966 Romanorum
1520 3913 1664 3966 monstrari
1683 3919 1789 3982 potest,
1815 3916 1893 3986 quod
1910 3916 1936 3968 in

243 3995 309 4050 licet
336 3996 370 4049 de
393 4004 507 4050 externa
533 4004 561 4051 et
588 3994 670 4050 locali
697 3995 871 4051 successione
896 3998 926 4051 in
944 4000 1077 4054 cathedra
1102 3997 1154 4052 hac
1180 3996 1341 4067 pontificum
1361 3998 1543 4054 ludaicornm
1562 3999 1735 4053 successione
1754 4000 1936 4056 demonstrari

242 4082 366 4138 Mosaica
393 4083 451 4136 sive
469 4083 609 4138 Aaronica
634 4081 746 4152 gloriari
770 4098 826 4135 nou
845 4090 971 4152 possent,
999 4096 1076 4142 erant
1102 4084 1240 4154 nequeat?
1285 4083 1407 4154 quinimo
1433 4085 1570 4140 successio
1597 4085 1758 4157 pontificum
1787 4087 1818 4140 in
1841 4089 1876 4144 V.
1904 4088 1935 4142 T.

243 4176 336 4225 tamur
353 4169 410 4224 veri
429 4168 555 4224 doctores
573 4170 676 4223 acvcri
689 4167 795 4238 Moysis
812 4175 840 4222 et
853 4170 971 4225 Aaronis
988 4173 1017 4226 in
1037 4173 1076 4227 of·
1102 4169 1195 4224 divino
1223 4170 1353 4225 mandato
1381 4179 1408 4225 et
1435 4171 1615 4241 promissione
1636 4172 1790 4240 nitebatur,
1819 4191 1935 4244 quorum

244 4256 306 4311 licio
343 4255 459 4309 docendi
489 4271 668 4311 successores.
713 4261 736 4311 8.
767 4256 962 4311 concludimus
990 4259 1076 4330 igitur
1102 4262 1229 4311 neutrum
1247 4256 1419 4311 chomana
1433 4258 1604 4312 successione
1617 4275 1649 4312 ex
1662 4257 1814 4330 Scripturis
1828 4261 1934 4317 ostendi

242 4342 333 4398 verbis
351 4340 444 4412 Lyrae
469 4341 498 4395 in
518 4357 541 4397 c.
566 4340 733 4397 iahtsah:
760 4343 892 4397 Ecclesia
911 4363 968 4398 aaa
986 4348 1076 4400 consi·
1102 4349 1200 4412 potest.
1236 4343 1473 4408 Quemadmodum
1492 4344 1577 4413 igitur
1595 4360 1649 4398 uon
1670 4343 1934 4419 obstanteillapcn·

241 4432 289 4483 stit
315 4430 345 4481 in
371 4429 528 4482 hominibus
554 4429 664 4481 ratione
687 4431 837 4497 potestatis
861 4432 904 4483 uel
930 4432 1076 4500 ellqnilatis
1102 4430 1206 4487 tificum
1225 4430 1400 4485 successione
1417 4429 1511 4484 variae
1523 4431 1706 4500 corruptelae,
1724 4435 1934 4502 superstitiones

242 4515 445 4570 ecclesiasticae
464 4515 508 4568 uel
527 4515 678 4583 scesclare's,
703 4517 769 4584 quia
789 4518 871 4569 ntriltr'
885 4519 1031 4588 princepsa
1050 4530 1075 4575 et
1102 4527 1130 4574 et
1149 4534 1253 4573 errores
1271 4516 1300 4569 in
1319 4516 1463 4586 publicum
1482 4517 1663 4572 ministerium
1681 4517 1815 4575 ecclcsiae
1827 4521 1934 4575 Israeli-

241 4603 343 4656 samnii
357 4602 506 4670 plautillam
525 4601 624 4655 etalii
640 4601 793 4667 inferiores
810 4604 915 4656 investi
931 4615 994 4659 sam
1008 4623 1075 4676 opo·
1101 4607 1180 4670 ticae,
1190 4603 1360 4673 temporibus
1369 4605 1531 4672 praesertim
1540 4603 1739 4675 posterioribus
1749 4606 1935 4678 irrepserunt,

241 4698 361 4765 statasse
383 4706 403 4740 a
426 4690 498 4756 liele,
519 4696 637 4757 propter
661 4690 736 4756 quod
758 4690 874 4744 ecclesia
896 4693 1022 4746 consata
1046 4695 1076 4746 s'n
1102 4693 1141 4747 ita
1166 4706 1276 4761 quoque
1300 4707 1355 4744 non
1379 4688 1508 4745 obstante
1532 4689 1693 4762 pontificum
1717 4694 1936 4750 successionem

243 4777 304 4831 illis
319 4776 457 4844 personis,
476 4776 506 4828 ia
526 4776 624 4843 quitus
644 4785 684 4829 est
704 4777 922 4831 notr'tiaaeraet
935 4781 1075 4846 confessio
1101 4777 1255 4832 Murenam
1280 4776 1425 4830 ecelesiam
1451 4776 1549 4831 eadem
1572 4778 1644 4832 mala
1668 4779 1842 4848 temporibus
1858 4797 1936 4851 prae

237 4865 313 4933 fidel
331 4872 357 4917 et
372 4863 506 4916 veritatis.
1102 4863 1195 4919 sertim
1212 4861 1410 4931 posterioribus
1424 4861 1623 4918 subintrarunt.
1658 4861 1736 4918 Neve
1750 4863 1935 4921 Bellarminus

117 4977 136 5017 ι,
151 4977 200 5016 non
282 4957 337 5006 191.
375 4956 397 5006 2.
426 4947 507 5013 Quod
531 4966 587 5003 non
612 4948 740 5003 convenit
763 4948 813 5004 soli
837 4966 918 5005 serae
936 4952 1076 5016 ecclesiae,
1103 4949 1228 5020 excipere
1246 4949 1347 5020 possit,
1370 4950 1459 5003 aliam
1479 4966 1537 5002 esse
1555 4950 1693 5004 ratiortem
1709 4969 1869 5022 spuapopae
1887 4957 1935 5008 Ju-

117 5030 227 5120 33¹2}ssst
244 5054 299 5091 non
324 5045 414 5107 potest
441 5053 500 5090 esse
521 5037 633 5106 propria
656 5037 730 5091 illius
749 5045 822 5092 nota.
860 5037 1002 5094 Successio
1021 5039 1218 5127 non,dar'cae,
1241 5036 1329 5091 aliam
1354 5053 1417 5090 uero
1442 5036 1575 5090 ecclesiae
1601 5035 1779 5092 Christianae
1800 5041 1936 5111 (quamvis

119 5132 212 5172 crestae.
245 5125 372 5178 convenit
391 5122 442 5177 soli
461 5140 542 5177 verae
561 5123 701 5178 ecclesiae.
739 5124 814 5195 Ergo
833 5141 888 5178 non
909 5133 950 5179 est
967 5127 1079 5197 propria
1102 5124 1170 5178 alibi
1193 5123 1309 5195 ipsemet
1332 5123 1368 5178 ab
1395 5122 1512 5177 eeclesia
1528 5122 1682 5177 Israelitica
1699 5125 1736 5178 ad
1753 5123 1937 5184 Christianam

245 5210 318 5263 illius
341 5218 416 5265 nota.
451 5215 612 5263 Assumtum
638 5209 720 5263 variis
743 5211 875 5280 exemplis
896 5212 1077 5266 demonstrari
1103 5211 1289 5281 argumentari
1307 5210 1504 5275 consueverit),
1524 5226 1680 5279 monemus,
1699 5211 1783 5266 etiam
1802 5213 1833 5268 in
1850 5215 1887 5275 N.
1905 5214 1937 5270 T.

245 5301 345 5365 potest.
380 5296 530 5366 synagoga
554 5295 673 5352 ludaica
691 5304 815 5364 tempore
835 5296 937 5350 Christi
956 5297 1078 5354 habebat
1102 5298 1301 5353 successionem
1327 5297 1363 5349 ad
1380 5295 1520 5366 apostolos
1540 5312 1628 5365 usque
1646 5307 1838 5368 exporrectum
1854 5301 1937 5357 etiam

246 5370 421 5437 sacerdotum
439 5384 649 5450 successionem,
669 5400 753 5453 quam
773 5383 809 5436 ad
827 5381 919 5452 ipsum
937 5368 1163 5456 Aaronemlaliis
1186 5383 1308 5440 ecclesiis
1334 5389 1444 5455 practer
1470 5382 1639 5449 Romanam,
1668 5401 1752 5455 quam
1772 5388 1860 5444 solam
1878 5406 1938 5445 esse

246 5474 356 5540 poterat
373 5469 523 5532 deducere,
551 5485 602 5523 nce
628 5476 718 5522 utinen
748 5487 810 5524 curn
839 5469 886 5523 illa
904 5472 1195 5543 successurorum
1212 5478 1241 5527 ct
1258 5469 1420 5526 catlrolicam
1434 5470 1580 5526 ecclesiam
1592 5471 1753 5542 gloriantur,
1772 5484 1938 5547 competere

139 5574 173 5616 ιι.
186 5556 351 5627 asperitas
361 5561 388 5610 et
396 5556 538 5610 sinceritas
552 5555 694 5609 doctrinae
705 5563 840 5624 perpetuo
855 5553 909 5609 fuit
919 5558 1076 5626 conjuncta.
1087 5548 1090 5610 l
1102 5558 1232 5616 Irenaeus
1255 5557 1438 5630 lugdunens.
1456 5558 1602 5628 episcopus
1619 5559 1667 5615 lib.
1686 5567 1711 5617 3.
1729 5577 1755 5616 c.
1777 5571 1803 5619 3.
1822 5579 1850 5633 p.
1876 5569 1939 5624 rto:
