4004 6022
205 201 266 261 199
771 193 895 253 LOCUS
913 191 1118 253 amamus
1136 190 1336 251 SECUNDUS

205 349 370 419 aefictils'a,
394 351 535 420 6446641644
552 349 666 419 quidest
682 349 712 405 in
731 351 876 416 honorem,
899 351 1040 421 quaedam
1068 348 1139 403 dum
1169 347 1339 405 'lhsodoreti
1372 345 1503 403 historiae
1530 345 1667 417 subjecto.
1712 345 1911 405 Thmuorstns

205 452 270 497 ueto
291 435 320 488 in
337 435 529 505 ipnominiam.
566 435 692 491 Ecclesia
710 442 752 492 est
770 437 866 490 14644446
884 435 943 489 Dci
960 433 1040 490 Cant.
1067 433 1114 490 lib.
1139 440 1163 490 4.
1186 433 1250 489 hist
1273 450 1297 488 c.
1317 439 1358 489 16.
1377 434 1412 489 416
1430 431 1485 487 illis
1501 433 1543 488 sic
1561 431 1671 488 scribit:
1707 434 1808 502 Ipsum
1827 432 1911 487 insti·

205 526 238 590 t,
260 536 288 575 4.
317 525 358 577 12.
377 520 407 574 in
424 520 478 576 hoc
494 520 658 576 honoaiuu
674 538 730 576 uon
747 521 836 577 solum
854 520 966 577 arbores
984 519 1040 573 fru-
1067 528 1154 575 464644
1180 521 1364 588 arrepuntiae
1383 520 1499 590 planum
1519 527 1545 573 64
1561 520 1701 588 quaedam
1720 518 1911 588 pharisaicae

206 607 321 681 giierae,
339 623 404 662 sere
422 607 462 679 pii
480 613 509 662 et
529 606 686 670 credentes,
709 608 756 679 qni
774 613 909 663 vocantur
926 606 1215 667 arbores,rloctrinae
1237 606 1393 676 posteritas
1417 612 1458 659 est
1511 606 1588 659 Nam
1614 605 1768 659 Pharisaei
1789 602 1912 660 aecusa-

199 693 332 763 justitiae
358 691 428 748 Esa..
451 699 498 763 61,
521 710 546 748 4.
575 699 614 748 11.
639 709 711 762 quae
726 693 879 763 6164446466
897 709 976 747 secus
995 692 1041 744 de-
1068 691 1133 744 bant
1157 691 1313 746 animorum
1333 698 1359 745 et
1376 708 1526 760 6646644444
1544 689 1681 745 medicum
1699 685 1824 745 dieentes
1840 708 1911 744 4644-

204 798 303 836 cursus
331 797 471 850 6666444444
500 781 600 844 ferunt
620 781 751 848 fractum
778 779 809 833 in
842 786 967 848 tempore
990 794 1040 831 sua
1068 777 1119 830 etis
1136 777 1289 847 apostolis:
1314 778 1372 833 aar
1388 777 1626 845 materiamen
1644 775 1735 829 64144444
1752 776 1911 846 capitonem

205 866 308 925 Psalm.
334 871 361 934 1,
391 882 418 923 4,
444 870 470 921 3.
497 864 546 921 sed
570 865 654 920 ctiam
677 865 784 921 steriles
806 870 835 921 et
852 862 1041 935 infirxgiferac,
1064 862 1225 931 publicanis
1246 869 1272 915 64
1285 860 1503 931 peccatoribus!
1531 863 1635 930 Etpcr
1646 861 1821 931 proplietam
1836 878 1908 931 quc·

206 952 308 1024 quibus
324 955 425 1023 parata
444 957 487 1007 cst
503 951 614 1020 excisio,
634 949 733 1006 Matth.
753 956 778 1020 ³,
794 969 820 1007 4.
842 957 880 1005 19.
906 948 977 1004 Luc.
1001 954 1041 1018 19,
1068 963 1120 1016 que
1135 949 1181 1001 ,cle
1199 948 1302 1002 4614164
1319 947 1361 1000 644
1379 949 1478 1000 Deris:
1518 945 1574 1009 Qui
1592 946 1702 1014 dicunt,
1723 964 1816 1016 purus
1836 964 1910 1010 sum,

205 1058 232 1095 v.
259 1045 283 1094 ¹1.
308 1038 363 1093 imo
388 1041 421 1093 ut
444 1055 502 1092 una
524 1037 608 1093 urbm
632 1037 701 1092 alios
725 1053 816 1090 ramos
835 1035 921 1091 habet
938 1033 1041 1088 virides
1067 1050 1101 1089 ne
1122 1050 1164 1086 ma
1184 1033 1316 1101 attinpas,
1336 1032 1381 1086 1446
1398 1041 1438 1085 664
1456 1034 1552 1097 samus
1572 1033 1632 1085 irae
1650 1048 1735 1088 444666.
1772 1033 1908 1087 2.]1666·

206 1129 236 1180 64
258 1123 379 1178 fructum
400 1124 537 1192 ferentes,
566 1121 636 1177 alios
654 1137 719 1177 vero
737 1120 841 1191 aridos,
866 1119 907 1174 sic
925 1115 1042 1174 eccleiia
1069 1118 1163 1187 tinnis,
1182 1136 1199 1173 a
1216 1117 1325 1174 Novata
1346 1118 1386 1173 sic
1403 1117 1493 1182 614416,
1512 1118 1560 1188 qni
1578 1117 1910 1175 4464641664·41466616414

206 1209 302 1282 aliqum
325 1209 450 1265 membra
478 1208 563 1264 habet
587 1207 688 1263 viridia
713 1206 832 1262 ferentia
852 1205 974 1261 fructum
992 1205 1039 1260 bo·
1068 1203 1249 1260 secmuonem
1272 1203 1398 1259 fecerunt
1419 1209 1532 1273 propter
1550 1203 1724 1273 quorundam
1743 1203 1909 1275 apostasiam

205 1313 303 1352 norum
333 1312 461 1367 operum,
498 1295 594 1365 aliqua
620 1310 685 1349 vero
711 1292 825 1364 putrida
853 1297 881 1347 et
907 1297 1041 1360 emortua,
1067 1296 1190 1361 tempore
1217 1290 1423 1361 persecutionis.
1470 1289 1645 1361 Epiphanius
1668 1289 1716 1345 lib.
1741 1295 1764 1345 2.
1790 1295 1857 1346 tom.
1886 1297 1909 1347 1.

206 1381 352 1438 verborum
376 1380 449 1436 foliis
475 1380 611 1435 duntaxat
635 1377 813 1433 luxuriantia.
852 1376 979 1432 Ecclesia
999 1380 1042 1430 est
1066 1375 1171 1432 haeres.
1208 1383 1255 1432 59:
1296 1378 1424 1431 Necatus
1455 1378 1563 1430 Romae
1593 1377 1657 1444 fuit
1686 1384 1812 1445 tempore
1836 1395 1909 1448 per·

206 1467 265 1523 Dei
282 1468 391 1536 6444464,
409 1469 442 1520 ut
458 1471 599 1520 ostensum
618 1463 672 1520 fuit
690 1462 841 1536 superins(
849 1463 910 1533 jam
927 1476 993 1517 vero
1011 1458 1040 1514 iu
1067 1463 1232 1531 smutianis,
1273 1479 1345 1532 puae
1381 1471 1445 1517 ante
1480 1463 1670 1517 Maximinum
1703 1463 1802 1532 prima
1831 1464 1909 1532 fuit,

204 1551 317 1609 ciuitate
338 1551 405 1607 mali
423 1550 564 1605 commixti
581 1557 646 1606 suut
663 1550 743 1605 bouis
763 1554 816 1606 etc.
863 1555 887 1604 4.
905 1546 995 1618 Typis
1013 1551 1042 1601 et
1067 1548 1092 1601 is
1118 1550 1154 1601 ab
1180 1548 1327 1602 6666646446
1352 1566 1464 1618 4644444,
1493 1549 1543 1618 pai
1565 1549 1595 1602 in
1616 1549 1810 1617 perseeutione
1828 1549 1911 1619 lapsi

205 1640 345 1712 exemplis.
388 1639 476 1693 Utin
494 1655 566 1692 area
580 1639 664 1692 Noae
682 1638 800 1701 fuerunt
819 1635 913 1689 amnia
932 1633 1040 1687 anima·
1067 1643 1148 1702 sunt,
1189 1635 1357 1702 arrapants'a
1397 1635 1488 1688 clatus
1525 1652 1586 1687 644444
1622 1633 1706 1688 4446444
1741 1634 1799 1688 siti
1834 1635 1909 1691 6116-

205 1727 275 1782 lium
292 1742 407 1794 penera,
421 1725 537 1792 pardus
555 1731 581 1776 et
597 1723 688 1792 hoedi,
709 1723 792 1791 lupus
809 1729 835 1775 et
855 1719 940 1791 apni,·
957 1719 998 1772 sic
1010 1718 1041 1771 in
1067 1719 1118 1774 ctis
1155 1720 1246 1774 noluit
1283 1721 1442 1775 summatem
1470 1720 1572 1773 1461446
1608 1737 1670 1773 cum
1700 1720 1910 1789 poenitentiam

205 1812 324 1883 ccclesia
349 1818 414 1864 sunt
435 1815 600 1879 peccatores
619 1817 645 1863 64
656 1809 745 1878 justi,
769 1806 958 1878 Hieronymus
976 1804 1040 1861 adv.
1067 1806 1212 1875 6664444464
1241 1826 1259 1859 6
1284 1808 1481 1876 persecutione
1508 1813 1560 1861 etc.
1610 1805 1770 1877 Cyprianus
1802 1805 1852 1867 lib,
1883 1815 1908 1864 t.

205 1897 325 1954 Lucifer.
352 1895 427 1949 ultra
450 1894 578 1948 medium.
621 1892 655 1949 In
678 1891 789 1947 familiis
811 1890 1040 1964 patriarcharum,
1066 1892 1145 1962 epist
1170 1898 1193 1947 2.
1212 1892 1296 1963 paulo
1312 1899 1378 1947 ante
1393 1891 1489 1948 finem:
1518 1893 1643 1956 Quarrtcu
1661 1893 1848 1962 arropastiae
1864 1901 1908 1947 444-

204 1982 258 2038 1466
282 1986 325 2036 664
344 1980 373 2034 in
391 1979 543 2036 domestica
559 1978 676 2034 ecclesia
694 1978 811 2041 Adami,
833 1977 926 2041 Noae,
950 1975 1040 2031 Abra·
1066 1997 1127 2033 4464·
1148 1986 1198 2047 est,
1216 1987 1323 2046 quanta
1334 1979 1502 2033 1669446444
1515 1987 1540 2032 64
1554 1979 1678 2033 4644446444
1691 1978 1804 2048 obliuio,
1824 1998 1909 2035 arra-

206 2065 294 2134 hami,
316 2066 406 2121 166661
424 2073 452 2121 44
471 2064 571 2120 iacobi
588 2063 713 2119 invenies
731 2061 849 2118 Geinum
867 2069 896 2118 et
913 2060 1040 2130 Ahalam,
1065 2063 1181 2135 pamiae
1205 2081 1272 2119 suae
1296 2072 1402 2134 quanta
1417 2064 1556 2133 jactatio,
1583 2073 1614 2118 ut
1636 2064 1700 2134 64444
1723 2074 1774 2119 aut
1797 2068 1909 2122 audeat

207 2152 319 2208 Samum
337 2158 365 2207 et
382 2151 525 2219 chamum,
544 2151 670 2205 isaacum
689 2154 718 2203 et
730 2147 885 2216 Ismc'elem,
902 2146 1041 2205 Jacobum
1066 2157 1115 2204 aut
1125 2151 1228 2218 faeere
1246 2167 1276 2204 se
1289 2167 1376 2221 posse
1393 2153 1500 2220 credat,
1519 2153 1597 2221 66644
1617 2168 1665 2207 naa
1683 2152 1822 2221 apostolis
1839 2170 1908 2209 aan-

205 2245 234 2295 et
250 2238 380 2300 Esavum,
399 2236 551 2308 losephum
571 2242 599 2292 ct
617 2234 763 2291 Rubenem
781 2240 832 2289 stc.
865 2231 1040 2304 Augustinus
1066 2237 1147 2292 cessit
1168 2238 1315 2306 Dominus,
1335 2245 1365 2291 ut
1384 2238 1493 2291 sicania
1505 2256 1523 2291 a
1535 2240 1909 2308 frumcntcputatseposss

205 2326 233 2380 iu
259 2325 338 2396 epist.
365 2323 401 2377 ad
425 2323 553 2381 vincent.
577 2320 717 2377 Donatist.
749 2327 778 2376 et
800 2320 904 2375 citatur
929 2335 989 2374 can.
1014 2324 1040 2376 9.
1066 2325 1241 2389 micanum,
1260 2329 1309 2378 aut
1325 2324 1409 2393 puasi
1425 2323 1483 2393 ipa
1500 2322 1630 2391 (Novato)
1642 2324 1762 2393 pateam
1778 2326 1863 2390 ferra
1881 2335 1908 2380 et

205 2412 269 2469 dist.
300 2418 346 2466 tt:
394 2410 599 2472 Quantumlibet
627 2408 723 2478 nipilct
755 2407 909 2479 4446461446
940 2408 1040 2460 domus
1065 2425 1161 2463 aream
1175 2426 1306 2479 purpure
1323 2426 1481 2463 concessum
1499 2410 1545 2476 644,
1559 2410 1663 2479 paleas
1680 2429 1700 2464 a
1713 2409 1907 2466 4444666666-

208 2496 599 2567 46666,14644646444444”6464·
617 2495 742 2548 homines
759 2493 829 2557 siaa,
847 2509 898 2546 nee
915 2491 985 2546 444414
994 2508 1039 2545 ar·
1066 2504 1112 2550 tur
1130 2512 1273 2566 separare,
1293 2512 1409 2565 eumque
1427 2495 1567 2564 apostolis
1584 2496 1679 2551 4146644
1702 2497 1732 2550 444
1750 2498 1834 2552 cono
1851 2517 1906 2553 au·

206 2600 309 2651 rapere
325 2584 431 2648 audeo,
450 2589 480 2634 ut
500 2582 598 2634 damus
615 2597 677 2634 mea
694 2580 793 2634 melior
814 2579 851 2633 sit
869 2595 953 2649 66646
971 2595 1040 2632 area
1065 2590 1120 2636 tem
1138 2598 1242 2650 mapna
1257 2598 1314 2635 non
1326 2582 1421 2636 calum
1440 2589 1504 2636 sunt
1519 2600 1589 2636 uasa
1608 2599 1699 2638 aurea
1715 2591 1742 2637 et
1759 2593 1906 2655 arpensem,

207 2671 305 2735 Noae,
325 2669 375 2721 ubi
393 2668 465 2720 inter
483 2674 543 2720 6646
563 2666 687 2721 laminas
703 2683 775 2721 unus
793 2665 929 2735 reprobas
948 2664 1040 2719 inaen-
1065 2669 1119 2722 sed
1144 2676 1170 2722 et
1198 2668 1295 2738 lipnea
1320 2676 1346 2722 et
1365 2669 1486 2738 fictilia5
1515 2685 1605 2722 aurea
1631 2677 1657 2724 64
1676 2678 1814 2739 arpentea
1831 2690 1908 2729 44446

206 2763 250 2809 4444
268 2762 328 2817 644,·
348 2760 398 2807 aut
416 2752 580 2820 meliorent,
603 2769 687 2820 quarn
705 2754 804 2806 domas
818 2750 966 2820 Abrahae,
994 2751 1041 2805 eui
1065 2755 1196 2810 6444664444
1220 2755 1340 2823 6149646,
1363 2755 1459 2825 lipara
1483 2773 1546 2810 asro
1567 2764 1594 2810 et
1603 2756 1710 2825 fietsls‘a
1729 2765 1908 2815 6644664646

205 2839 310 2895 4146444444
336 2846 395 2893 est:
423 2839 493 2907 'ejice
511 2838 646 2891 ancillam
665 2845 692 2892 et
709 2837 798 2903 filium
816 2838 894 2907 ejus3
919 2845 969 2891 aut
985 2854 1039 2893 4446·
1065 2850 1091 2896 64
1114 2841 1251 2912 sajano,
1277 2858 1339 2895 cum
1361 2858 1417 2896 non
1443 2841 1502 2895 nisi
1520 2842 1566 2896 die
1583 2843 1703 2896 Domini
1716 2861 1788 2899 oasa
1807 2846 1908 2916 lipnsa

204 2926 261 2985 1464·
277 2927 315 2981 sit
333 2943 418 2996 6446444
436 2927 535 2979 domus
552 2924 653 2988 14666,
680 2925 727 2979 ersi
743 2926 779 2978 de
797 2924 903 2979 duabus
921 2923 1039 2992 amitinis
1064 2928 1157 2982 ds'aini
1181 2927 1298 2982 ardoris
1324 2927 1455 2983 incendic
1477 2936 1688 2983 664464644644444·
1704 2937 1732 2984 64
1743 2931 1852 2998 ,41644146
1869 2935 1906 2987 61

206 3011 312 3069 Mum
336 3019 393 3065 est:
431 3011 522 3066 Jacob
546 3009 648 3080 4441644,
671 3012 753 3065 Esau
775 3028 841 3066 aero
866 3010 1041 3065 6446161441
1064 3031 1111 3080 66,
1137 3014 1185 3069 cui
1201 3015 1271 3068 data
1288 3021 1329 3068 est
1347 3014 1429 3084 airpa
1442 3017 1562 3082 sareu,
1589 3017 1774 3087 frangantur.
1812 3017 1904 3077 Iidem

208 3103 260 3155 cu.
292 3097 351 3154 los.
368 3103 407 3165 15,
419 3115 444 3152 4.
458 3101 504 3152 aa:
523 3097 660 3151 Ι14164664
671 3097 834 3151 inhiarunt
847 3115 909 3151 cum
922 3096 1038 3151 1446414·
1063 3099 1130 3155 411641
1162 3098 1275 3155 inerunt
1306 3097 1428 3154 Cathari.
1460 3099 1637 3170 Augustinus
1666 3103 1702 3159 de
1727 3103 1834 3161 haeres.
1865 3106 1904 3161 ad

205 3185 242 3240 tis
268 3185 298 3238 in
322 3183 485 3238 Jerusalem
506 3200 594 3253 usquc
616 3184 646 3236 in
662 3190 840 3253 praesentem
859 3183 941 3239 diem.
978 3182 1037 3237 lma
1063 3185 1220 3252 Quodvuld.
1239 3202 1264 3242 c.
1283 3189 1328 3240 38:
1356 3185 1488 3250 (latiari,
1507 3189 1557 3254 pai
1572 3205 1602 3243 se
1620 3189 1699 3258 ipsos
1715 3189 1770 3245 ista
1787 3193 1904 3247 4464444446

204 3270 234 3327 in
266 3269 441 3326 sanctissimo
476 3269 665 3340 apostolorum
702 3269 819 3341 collegio
855 3268 911 3323 tuit
947 3268 1038 3324 ludas
1063 3272 1148 3342 quasi
1169 3278 1286 3342 propter
1310 3271 1478 3326 mundiciam
1501 3274 1697 3343 superbissime
1715 3283 1800 3345 cepas
1819 3279 1902 3334 64146-
1915 3291 1953 3332 x1.
1967 3292 1998 3333 ss

203 3356 306 3413 Christi
326 3357 457 3428 proditor,
478 3374 561 3429 quem
578 3357 723 3412 diabolum
736 3363 816 3413 vocat
834 3355 898 3411 Joh
915 3362 940 3424 6,
957 3372 983 3410 4.
996 3362 1036 3412 to.
1062 3359 1171 3412 6444444446
1197 3357 1356 3427 nominant,
1385 3359 1525 3413 Nouatum
1550 3368 1692 3415 sectantur
1718 3361 1902 3431 sonamus,

205 3443 379 3515 Augustinus
399 3441 446 3496 lib
469 3448 507 3498 16.
526 3443 561 3498 de
580 3441 633 3498 614.
651 3442 746 3499 Deic.
761 3448 808 3498 49:
832 3441 943 3496 Habuit
957 3440 1036 3495 0144·
1063 3445 1138 3499 unde
1167 3443 1250 3497 etiam
1268 3444 1427 3498 Nouatiani
1446 3445 1640 3515 appellantur.
1676 3449 1704 3501 3.
1729 3448 1902 3517 0666444444

202 3538 261 3585 aus
280 3530 353 3582 inter
374 3528 529 3597 discipulos
546 3546 631 3581 unam
636 3546 716 3598 ,pao
738 3528 811 3583 malo
828 3535 907 3583 4446444
925 3530 991 3583 lene
1011 3536 1037 3582 et
1063 3529 1221 3600 dequibus
1246 3528 1421 3602 Augustinus
1448 3530 1904 3593 4161664666694116446446444

202 3632 270 3670 suae
289 3613 435 3685 passionis
458 3613 671 3682 dispositionem
698 3614 827 3684 impleret
853 3622 879 3668 64
903 3614 1036 3670 ccclesiae
1062 3617 1106 3671 ael
1127 3616 1297 3670 Donatistae
1313 3618 1441 3686 primum
1453 3625 1573 3687 propter
1585 3616 1780 3675 Cesettianus»
1799 3631 1903 3684 6644446

201 3717 270 3756 susa
296 3700 508 3753 tolerandorum
533 3698 672 3755 4446164644
704 3701 858 3769 exemplum
877 3701 1034 3770 praeheret.
1061 3720 1142 3756 suam
1159 3702 1329 3756 voluntatens
1348 3704 1509 3758 ordinatam
1521 3704 1655 3759 ecelesias
1667 3703 1903 3778 Cartlaps'nenss's
1989 3736 1992 3740 “

201 3786 236 3840 In
259 3783 382 3841 ecclesiis
400 3782 617 3849 Corinthiorum,
643 3783 818 3849 Galatarum,
844 3784 1035 3856 Ephesiorum,
1063 3787 1223 3859 episcopum
1248 3788 1369 3842 46146446
1391 3789 1520 3851 fecerant
1545 3790 1705 3858 objectentur
1730 3793 1760 3847 64
1777 3794 1902 3851 ainana

203 3871 382 3929 Sardensium
419 3875 448 3925 et
482 3869 695 3926 Laodicensium
733 3877 922 3928 non-sanctos
950 3871 1036 3928 fuisse
1061 3892 1117 3929 non
1139 3875 1262 3944 probata
1287 3880 1337 3930 etc.
1373 3875 1479 3929 Postea
1503 3875 1532 3927 in
1551 3877 1682 3932 haeresin
1699 3880 1823 3935 46144646
1839 3899 1901 3936 uer·

204 3975 269 4015 rara
291 3957 345 4029 piis
370 3957 542 4013 intermixtos
559 3974 592 4011 ax
607 3956 730 4028 epistolis
747 3958 784 4013 ad
802 3956 895 4013 Galat.
913 3956 1035 4015 Corinth.
1061 3968 1166 4032 terunt,
1194 3967 1326 4031 tanquam
1355 3960 1473 4014 ecclesia
1504 3962 1611 4016 Christi
1631 3973 1752 4034 psopter
1777 3967 1901 4023 crimina

203 4043 305 4118 Ephes.
332 4050 361 4100 et
383 4059 418 4098 ex
437 4042 562 4114 Aponi
590 4048 618 4097 et
634 4048 659 4099 3.
677 4059 759 4115 capp.
778 4049 896 4100 constat.
929 4051 952 4100 5.
970 4043 1036 4100 Huc
1064 4047 1223 4103 Caeciliani
1242 4048 1278 4101 de
1295 4054 1352 4102 4646
1370 4054 1510 4100 terrarum
1522 4050 1586 4103 6416
1595 4051 1724 4120 perierit,
1742 4053 1901 4122 ubisstura

203 4129 343 4202 pertinent
362 4128 425 4185 libri
443 4128 597 4200 Augustini
616 4135 713 4184 conas
728 4128 890 4184 Donatistae
908 4136 937 4186 et
955 4130 1035 4186 Pela·
1058 4133 1200 4203 promissa
1225 4141 1265 4186 cst
1285 4140 1367 4203 atquc
1386 4132 1416 4185 in
1438 4135 1544 4199 Africa
1563 4137 1674 4191 Donati
1686 4145 1772 4207 parte
1788 4157 1900 4196 reman-

201 4216 301 4290 gisnos
325 4231 358 4269 66
384 4214 586 4284 disputationes
608 4221 733 4271 veterum
754 4221 850 4271 contm
867 4214 1035 4273 Novatianos
1061 4220 1130 4274 serit
1156 4218 1185 4271 in
1209 4220 1278 4273 aliis
1302 4227 1444 4273 terraram
1467 4221 1600 4289 partitas
1624 4224 1710 4292 pauci
1733 4227 1900 4294 camapione

202 4303 262 4358 4146
278 4299 420 4357 Catharos.
457 4302 523 4355 Huc
541 4301 580 4370 (iu
598 4301 650 4356 hac
668 4301 814 4369 4146164444
832 4303 1034 4374 Hierosolymi·
1062 4305 1262 4360 communionis
1280 4304 1421 4359 6664444646.
1458 4310 1482 4359 4.
1501 4309 1706 4378 Annuapuats,
1724 4311 1774 4382 qui
1785 4320 1900 4384 negant,

202 4389 277 4445 464446
297 4386 408 4441 14614464
429 4387 600 4455 Jehusaeas,
627 4387 672 4440 116
696 4389 726 4440 in
751 4388 831 4442 lrorto
856 4389 1034 4458 patrisfami-
1062 4397 1171 4448 coetum
1203 4392 1283 4446 illum
1312 4408 1372 4447 esse
1401 4393 1560 4462 eeclesiam,
1599 4396 1645 4450 eui
1682 4397 1799 4454 admixti
1834 4406 1902 4456 aunt

201 4475 258 4529 1464
277 4472 363 4528 44444441
379 4479 444 4525 sunt
461 4472 592 4526 saliunca
612 4480 637 4526 64
654 4474 740 4543 61464,
758 4474 850 4528 urtica
869 4484 895 4529 64
912 4484 1036 4545 44444466,
1061 4478 1242 4543 uon-sancti;
1275 4484 1380 4550 negant
1406 4480 1503 4550 etiam,
1529 4480 1662 4551 Spiritum
1688 4490 1816 4541 sanctum
1840 4501 1902 4543 6446

201 4561 232 4615 in
258 4575 342 4631 preps
368 4556 474 4613 Jaeali
496 4557 635 4613 animalia
660 4560 728 4613 6416
750 4567 776 4614 64
800 4560 897 4630 nipra,
924 4565 992 4631 apni
1009 4571 1035 4617 et
1062 4563 1202 4621 efficacem
1230 4581 1279 4634 per
1297 4563 1478 4622 ministerium
1498 4584 1606 4635 eorum,
1630 4583 1748 4639 quorum
1767 4569 1826 4625 rita
1843 4586 1901 4627 nnn

201 4645 301 4712 164444,-
329 4645 359 4698 in
381 4644 437 4699 reti
460 4644 542 4698 Petri
558 4644 652 4714 pisces
676 4646 790 4700 1644464
807 4646 891 4715 444614,
917 4649 947 4702 444
965 4667 1034 4720 apro
1062 4649 1210 4720 respondet
1224 4649 1367 4706 doctrinae
1380 4652 1550 4723 professioni.
1579 4654 1900 4714 Schmaltsiusinrafut.

201 4731 324 4789 Domini
341 4729 407 4785 lilia
428 4730 501 4783 inter
519 4729 637 4799 spinas‚·
658 4731 687 4784 in
700 4748 769 4785 area
784 4733 906 4787 Domini
914 4753 1036 4804 prauum
1063 4735 1180 4791 thesium
1205 4735 1328 4790 Frantaii
1348 4738 1418 4808 disp.
1437 4744 1462 4794 8.
1480 4757 1506 4810 p.
1526 4745 1584 4796 274.
1605 4741 1761 4810 contendit,
1784 4751 1899 4813 partem

201 4816 377 4886 campulon,
396 4833 426 4869 sn
437 4814 511 4869 66116
520 4814 726 4870 camaranum
737 4835 799 4871 cum
809 4827 931 4887 apresta
945 4822 1036 4879 alcum
1063 4822 1142 4877 illam
1167 4823 1352 4893 definitionis,
1377 4825 1583 4894 quadrantius
1601 4827 1765 4895 hypocritae
1782 4828 1839 4882 sint
1858 4847 1900 4884 sc·

202 4922 264 4959 cusa
282 4919 414 4970 amurca,·
432 4902 463 4954 in
480 4918 550 4954 area
565 4903 646 4956 Noae
663 4904 801 4958 6444466146
819 4909 925 4960 muncia
943 4911 999 4962 44
987 4927 1035 4963 sm
1062 4908 1198 4963 clesiae'
1186 4927 1216 4962 sn
1234 4911 1286 4964 166
1305 4912 1363 4963 nita
1382 4913 1509 4975 6414444444,
1523 4914 1613 4981 plane
1627 4914 1720 4968 64444144
1727 4931 1822 4985 pares,
1837 4928 1901 4971 eum

202 4992 315 5045 munda.
1048 4981 1118 5048 lnan
1139 4995 1176 5048 sit
1199 5014 1308 5051 neccsse
1332 4999 1404 5052 tales
1428 5015 1486 5053 esse
1512 4999 1541 5052 in
1559 4999 1665 5053 64441414·
1681 5000 1816 5068 66614646,
1839 5003 1902 5056 sine

104 5077 141 5118 ¹t
156 5077 189 5119 tt
237 5078 278 5130 49.
297 5071 500 5146 Oppoueudum
519 5078 561 5128 est
578 5072 631 5127 hoc
648 5074 844 5133 membrum!
860 5048 1167 5150 Audaccsts,¹satttnc
1198 5083 1298 5136 4614444
1331 5091 1433 5138 natura
1464 5085 1525 5153 eius
1557 5086 1683 5155 inaperta
1712 5103 1772 5141 esse
1797 5091 1901 5158 644644.

203 5174 320 5229 quorum
345 5157 432 5215 factio
455 5173 585 5230 magnam
608 5158 682 5215 vitae
702 5161 887 5219 innocentiam
905 5181 940 5220 aa
954 5166 1037 5223 66444-
1062 5168 1150 5239 Atqui
1175 5188 1350 5242 nequaquam
1369 5170 1422 5226 hoc
1440 5186 1523 5225 seusu
1541 5170 1570 5225 in
1588 5170 1749 5229 delinitione
1767 5173 1903 5230 6661661446

202 5249 288 5299 tatem
313 5245 445 5300 simulans
469 5245 702 5302 acommuuitats
720 5247 908 5307 ecclesiastica
927 5270 957 5309 ss
976 5253 1195 5371 proldicimus,
1223 5256 1296 5329 quod
1327 5256 1392 5311 mali
1417 5262 1444 5310 et
1468 5255 1630 5326 hypocritae
1653 5257 1711 5313 sint
1732 5257 1759 5314 ai
1777 5258 1903 5325 admixti,

203 5334 299 5398 pterea
320 5331 451 5389 recedere
471 5331 596 5400 dicebat,
621 5332 723 5402 quod
715 5350 745 5388 sn
762 5333 811 5389 illu
828 5334 964 5394 1644644444
981 5339 1037 5395 466-
1065 5356 1145 5412 64644
1171 5344 1224 5399 hoc
1248 5344 1284 5397 sit
1307 5341 1439 5397 ecclesiae
1454 5341 1614 5413 6466441616,
1638 5344 1679 5400 446
1694 5350 1727 5400 at
1743 5345 1826 5416 plane
1844 5364 1902 5404 non

203 5418 343 5471 amatores
367 5424 396 5474 et
419 5417 534 5489 impuri,
559 5424 590 5476 at
615 5417 718 5477 dicitur
740 5419 770 5476 iu
792 5422 920 5495 maloga
942 5424 1036 5484 haere-
1052 5422 1102 5487 isit
1118 5429 1251 5497 eeclesia,
1268 5428 1323 5486 nisi
1344 5428 1413 5485 46166
1432 5427 1486 5483 sint
1505 5427 1634 5500 admisti,
1649 5431 1701 5488 ssd
1720 5431 1787 5503 qula
1804 5431 1902 5492 mixtio
