4004 6022
283 258 345 320 204
471 282 476 288 ·
865 246 986 310 LOCUS
1005 245 1208 307 VICESIMUS
1226 246 1367 307 PRIMUS

283 406 482 475 Bellarminus,
509 405 645 461 Christum
670 421 729 460 esse
751 421 836 460 unum
859 403 1031 476 suppositum
1049 419 1112 459 curo
1139 401 1298 473 adorarent,
1325 402 1433 460 interim
1458 408 1552 461 tamen
1576 400 1716 475 objectum
1734 400 1902 459 adorationis
1919 419 1977 459 non

284 492 417 566 symbolis
427 492 590 548 sacramenti
605 492 731 561 externis,
750 498 779 548 at
790 492 842 547 hoc
854 491 939 547 asseri
952 508 1007 546 non
1022 490 1114 558 debet,
1138 488 1342 546 constituebant
1364 495 1468 559 restes,
1498 489 1546 545 sed
1567 488 1706 546 Christum
1731 489 1814 545 deum
1838 495 1868 545 et
1887 490 1976 546 homi·

284 580 379 635 divina
398 585 425 636 et
438 579 709 637 humanauaturain
722 579 831 635 Christo
842 579 1015 635 constituunt
1028 595 1114 631 unum
1139 592 1209 633 nem.
1262 582 1300 632 11.
1330 575 1460 649 Denique
1491 576 1566 648 quod
1592 576 1713 632 nondum
1743 576 1873 632 convenit
1901 576 1976 651 inter

285 666 476 744 ὑφιστάμενον
501 666 559 722 sive
582 666 768 739 suppositum,
790 666 838 721 sed
864 665 944 737 panis
961 671 989 720 et
1008 662 1284 737 corpus„scriptores
1296 663 1464 733 Pontificios,
1482 682 1520 718 an
1531 663 1707 734 formaliter,
1727 681 1765 718 an
1783 654 1976 719 materialiter·

284 756 380 813 vinum
411 759 439 809 11
470 753 583 826 sanguis
609 751 712 810 Christi
746 770 802 808 uon
829 752 1001 808 constituunt
1029 740 1342 817 unumisacrarnentum
1361 751 1547 805 eucharistiae
1564 752 1744 806 adorandum
1764 751 1815 817 ait,
1842 751 1872 807 id
1890 768 1974 827 argu·

283 840 469 914 suppositum,
496 840 544 895 sed
573 857 658 895 unum
686 843 899 908 sacramentum,
926 837 999 893 unde
1030 824 1260 894 etiamimentum
1282 838 1396 909 praebet
1414 854 1563 894 consensus
1580 838 1662 894 toties
1679 837 1876 909 depraedicati.

283 926 348 986 uuio
368 944 422 983 non
443 927 545 984 dieitur
564 927 725 998 personalis,
743 924 1020 984 sedsacramentalis.
1057 924 1112 981 Na·
1174 930 1232 983 207.
1259 924 1300 980 Ex
1325 924 1367 979 his
1391 924 1474 980 facile
1498 923 1617 997 intelligi
1638 930 1745 996 potest,
1773 925 2002 1004 (1111111111-1λ

223 1037 225 1041 ¹
282 1020 345 1073 tura
361 1014 497 1084 humana,
516 1014 582 1085 quia
601 1013 629 1068 in
653 1013 805 1067 ὑπόστασιν
823 1014 872 1066 τοῦ
892 1010 991 1081 Λόγου
1012 1016 1055 1069 111
1071 1027 1113 1064 as·
1140 1011 1259 1066 dandum
1283 1012 1319 1065 sit
1340 1010 1377 1066 ad
1399 1017 1591 1082 argumentum
1617 1010 1791 1067 Bellarmini:
1822 1013 1887 1067 Deo
1903 1030 1973 1067 uero

283 1106 384 1165 sumta,
396 1100 458 1156 ideo
466 1097 1010 1156 unaadoratloneChristusdeuscthomo
1017 1113 1113 1152 secun·
1140 1099 1254 1152 debetur
1272 1098 1403 1152 adoratio
1423 1097 1534 1152 latriae.
1571 1097 1698 1152 01111111
1717 1105 1748 1152 ut
1765 1105 1806 1153 est
1823 1099 1854 1152 s'n
1872 1098 1994 1154 11111-ο

284 1187 349 1244 dum
365 1191 510 1260 utramque
527 1192 653 1243 naturam
671 1185 817 1254 adoratur,
833 1184 882 1241 sed
901 1185 929 1240 in
942 1190 1113 1239 sacramento
1139 1186 1221 1238 ristia
1240 1187 1296 1240 sive
1315 1186 1344 1239 in
1362 1203 1422 1250 usrr,
1439 1186 1496 1238 siue
1513 1193 1601 1252 ertra,
1622 1192 1662 1238 ert
1678 1186 1748 1238 deas
1765 1201 1856 1243 11111.
1890 1186 1973 1256 Ergo
1990 1201 1994 1263 j

283 1269 1113 1344 eucharistiaepanisnonestunumcumcorporeChristisup·
1141 1275 1308 1327 adorandus
1329 1280 1372 1326 ert
1395 1272 1472 1325 cultu
1491 1271 1602 1330 latriae.
1641 1270 1866 1343 Respondemus:
1893 1271 1973 1328 Chri·

282 1359 410 1432 positum,
425 1357 1114 1429 ideoetiamcultuslatriaenondebetdeierripani.
1140 1364 1214 1414 stum
1239 1359 1267 1414 in
1297 1375 1376 1414 sacra
1402 1374 1487 1414 coena
1512 1374 1576 1413 rere
1604 1368 1775 1429 praesentem
1802 1375 1919 1429 corpora
1945 1366 1974 1421 et

284 1452 308 1505 9.
323 1446 508 1501 Bellarminus
528 1446 624 1502 eodem
645 1445 727 1501 modo
746 1450 896 1500 assumtam
916 1460 1026 1501 earnem
1043 1443 1114 1515 Filio
1141 1446 1274 1518 sanguine
1297 1463 1346 1500 suo
1366 1462 1415 1500 nos
1433 1461 1546 1515 pascere
1562 1444 1722 1515 sumimus,
1751 1442 1892 1501 Christum
1911 1462 1973 1505 asse

282 1532 336 1588 Dei
355 1537 383 1589 et
400 1548 501 1603 panem
520 1536 709 1586 consecratum
728 1530 837 1585 Christo
856 1530 964 1585 unitum
982 1547 1042 1585 esse
1062 1534 1115 1584 sta·
1141 1550 1235 1588 rerum
1254 1532 1335 1588 deum
1353 1536 1382 1587 et
1400 1531 1477 1586 cultu
1490 1529 1588 1586 latriae
1605 1529 1795 1586 honorandum
1807 1532 1972 1603 werimum

283 1620 344 1686 tuit,
364 1619 440 1692 quod
460 1623 502 1675 est
518 1617 693 1675 vehementer
719 1617 879 1675 absurdum.
915 1616 977 1673 Hoc
997 1617 1058 1672 loco
1076 1617 1116 1671 sic
1141 1619 1189 1674 sed
1214 1637 1246 1675 er
1265 1635 1298 1674 eo
1316 1619 1438 1674 nondum
1456 1617 1593 1690 sequitur,
1619 1616 1692 1688 quod
1712 1623 1800 1672 toturn
1818 1635 1973 1679 sacramen

283 1705 392 1760 scribit:
431 1704 685 1773 Quemadmodum,
723 1705 772 1775 um'
803 1704 943 1759 Christum
971 1704 1001 1756 iu
1031 1704 1115 1757 terris
1141 1713 1200 1762 tum
1219 1712 1348 1763 constans
1367 1724 1422 1761 non
1440 1705 1528 1761 solum
1547 1723 1576 1760 re
1596 1704 1715 1773 coelesti,
1734 1721 1850 1777 corpore
1868 1712 1897 1762 et
1911 1724 1973 1763 san·

283 1791 409 1846 uestitum
436 1791 610 1855 adorabant,
637 1809 693 1844 non
716 1790 807 1860 ipsum
827 1791 931 1856 soleam,
961 1789 1115 1844 sedetiam
1141 1794 1224 1866 guina
1246 1792 1362 1858 Christi,
1392 1793 1439 1848 sed
1464 1791 1545 1848 etiam
1569 1808 1600 1845 re
1622 1796 1745 1862 terrena,
1773 1809 1847 1864 pane
1870 1794 1976 1850 scilicet

283 1887 369 1933 vestas
395 1879 599 1947 quodammodo
623 1877 781 1932 adorabant
805 1882 857 1934 etc.
882 1876 951 1934 haee
975 1892 1115 1947 compara·
1143 1887 1169 1936 et
1186 1881 1258 1950 vino,
1277 1880 1313 1934 sit
1335 1878 1519 1948 adorandum,
1539 1878 1625 1933 multo
1644 1877 1733 1932 minus
1750 1896 1783 1935 er
1796 1896 1829 1934 eo
1842 1880 1975 1952 sequitur,

284 1966 323 2020 tio
345 1963 367 2019 si
388 1963 471 2019 debet
487 1963 591 2019 babere
610 1963 712 2030 locum,
737 1964 869 2035 procedat
889 1968 996 2034 oportet
1013 1979 1046 2017 ex
1063 1962 1115 2017 hac
1142 1967 1216 2039 quod
1242 1967 1322 2038 panis
1347 1972 1520 2023 consecratus
1541 1971 1618 2021 extra
1634 1983 1714 2021 usum
1733 1982 1750 2020 a
1770 1963 1881 2022 Christo
1898 1967 1975 2024 insti·

283 2050 442 2125 hypothesi,
465 2050 538 2122 quod
565 2049 644 2120 panis
670 2049 763 2104 unitus
782 2050 820 2104 sit
836 2049 944 2121 corpori
961 2046 1062 2103 Christi
1083 2065 1115 2103 eo
1141 2061 1231 2110 tutum
1255 2055 1284 2110 in
1307 2052 1528 2123 processionibus
1547 2052 1703 2108 adorandus
1721 2052 1773 2117 sit,
1794 2052 1932 2125 siquidem
1953 2060 1975 2113 1.

283 2137 374 2206 modu,
391 2155 445 2209 quo
465 2141 554 2192 vestet
573 2137 601 2192 in
621 2136 717 2192 diebus
737 2136 827 2192 carnia
847 2136 899 2208 ipsi
917 2135 1115 2204 efflaturum&
1141 2140 1266 2197 Christus
1292 2140 1517 2196 sacramentalem
1540 2138 1620 2210 panis
1645 2144 1672 2194 et
1696 2138 1832 2209 corporis,
1865 2138 1924 2195 rini
1947 2145 1975 2196 et

283 2230 313 2280 at
329 2224 381 2279 hae
400 2222 581 2278 similitudine
598 2224 680 2278 etiam
697 2223 826 2279 unionem
845 2221 980 2276 humanae
1001 2227 1115 2277 oannes
1141 2227 1284 2300 sanguinis
1307 2228 1335 2282 in
1359 2225 1525 2282 eucharistia
1549 2225 1676 2280 unionem
1702 2224 1833 2289 instituit,
1865 2226 1973 2283 interim

283 2328 346 2366 cum
368 2309 462 2365 divina
484 2309 513 2363 in
536 2326 653 2380 persona
672 2307 774 2364 Christi
802 2308 934 2367 declarat.
973 2308 1018 2364 Sic
1043 2308 1114 2364 euim
1142 2321 1234 2369 tamen
1261 2313 1362 2368 diserto
1386 2311 1516 2366 mandato
1540 2329 1619 2366 usum
1643 2311 1726 2383 hujus
1748 2312 1914 2368 sanctissimi
1932 2330 1973 2369 sa-

283 2396 380 2452 scribit
397 2394 445 2452 lib.
467 2399 490 2451 3.
508 2394 543 2449 de
563 2393 671 2451 Christo
690 2411 713 2448 e.
737 2400 776 2453 15.
795 2391 821 2471 ξ.
837 2412 982 2466 quaecum
996 2394 1115 2449 itcsint:
1142 2401 1274 2455 crementi
1300 2400 1438 2470 exposuit,
1466 2399 1539 2471 quod
1567 2398 1696 2454 videlicet
1715 2416 1814 2469 panem
1831 2416 1973 2456 consecra·

283 2484 334 2537 Ad
357 2481 560 2536 declarandam
583 2482 695 2535 unionis
710 2481 870 2551 personalia
889 2482 1048 2551 mysterium
1066 2498 1115 2551 ap·
1142 2494 1201 2541 tum
1228 2485 1395 2541 manducare
1422 2490 1450 2539 et
1477 2501 1510 2540 ex
1537 2484 1623 2539 calice
1648 2484 1795 2540 benedicto
1824 2485 1973 2542 debeamus

279 2570 377 2640 posita
395 2576 434 2622 eet
457 2568 612 2623 similitudo
636 2570 670 2620 de
684 2586 816 2639 prrrpura
834 2569 918 2635 repis.
958 2566 1025 2621 Cum
1043 2568 1115 2621 enim
1143 2572 1250 2642 bibere,
1273 2571 1389 2643 proinde
1418 2570 1528 2643 quando
1552 2570 1603 2625 hae
1628 2571 1748 2626 actiones
1768 2588 1786 2625 a
1804 2571 1914 2629 Christo
1933 2574 1973 2631 in.

283 2672 333 2708 mr
356 2654 449 2708 induit
470 2671 632 2724 perperam
657 2660 683 2706 et
705 2655 782 2706 rodet
801 2654 831 2706 r‘n
849 2654 920 2707 solio
939 2672 1004 2723 sao,
1031 2655 1117 2708 111111
1142 2659 1268 2728 stitutae,
1289 2659 1417 2716 videlicet
1434 2658 1606 2727 distributio,
1624 2658 1732 2727 sumtio,
1750 2660 1927 2717 manducatio
1946 2668 1974 2717 et

279 2758 440 2812 purpuram
476 2742 517 2793 aa
551 2739 627 2793 illud
663 2741 784 2808 solium,
819 2758 875 2793 non
907 2742 947 2794 ric
983 2748 1012 2793 ot
1047 2759 1116 2811 pnr-
1142 2744 1253 2815 bibitio,
1278 2744 1541 2817 omittunturinque
1562 2743 1765 2800 carumlocum
1786 2745 1873 2816 aliae,
1897 2747 1972 2805 ride·

279 2845 358 2897 pera
383 2827 498 2880 dr'cator
519 2828 617 2880 redere
642 2833 691 2879 ara
714 2843 846 2897 reynare,
876 2829 928 2881 scel
951 2835 981 2880 nt
1004 2828 1117 2881 dicatur
1141 2832 1206 2887 licet
1239 2830 1460 2902 circumgestatio
1489 2837 1517 2885 et
1540 2831 1687 2887 ostentatio
1707 2831 1891 2904 adhibentur,
1917 2851 1972 2891 non

283 2914 367 2968 uestis
395 2913 518 2966 sedentia
545 2920 594 2966 aut
624 2913 769 2981 repnentir
791 2920 817 2965 et
843 2915 925 2967 etiam
947 2921 978 2966 ut
1003 2915 1115 2969 dicatur
1142 2922 1234 2988 potest
1252 2917 1307 2972 dici
1323 2934 1410 2972 coena
1428 2917 1576 2973 Dominiea
1595 2917 1788 2989 administrari,
1809 2937 1874 2976 cum
1894 2921 1971 2977 omit·

281 3008 457 3074 purpuratus
483 3016 534 3054 ree
562 3002 659 3053 redere
687 3008 736 3053 aut
761 3017 886 3070 repsere.
926 3000 1029 3073 Ecquis
1050 3019 1114 3056 vero
1142 3009 1235 3058 tantur
1261 3021 1306 3074 ea,
1336 3010 1494 3074 quaesunt
1518 3002 1599 3073 hujus
1623 3005 1786 3061 sacramenti
1805 3007 1969 3066 essentialia.

285 3087 337 3158 ipsi
363 3085 510 3151 concedet,
535 3087 631 3142 eodem
659 3087 740 3141 modo
763 3087 868 3141 unitam
888 3104 948 3143 esse
966 3095 1114 3143 assumtam
1142 3096 1166 3145 2.
1189 3090 1265 3144 Inter
1287 3106 1386 3160 panem
1409 3093 1437 3144 et
1454 3106 1554 3161 corpus
1572 3088 1671 3146 Christi
1691 3109 1747 3146 non
1766 3099 1809 3149 est
1825 3094 1892 3149 unio
1911 3112 1971 3164 per·

285 3179 412 3230 naturam
448 3171 534 3244 Λόγῳ
577 3179 604 3229 ct
645 3191 745 3246 panem
786 3181 974 3230 consecratum
1009 3176 1115 3247 corpori
1142 3176 1257 3240 sonalis,
1292 3180 1406 3246 propter
1445 3192 1528 3246 quam
1561 3192 1615 3231 uon
1647 3176 1737 3231 minus
1766 3179 1845 3234 cultu
1874 3179 1972 3238 latriae

286 3260 401 3330 Christi,
419 3260 548 3316 videlicet
572 3278 627 3332 quo
651 3262 732 3317 modo
751 3278 875 3333 purpura
891 3263 970 3317 unita
987 3269 1030 3318 est
1047 3262 1114 3334 regi,
1141 3262 1296 3317 adorandus
1326 3260 1397 3316 foret
1422 3260 1516 3332 panis,
1546 3279 1629 3333 quam
1650 3270 1771 3321 assumta
1796 3271 1897 3321 natura
1922 3269 1973 3323 bu·

285 3366 346 3402 cunr
373 3345 439 3402 unio
463 3345 600 3403 humanae
624 3352 652 3402 et
674 3346 783 3403 divinae
810 3353 926 3403 naturae
953 3348 981 3402 in
1007 3349 1115 3404 Christo
1142 3365 1223 3404 mana
1242 3348 1388 3403 adoratur.
1412 3348 1460 3403 sed
1478 3348 1541 3403 unio
1559 3349 1764 3405 sacramentalis
1782 3349 1811 3404 11
1832 3353 1972 3409 1111111-

285 3433 322 3489 sit
338 3432 508 3507 personalis,
534 3432 599 3487 unio
618 3433 697 3505 panis
717 3439 744 3489 et
762 3434 882 3506 corporis
901 3434 1003 3491 Christi
1022 3434 1048 3489 in
1069 3453 1114 3490 eu·
1142 3443 1231 3503 steno,
1259 3443 1291 3488 ut
1318 3434 1456 3489 mediante
1479 3433 1625 3489 benedicto
1648 3452 1719 3505 pane
1744 3450 1845 3506 corpus
1870 3437 1974 3495 Christi

284 3520 414 3576 charistia
430 3519 651 3584 sacramentalis,
666 3519 732 3576 unio
749 3537 886 3592 purpurae
905 3527 934 3577 et
951 3521 1025 3593 regis
1042 3539 1115 3577 mere
1142 3521 1336 3585 manducetur,
1360 3521 1499 3577 mediante
1518 3520 1664 3576 benedicto
1682 3520 1746 3576 vino
1764 3524 1974 3595 1118111011τί-

285 3605 437 3662 extrinaeea
462 3612 490 3660 et
520 3605 707 3667 accidentalis.
748 3608 840 3674 Quare
867 3626 929 3663 cum
956 3608 1115 3681 hypothesis
1142 3610 1176 3663 sti
1193 3608 1314 3664 bibatur.
1353 3613 1377 3662 3.
1396 3605 1631 3673 Quemadmodum
1650 3606 1735 3679 igitur
1755 3607 1900 3666 1111111111
1918 3631 1973 3668 111

284 3690 366 3763 hujus
392 3691 603 3765 comparationis
627 3692 664 3748 sit
689 3692 809 3757 lubrica,
833 3693 923 3765 ipsam
943 3697 1025 3750 etiam
1044 3713 1114 3751 com·
1142 3695 1295 3751 adorabant
1322 3710 1415 3749 arcam
1442 3693 1561 3749 foederis
1591 3701 1639 3749 aut
1664 3694 1819 3750 columnam
1844 3699 1927 3755 nubis
1946 3707 1975 3756 et

284 3777 454 3852 parationem
476 3793 603 3833 corruere
620 3785 662 3835 est
679 3796 797 3835 necesse.
831 3787 870 3837 10.
883 3782 962 3837 Idem
974 3782 1115 3838 Bellarmi-
1142 3782 1214 3853 ignis
1243 3781 1272 3835 in
1301 3780 1424 3849 deserto,
1455 3781 1521 3835 licet
1547 3788 1638 3835 essent
1663 3787 1774 3835 externa
1800 3783 1929 3854 symbola
1945 3794 1973 3841 et

285 3882 337 3921 nus
353 3863 416 3921 libr.
439 3870 460 3919 1.
478 3864 513 3918 de
531 3862 640 3920 Christo
658 3883 682 3921 o.
699 3872 723 3923 8.
743 3869 767 3935 ξ.
795 3866 974 3939 Respondent
992 3869 1031 3924 sic
1050 3868 1115 3923 scri·
1142 3866 1222 3938 signa
1238 3865 1386 3938 peculiaris
1404 3865 1576 3937 praesentiae
1595 3866 1648 3921 Dei
1667 3867 1817 3921 habitantis
1835 3870 1866 3922 in
1880 3874 1972 3927 medio

284 3952 326 4007 bit
343 3957 440 4009 contra
457 3951 592 4007 Arianos:
627 3952 708 4016 Quod
724 3954 754 4006 in
775 3953 885 4008 Cirr-'sto
904 3957 983 4008 Deua
1000 3956 1115 4023 dabitat,
1143 3952 1289 4008 Clembim
1313 3970 1397 4023 super
1420 3970 1517 4006 arcam
1540 3955 1667 4017 foederis
1690 3953 1776 4008 Exod.
1802 3960 1849 4019 25,
1877 3974 1904 4015 r.
1931 3963 1971 4013 11.

285 4057 339 4094 non
357 4040 475 4109 rrtsficit,
497 4038 596 4093 atille
614 4040 706 4109 possit
727 4041 863 4109 adorari,
889 4041 1015 4112 alioquin
1039 4049 1116 4112 ⁴totrtu
1143 4049 1167 4094 ct
1177 4040 1374 4111 praecedentis
1389 4040 1540 4094 Israe'lr'taa
1559 4040 1588 4092 in
1606 4040 1735 4094 columna
1755 4041 1835 4094 nubis
1854 4050 1881 4095 et
1900 4045 1973 4111 ipris

285 4129 404 4181 mundus
425 4132 522 4196 posset
547 4127 669 4179 adorari
693 4135 718 4179 11
734 4128 885 4197 praecipue
906 4129 999 4181 sancti
1022 4129 1118 4196 angeli
1143 4127 1228 4183 Exod.
1251 4131 1292 4192 13,
1313 4143 1338 4178 r.
1357 4132 1398 4181 21.
1419 4126 1467 4181 aad
1484 4142 1581 4195 preces
1602 4133 1629 4181 et
1647 4127 1848 4183 invocationem
1868 4129 1971 4185 disere

286 4222 311 4267 et
343 4213 480 4280 homines,
512 4212 542 4264 r'n
568 4213 666 4284 quibas
689 4211 871 4282 singulariter
898 4215 977 4268 Deus
999 4215 1114 4268 habitat.
1143 4220 1207 4268 runt
1232 4213 1268 4267 ad
1288 4211 1378 4267 Deum
1405 4210 1433 4264 in
1456 4211 1574 4266 externis
1594 4212 1668 4267 hisce
1689 4212 1822 4283 symbolis
1841 4216 1972 4286 peculiari

286 4298 345 4353 Aut
373 4298 442 4353 haee
475 4298 617 4369 responsio
641 4297 752 4354 Arianis
779 4297 905 4370 opposita
929 4305 971 4354 cst
998 4299 1115 4357 infirma.
1143 4299 1223 4354 modo
1247 4298 1367 4371 gratiose
1390 4304 1577 4369 praesentem
1602 4299 1640 4352 sic
1660 4298 1785 4354 Christus
1804 4299 1832 4355 in
1851 4303 1972 4357 euchari·

286 4391 334 4442 aut
353 4383 560 4440 concedendum
579 4389 629 4452 est,
646 4385 813 4456 peculiarem
829 4385 950 4455 corporis
968 4384 1069 4441 Christi
1088 4386 1117 4441 in
1143 4386 1196 4441 stia
1221 4385 1377 4441 adorandus
1395 4391 1453 4449 est,
1479 4385 1526 4440 sed
1546 4383 1633 4441 honor
1651 4391 1679 4440 et
1695 4385 1786 4441 cultus
1805 4386 1972 4443 adorationis

284 4489 356 4545 pane
376 4469 561 4543 praesentiam
581 4487 635 4525 non
654 4470 761 4539 inferre,
781 4476 812 4525 ut
828 4470 907 4541 panis
927 4472 1003 4526 cultu
1020 4473 1117 4528 latriae
1142 4490 1196 4528 non
1218 4470 1382 4527 deferendus
1402 4471 1519 4526 externis
1538 4470 1671 4544 symbolis
1686 4472 1882 4545 panisetrini,
1902 4474 1972 4528 unde

284 4558 421 4614 adoretur.
466 4563 503 4613 11.
522 4557 590 4627 Eos,
614 4558 661 4630 qui
686 4557 825 4613 Christum
846 4558 875 4611 in
892 4558 971 4613 terris
988 4559 1117 4615 resdtum
1144 4566 1217 4616 recte
1240 4556 1336 4611 scribit
1362 4556 1517 4613 Cassander
1541 4557 1569 4612 in
1598 4558 1714 4614 consult.
1739 4575 1800 4632 cap.
1825 4560 1860 4616 de
1878 4561 1971 4617 adora·

284 4644 453 4711 adorabant,
482 4642 583 4698 Christi
612 4649 702 4700 restes
732 4644 861 4700 adorasse
891 4645 968 4699 nulla
995 4646 1118 4701 veritatis
1142 4646 1217 4700 11111
1240 4642 1348 4699 eucher.
1373 4661 1437 4717 pag.
1460 4649 1519 4701 173:
1560 4647 1606 4699 Dc
1635 4645 1802 4700 adoratione
1827 4664 1972 4702 sacrosan·

286 4729 840 4804 1111111111111111111111111111111.
862 4748 965 4804 magos,
985 4730 1033 4803 qui
1051 4732 1115 4787 ado·
1143 4732 1182 4784 cti
1205 4730 1288 4800 bajas
1312 4732 1480 4784 sacramenti
1500 4732 1541 4784 r'ta
1558 4738 1728 4787 essetecum
1746 4739 1833 4786 mente
1852 4742 1972 4787 1111111·

284 4823 381 4873 raruut
404 4816 492 4890 ipsum
513 4817 652 4887 jacentem
672 4815 701 4871 in
720 4816 859 4889 praesepi,
884 4818 967 4871 etiam
984 4834 1117 4895 praesepe
1143 4819 1209 4870 dcem
1231 4823 1309 4886 puto.
1348 4816 1415 4870 0111
1439 4817 1468 4871 in
1485 4817 1536 4874 boc
1554 4825 1728 4875 sacramento
1747 4817 1886 4883 01111111,
1906 4822 1972 4874 derra

284 4905 421 4959 adorasse.
472 4901 708 4974 Distinguendum
741 4903 812 4958 inter
843 4902 1012 4959 adorationis
1041 4905 1116 4974 obje-
1143 4909 1169 4954 11
1186 4903 1282 4970 bomo,
1310 4909 1337 4955 et
1354 4921 1472 4974 corpore
1492 4911 1518 4958 et
1534 4906 1669 4972 sanquine
1686 4921 1737 4959 suo
1750 4914 1929 4975 praesentem
1944 4923 1972 4960 sc

285 4999 371 5057 ctum,
400 4988 475 5061 quod
498 4994 539 5044 est
563 4987 688 5044 Christus
716 4989 784 5045 deus
808 4995 836 5044 et
858 4988 957 5058 homo,
990 4994 1018 5044 et
1045 4989 1116 5043 inter
1143 4989 1273 5057 celibrat,
1291 5007 1457 5060 consequens
1471 5000 1524 5059 est,
1552 4997 1582 5043 ut
1601 4991 1631 5044 r'n
1649 4991 1701 5045 boc
1719 5008 1826 5063 praeque
1844 4993 1972 5061 mysterio

285 5076 387 5149 objecti
405 5075 566 5147 adjunctum
585 5074 775 5140 erntnssoum,
796 5075 870 5148 quod
888 5075 1001 5132 suerunt
1018 5083 1115 5130 restes.
1143 5076 1292 5141 adoreum,
1323 5094 1393 5145 quae
1424 5077 1557 5131 adoratio
1584 5094 1640 5130 non
1669 5080 1711 5132 ad
1739 5079 1831 5148 braum
1855 5079 1973 5149 ciprum,

284 5161 359 5233 Ergo
383 5161 407 5217 si
433 5160 513 5234 panis
536 5166 711 5215 consecratus
737 5178 792 5216 non
818 5167 861 5215 est
880 5160 934 5216 alio
954 5161 1034 5217 modo
1052 5161 1116 5216 ado·
1143 5165 1219 5231 meod
1243 5163 1362 5217 exterius
1387 5163 1511 5230 uidebar,
1536 5162 1588 5214 red
1610 5165 1650 5217 ad
1673 5164 1764 5232 apuam
1782 5182 1841 5219 rem
1860 5173 1887 5218 et
1905 5163 1973 5218 reri·

286 5248 402 5317 raudus,
429 5266 512 5320 quam
535 5263 589 5321 quo
608 5246 737 5303 adoratae
755 5247 868 5303 fuerunt
884 5253 987 5312 restes,
1016 5247 1117 5319 quibus
1143 5257 1237 5318 tatem,
1261 5266 1331 5319 qaae
1349 5249 1466 5302 interius
1483 5247 1620 5317 creditur,
1637 5251 1789 5318 remerenda
1808 5252 1859 5314 sit,
1881 5269 1973 5322 quam·

192 5332 217 5378 Σ·
228 5332 274 5376 ³1¹·
288 5330 414 5387 Christus
432 5334 486 5389 fuit
505 5333 626 5399 indutus,
644 5331 720 5386 nullo
738 5332 819 5387 modo
840 5333 917 5388 cultu
937 5332 1035 5388 latriae
1051 5333 1117 5388 ado·
1142 5338 1183 5389 vir
1206 5344 1231 5390 et
1249 5338 1306 5407 ipsi
1322 5334 1411 5403 11911,
1431 5331 1511 5400 cujus
1527 5332 1588 5400 jam
1606 5333 1696 5390 virtus
1713 5337 1895 5405 intellipc'tar,
1914 5347 1973 5393 tan·

288 5416 391 5470 raudus
406 5420 465 5472 erit.
504 5419 557 5483 Qui
575 5418 713 5474 Christum
734 5418 863 5473 vestitum
877 5419 1044 5487 adorabant,
1064 5438 1226 5497 nonquam
1258 5421 1390 5489 religiono
1421 5424 1447 5469 11
1475 5434 1557 5470 sacro
1585 5437 1637 5473 sua
1663 5424 1803 5478 veneratrb
1832 5425 1973 5480 debeatur.

289 5501 398 5579 quidem
429 5504 568 5578 jubebant
593 5523 654 5565 eum
681 5504 803 5565 restibus
826 5505 938 5572 nuduri,
968 5507 1221 5579 antequamlldem
1251 5507 1326 5564 dicat
1357 5501 1554 5574 bellarminus,
1583 5513 1610 5564 et
1635 5510 1822 5567 controversia
1839 5510 1928 5567 omnis
1946 5509 1975 5568 in
