<?xml version="1.0" encoding="UTF-8"?>
<!DOCTYPE html PUBLIC "-//W3C//DTD XHTML 1.0 Transitional//EN"
    "http://www.w3.org/TR/xhtml1/DTD/xhtml1-transitional.dtd">
<html xmlns="http://www.w3.org/1999/xhtml" xml:lang="en" lang="en">
 <head>
  <title>
</title>
<meta http-equiv="Content-Type" content="text/html;charset=utf-8" />
  <meta name='ocr-system' content='tesseract 3.04.00' />
  <meta name='ocr-capabilities' content='ocr_page ocr_carea ocr_par ocr_line ocrx_word'/>
</head>
<body>
  <div class='ocr_page' id='page_1' title='image "./lta-11000/locitheologicit03gerhgoog/locitheologicit03gerhgoog_0233.png"; bbox 0 0 4004 6022; ppageno 0'>
   <div class='ocr_carea' id='block_1_1' title="bbox 266 116 1370 205">
    <p class='ocr_par' dir='ltr' id='par_1_1' title="bbox 266 116 1370 205">
     <span class='ocr_line' id='line_1_1' title="bbox 266 116 1370 205; baseline 0.002 -16"><span class='ocrx_word' id='word_1_1' title='bbox 266 128 331 205; x_wconf 78' lang='lat' dir='ltr'><strong>nas</strong></span> <span class='ocrx_word' id='word_1_2' title='bbox 865 116 1211 191; x_wconf 56' lang='lat' dir='ltr'><strong>manantium</strong></span> <span class='ocrx_word' id='word_1_3' title='bbox 1225 118 1370 191; x_wconf 66' lang='lat' dir='ltr'><strong>timus</strong></span> 
     </span>
    </p>
   </div>
   <div class='ocr_carea' id='block_1_2' title="bbox 107 270 1996 5181">
    <p class='ocr_par' dir='ltr' id='par_1_2' title="bbox 107 270 1996 5181">
     <span class='ocr_line' id='line_1_2' title="bbox 264 270 1991 349; baseline 0.001 -16"><span class='ocrx_word' id='word_1_4' title='bbox 264 292 317 333; x_wconf 88' lang='lat' dir='ltr'><strong>nec</strong></span> <span class='ocrx_word' id='word_1_5' title='bbox 342 273 472 349; x_wconf 62' lang='lat' dir='ltr'><strong>gwala</strong></span> <span class='ocrx_word' id='word_1_6' title='bbox 493 273 601 349; x_wconf 83' lang='lat' dir='ltr'><strong>aliquot</strong></span> <span class='ocrx_word' id='word_1_7' title='bbox 623 272 925 347; x_wconf 53' lang='lat' dir='ltr'><strong>&amp;amantissimo</strong></span> <span class='ocrx_word' id='word_1_8' title='bbox 942 273 1099 331; x_wconf 74' lang='lat' dir='ltr'><strong>contionis</strong></span> <span class='ocrx_word' id='word_1_9' title='bbox 1126 273 1211 331; x_wconf 61' lang='lat' dir='ltr'><strong>mam</strong></span> <span class='ocrx_word' id='word_1_10' title='bbox 1227 273 1383 333; x_wconf 83' lang='lat' dir='ltr'><strong>ininntibus</strong></span> <span class='ocrx_word' id='word_1_11' title='bbox 1399 270 1991 347; x_wconf 64' lang='lat' dir='ltr'><strong>tunounnbsbttsnusautsrnsm</strong></span> 
     </span>
     <span class='ocr_line' id='line_1_3' title="bbox 264 358 1978 451; baseline 0.001 -32"><span class='ocrx_word' id='word_1_12' title='bbox 264 360 389 451; x_wconf 62' lang='lat' dir='ltr'><strong>peripnlo</strong></span> <span class='ocrx_word' id='word_1_13' title='bbox 408 377 548 417; x_wconf 73' lang='lat' dir='ltr'><strong>assumere</strong></span> <span class='ocrx_word' id='word_1_14' title='bbox 565 360 688 431; x_wconf 81' lang='lat' dir='ltr'><strong>puniat,</strong></span> <span class='ocrx_word' id='word_1_15' title='bbox 709 359 765 415; x_wconf 89' lang='lat' dir='ltr'><strong>illis</strong></span> <span class='ocrx_word' id='word_1_16' title='bbox 782 358 896 432; x_wconf 84' lang='lat' dir='ltr'><strong>qnidam</strong></span> <span class='ocrx_word' id='word_1_17' title='bbox 914 358 1035 419; x_wconf 88' lang='lat' dir='ltr'><strong>suadent</strong></span> <span class='ocrx_word' id='word_1_18' title='bbox 1050 375 1099 430; x_wconf 88' lang='lat' dir='ltr'><strong>ps·</strong></span> <span class='ocrx_word' id='word_1_19' title='bbox 1125 359 1190 418; x_wconf 80' lang='lat' dir='ltr'><strong>lob.</strong></span> <span class='ocrx_word' id='word_1_20' title='bbox 1208 366 1233 428; x_wconf 82' lang='lat' dir='ltr'><strong>i,</strong></span> <span class='ocrx_word' id='word_1_21' title='bbox 1250 379 1277 417; x_wconf 83' lang='lat' dir='ltr'><strong>v.</strong></span> <span class='ocrx_word' id='word_1_22' title='bbox 1296 365 1347 417; x_wconf 80' lang='lat' dir='ltr'><strong>tt:</strong></span> <span class='ocrx_word' id='word_1_23' title='bbox 1365 358 1435 417; x_wconf 78' lang='lat' dir='ltr'><strong>Nisi</strong></span> <span class='ocrx_word' id='word_1_24' title='bbox 1450 360 1690 417; x_wconf 61' lang='lat' dir='ltr'><strong>mandacaveritis</strong></span> <span class='ocrx_word' id='word_1_25' title='bbox 1706 376 1821 417; x_wconf 68' lang='lat' dir='ltr'><strong>cmm</strong></span> <span class='ocrx_word' id='word_1_26' title='bbox 1831 360 1899 429; x_wconf 71' lang='lat' dir='ltr'><strong>filis·</strong></span> <span class='ocrx_word' id='word_1_27' title='bbox 1913 363 1978 421; x_wconf 83' lang='lat' dir='ltr'><strong>bs-</strong></span> 
     </span>
     <span class='ocr_line' id='line_1_4' title="bbox 266 443 1976 517; baseline -0.001 -12"><span class='ocrx_word' id='word_1_28' title='bbox 266 467 330 505; x_wconf 91' lang='lat' dir='ltr'><strong>uem</strong></span> <span class='ocrx_word' id='word_1_29' title='bbox 348 447 519 505; x_wconf 73' lang='lat' dir='ltr'><strong>solummodo</strong></span> <span class='ocrx_word' id='word_1_30' title='bbox 530 453 721 503; x_wconf 79' lang='lat' dir='ltr'><strong>nomecmtum</strong></span> <span class='ocrx_word' id='word_1_31' title='bbox 733 445 871 514; x_wconf 75' lang='lat' dir='ltr'><strong>exhibeto,</strong></span> <span class='ocrx_word' id='word_1_32' title='bbox 889 444 1016 502; x_wconf 79' lang='lat' dir='ltr'><strong>sedtum</strong></span> <span class='ocrx_word' id='word_1_33' title='bbox 1027 443 1100 500; x_wconf 75' lang='lat' dir='ltr'><strong>cair</strong></span> <span class='ocrx_word' id='word_1_34' title='bbox 1125 448 1209 503; x_wconf 72' lang='lat' dir='ltr'><strong>minu</strong></span> <span class='ocrx_word' id='word_1_35' title='bbox 1225 455 1251 502; x_wconf 83' lang='lat' dir='ltr'><strong>et</strong></span> <span class='ocrx_word' id='word_1_36' title='bbox 1268 447 1393 502; x_wconf 73' lang='lat' dir='ltr'><strong>unnim</strong></span> <span class='ocrx_word' id='word_1_37' title='bbox 1409 447 1574 517; x_wconf 72' lang='lat' dir='ltr'><strong>sanguim</strong></span> <span class='ocrx_word' id='word_1_38' title='bbox 1592 446 1667 515; x_wconf 78' lang='lat' dir='ltr'><strong>sins,</strong></span> <span class='ocrx_word' id='word_1_39' title='bbox 1692 464 1749 501; x_wconf 81' lang='lat' dir='ltr'><strong>non</strong></span> <span class='ocrx_word' id='word_1_40' title='bbox 1765 447 1907 503; x_wconf 60' lang='lat' dir='ltr'><strong>lnbeffits‘s</strong></span> <span class='ocrx_word' id='word_1_41' title='bbox 1924 450 1976 503; x_wconf 82' lang='lat' dir='ltr'><strong>ci·</strong></span> 
     </span>
     <span class='ocr_line' id='line_1_5' title="bbox 264 529 1972 608; baseline 0.001 -17"><span class='ocrx_word' id='word_1_42' title='bbox 264 535 302 591; x_wconf 88' lang='lat' dir='ltr'><strong>sit</strong></span> <span class='ocrx_word' id='word_1_43' title='bbox 323 553 388 608; x_wconf 84' lang='lat' dir='ltr'><strong>psrs</strong></span> <span class='ocrx_word' id='word_1_44' title='bbox 412 533 567 590; x_wconf 79' lang='lat' dir='ltr'><strong>essentialis</strong></span> <span class='ocrx_word' id='word_1_45' title='bbox 586 532 784 602; x_wconf 69' lang='lat' dir='ltr'><strong>eucharistiae,</strong></span> <span class='ocrx_word' id='word_1_46' title='bbox 807 531 870 589; x_wconf 89' lang='lat' dir='ltr'><strong>ideo</strong></span> <span class='ocrx_word' id='word_1_47' title='bbox 886 537 1011 602; x_wconf 84' lang='lat' dir='ltr'><strong>praestat</strong></span> <span class='ocrx_word' id='word_1_48' title='bbox 1029 529 1099 585; x_wconf 87' lang='lat' dir='ltr'><strong>tales</strong></span> <span class='ocrx_word' id='word_1_49' title='bbox 1125 540 1181 587; x_wconf 78' lang='grc' dir='ltr'>ιαιιι</span> <span class='ocrx_word' id='word_1_50' title='bbox 1204 533 1236 586; x_wconf 91' lang='lat' dir='ltr'><strong>in</strong></span> <span class='ocrx_word' id='word_1_51' title='bbox 1258 533 1343 593; x_wconf 76' lang='lat' dir='ltr'><strong>sotis.</strong></span> <span class='ocrx_word' id='word_1_52' title='bbox 1378 531 1591 606; x_wconf 69' lang='lat' dir='ltr'><strong>“Augustinus</strong></span> <span class='ocrx_word' id='word_1_53' title='bbox 1614 532 1693 604; x_wconf 87' lang='lat' dir='ltr'><strong>epist.</strong></span> <span class='ocrx_word' id='word_1_54' title='bbox 1719 538 1762 591; x_wconf 78' lang='grc'><strong>93.</strong></span> <span class='ocrx_word' id='word_1_55' title='bbox 1788 539 1818 589; x_wconf 89' lang='lat' dir='ltr'><strong>et</strong></span> <span class='ocrx_word' id='word_1_56' title='bbox 1846 539 1905 591; x_wconf 79' lang='lat' dir='ltr'><strong>liti.</strong></span> <span class='ocrx_word' id='word_1_57' title='bbox 1931 535 1972 592; x_wconf 90' lang='lat' dir='ltr'><strong>it.</strong></span> 
     </span>
     <span class='ocr_line' id='line_1_6' title="bbox 262 616 1964 691; baseline -0.001 -13"><span class='ocrx_word' id='word_1_58' title='bbox 262 622 298 678; x_wconf 89' lang='lat' dir='ltr'><strong>ab</strong></span> <span class='ocrx_word' id='word_1_59' title='bbox 327 639 379 676; x_wconf 89' lang='lat' dir='ltr'><strong>usu</strong></span> <span class='ocrx_word' id='word_1_60' title='bbox 398 636 501 676; x_wconf 88' lang='lat' dir='ltr'><strong>coenae</strong></span> <span class='ocrx_word' id='word_1_61' title='bbox 518 618 673 683; x_wconf 70' lang='lat' dir='ltr'><strong>eminere,</strong></span> <span class='ocrx_word' id='word_1_62' title='bbox 702 635 785 690; x_wconf 89' lang='lat' dir='ltr'><strong>quum</strong></span> <span class='ocrx_word' id='word_1_63' title='bbox 806 618 974 674; x_wconf 81' lang='lat' dir='ltr'><strong>contrarium</strong></span> <span class='ocrx_word' id='word_1_64' title='bbox 992 616 1099 689; x_wconf 68' lang='lat' dir='ltr'><strong>aliqum</strong></span> <span class='ocrx_word' id='word_1_65' title='bbox 1124 617 1171 675; x_wconf 91' lang='lat' dir='ltr'><strong>lib.</strong></span> <span class='ocrx_word' id='word_1_66' title='bbox 1183 625 1208 676; x_wconf 82' lang='lat'><strong>5.</strong></span> <span class='ocrx_word' id='word_1_67' title='bbox 1219 618 1387 691; x_wconf 78' lang='lat' dir='ltr'><strong>hypognost</strong></span> <span class='ocrx_word' id='word_1_68' title='bbox 1414 616 1744 673; x_wconf 81' lang='lat' dir='ltr'><strong>Mnldouatusiucomm.</strong></span> <span class='ocrx_word' id='word_1_69' title='bbox 1761 617 1827 676; x_wconf 80' lang='lat' dir='ltr'><strong>lob.</strong></span> <span class='ocrx_word' id='word_1_70' title='bbox 1840 625 1867 689; x_wconf 86' lang='lat'><strong>6,</strong></span> <span class='ocrx_word' id='word_1_71' title='bbox 1879 637 1906 674; x_wconf 86' lang='grc' dir='ltr'><strong>ι.</strong></span> <span class='ocrx_word' id='word_1_72' title='bbox 1919 625 1964 677; x_wconf 71' lang='lat' dir='ltr'><strong>tt.</strong></span> 
     </span>
     <span class='ocr_line' id='line_1_7' title="bbox 264 702 1964 776; baseline -0.001 -14"><span class='ocrx_word' id='word_1_73' title='bbox 264 708 375 763; x_wconf 73' lang='lat' dir='ltr'><strong>dinnao</strong></span> <span class='ocrx_word' id='word_1_74' title='bbox 402 705 569 761; x_wconf 77' lang='lat' dir='ltr'><strong>institutioni</strong></span> <span class='ocrx_word' id='word_1_75' title='bbox 599 705 748 776; x_wconf 70' lang='lat' dir='ltr'><strong>suscipere.</strong></span> <span class='ocrx_word' id='word_1_76' title='bbox 788 702 916 760; x_wconf 82' lang='lat' dir='ltr'><strong>Ducendi</strong></span> <span class='ocrx_word' id='word_1_77' title='bbox 939 708 1005 759; x_wconf 86' lang='lat' dir='ltr'><strong>sunt</strong></span> <span class='ocrx_word' id='word_1_78' title='bbox 1028 702 1099 758; x_wconf 86' lang='lat' dir='ltr'><strong>talea</strong></span> <span class='ocrx_word' id='word_1_79' title='bbox 1124 709 1454 774; x_wconf 68' lang='lat' dir='ltr'><strong>utinamutinam,</strong></span> <span class='ocrx_word' id='word_1_80' title='bbox 1467 705 1540 759; x_wconf 82' lang='lat' dir='ltr'><strong>bursa</strong></span> <span class='ocrx_word' id='word_1_81' title='bbox 1554 714 1833 761; x_wconf 80' lang='lat' dir='ltr'><strong>erroremsencentas</strong></span> <span class='ocrx_word' id='word_1_82' title='bbox 1846 707 1964 761; x_wconf 78' lang='lat' dir='ltr'><strong>circiter</strong></span> 
     </span>
     <span class='ocr_line' id='line_1_8' title="bbox 263 789 1961 864; baseline 0 -15"><span class='ocrx_word' id='word_1_83' title='bbox 263 792 399 859; x_wconf 86' lang='lat' dir='ltr'><strong>abstemii,</strong></span> <span class='ocrx_word' id='word_1_84' title='bbox 417 808 534 863; x_wconf 89' lang='lat' dir='ltr'><strong>quorum</strong></span> <span class='ocrx_word' id='word_1_85' title='bbox 551 798 645 847; x_wconf 87' lang='lat' dir='ltr'><strong>tamen</strong></span> <span class='ocrx_word' id='word_1_86' title='bbox 663 790 822 862; x_wconf 72' lang='lat' dir='ltr'><strong>paucissimi</strong></span> <span class='ocrx_word' id='word_1_87' title='bbox 839 789 1024 860; x_wconf 83' lang='lat' dir='ltr'><strong>inveniuntur,</strong></span> <span class='ocrx_word' id='word_1_88' title='bbox 1043 805 1099 843; x_wconf 90' lang='lat' dir='ltr'><strong>uon</strong></span> <span class='ocrx_word' id='word_1_89' title='bbox 1124 808 1215 845; x_wconf 84' lang='lat' dir='ltr'><strong>annos</strong></span> <span class='ocrx_word' id='word_1_90' title='bbox 1238 790 1361 862; x_wconf 67' lang='lat' dir='ltr'><strong>siquam</strong></span> <span class='ocrx_word' id='word_1_91' title='bbox 1383 792 1415 845; x_wconf 86' lang='lat' dir='ltr'><strong>in</strong></span> <span class='ocrx_word' id='word_1_92' title='bbox 1436 792 1562 849; x_wconf 69' lang='lat' dir='ltr'><strong>sackela</strong></span> <span class='ocrx_word' id='word_1_93' title='bbox 1599 790 1770 849; x_wconf 76' lang='lat' dir='ltr'><strong>dioscoritas</strong></span> <span class='ocrx_word' id='word_1_94' title='bbox 1788 791 1875 847; x_wconf 85' lang='lat' dir='ltr'><strong>etiam</strong></span> <span class='ocrx_word' id='word_1_95' title='bbox 1893 809 1961 864; x_wconf 81' lang='lat' dir='ltr'><strong>pne</strong></span> 
     </span>
     <span class='ocr_line' id='line_1_9' title="bbox 262 874 1963 950; baseline 0 -17"><span class='ocrx_word' id='word_1_96' title='bbox 262 877 457 950; x_wconf 74' lang='lat' dir='ltr'><strong>privationem,</strong></span> <span class='ocrx_word' id='word_1_97' title='bbox 487 877 537 933; x_wconf 89' lang='lat' dir='ltr'><strong>sed</strong></span> <span class='ocrx_word' id='word_1_98' title='bbox 566 884 734 932; x_wconf 77' lang='lat' dir='ltr'><strong>contemtum</strong></span> <span class='ocrx_word' id='word_1_99' title='bbox 765 874 930 931; x_wconf 72' lang='lat' dir='ltr'><strong>smrsmenti</strong></span> <span class='ocrx_word' id='word_1_100' title='bbox 953 875 1099 941; x_wconf 74' lang='lat' dir='ltr'><strong>damnare3</strong></span> <span class='ocrx_word' id='word_1_101' title='bbox 1124 892 1169 931; x_wconf 88' lang='lat' dir='ltr'><strong>ros</strong></span> <span class='ocrx_word' id='word_1_102' title='bbox 1199 877 1236 931; x_wconf 89' lang='lat' dir='ltr'><strong>ad</strong></span> <span class='ocrx_word' id='word_1_103' title='bbox 1262 893 1377 932; x_wconf 79' lang='lat' dir='ltr'><strong>menum</strong></span> <span class='ocrx_word' id='word_1_104' title='bbox 1405 876 1571 945; x_wconf 74' lang='lat' dir='ltr'><strong>admittunt,</strong></span> <span class='ocrx_word' id='word_1_105' title='bbox 1607 883 1640 933; x_wconf 90' lang='lat' dir='ltr'><strong>nt</strong></span> <span class='ocrx_word' id='word_1_106' title='bbox 1669 882 1779 933; x_wconf 80' lang='lat' dir='ltr'><strong>cmstst</strong></span> <span class='ocrx_word' id='word_1_107' title='bbox 1809 883 1846 933; x_wconf 83' lang='lat' dir='ltr'><strong>o&#39;x</strong></span> <span class='ocrx_word' id='word_1_108' title='bbox 1875 894 1963 950; x_wconf 82' lang='lat' dir='ltr'><strong>opere</strong></span> 
     </span>
     <span class='ocr_line' id='line_1_10' title="bbox 263 961 1963 1037; baseline 0.001 -17"><span class='ocrx_word' id='word_1_109' title='bbox 263 963 402 1029; x_wconf 88' lang='lat' dir='ltr'><strong>monendi,</strong></span> <span class='ocrx_word' id='word_1_110' title='bbox 419 972 452 1019; x_wconf 89' lang='lat' dir='ltr'><strong>ut</strong></span> <span class='ocrx_word' id='word_1_111' title='bbox 469 964 566 1019; x_wconf 85' lang='lat' dir='ltr'><strong>crebro</strong></span> <span class='ocrx_word' id='word_1_112' title='bbox 584 970 613 1019; x_wconf 90' lang='lat' dir='ltr'><strong>et</strong></span> <span class='ocrx_word' id='word_1_113' title='bbox 630 963 730 1017; x_wconf 83' lang='lat' dir='ltr'><strong>devote</strong></span> <span class='ocrx_word' id='word_1_114' title='bbox 748 961 980 1019; x_wconf 75' lang='lat' dir='ltr'><strong>administrationi</strong></span> <span class='ocrx_word' id='word_1_115' title='bbox 1004 975 1099 1017; x_wconf 76' lang='lat' dir='ltr'><strong>sanae</strong></span> <span class='ocrx_word' id='word_1_116' title='bbox 1125 962 1160 1017; x_wconf 91' lang='lat' dir='ltr'><strong>de</strong></span> <span class='ocrx_word' id='word_1_117' title='bbox 1183 962 1265 1017; x_wconf 84' lang='lat' dir='ltr'><strong>variis</strong></span> <span class='ocrx_word' id='word_1_118' title='bbox 1289 979 1382 1019; x_wconf 87' lang='lat' dir='ltr'><strong>rerum</strong></span> <span class='ocrx_word' id='word_1_119' title='bbox 1407 962 1577 1025; x_wconf 78' lang='lat' dir='ltr'><strong>Moscoeitic</strong></span> <span class='ocrx_word' id='word_1_120' title='bbox 1599 964 1760 1021; x_wconf 85' lang='lat' dir='ltr'><strong>auctoribus</strong></span> <span class='ocrx_word' id='word_1_121' title='bbox 1785 979 1851 1037; x_wconf 80' lang='lat' dir='ltr'><strong>pag.</strong></span> <span class='ocrx_word' id='word_1_122' title='bbox 1877 967 1963 1021; x_wconf 63' lang='lat' dir='ltr'><strong>wa</strong></span> 
     </span>
     <span class='ocr_line' id='line_1_11' title="bbox 263 1047 1961 1121; baseline -0.001 -12"><span class='ocrx_word' id='word_1_123' title='bbox 263 1068 367 1109; x_wconf 69' lang='lat' dir='ltr'><strong>comae</strong></span> <span class='ocrx_word' id='word_1_124' title='bbox 392 1049 521 1105; x_wconf 85' lang='lat' dir='ltr'><strong>intersint</strong></span> <span class='ocrx_word' id='word_1_125' title='bbox 541 1057 627 1120; x_wconf 88' lang='lat' dir='ltr'><strong>atque</strong></span> <span class='ocrx_word' id='word_1_126' title='bbox 652 1065 709 1104; x_wconf 88' lang='lat' dir='ltr'><strong>una</strong></span> <span class='ocrx_word' id='word_1_127' title='bbox 726 1065 790 1103; x_wconf 90' lang='lat' dir='ltr'><strong>cum</strong></span> <span class='ocrx_word' id='word_1_128' title='bbox 806 1048 920 1119; x_wconf 87' lang='lat' dir='ltr'><strong>reliquis</strong></span> <span class='ocrx_word' id='word_1_129' title='bbox 937 1047 974 1103; x_wconf 88' lang='lat' dir='ltr'><strong>nd</strong></span> <span class='ocrx_word' id='word_1_130' title='bbox 991 1062 1100 1103; x_wconf 77' lang='lat' dir='ltr'><strong>sacrm</strong></span> <span class='ocrx_word' id='word_1_131' title='bbox 1125 1048 1303 1105; x_wconf 86' lang='lat' dir='ltr'><strong>Innocentius</strong></span> <span class='ocrx_word' id='word_1_132' title='bbox 1327 1066 1403 1121; x_wconf 89' lang='lat' dir='ltr'><strong>papa</strong></span> <span class='ocrx_word' id='word_1_133' title='bbox 1421 1050 1451 1105; x_wconf 90' lang='lat' dir='ltr'><strong>in</strong></span> <span class='ocrx_word' id='word_1_134' title='bbox 1468 1067 1521 1105; x_wconf 88' lang='lat' dir='ltr'><strong>sna</strong></span> <span class='ocrx_word' id='word_1_135' title='bbox 1536 1065 1644 1105; x_wconf 83' lang='lat' dir='ltr'><strong>sumum</strong></span> <span class='ocrx_word' id='word_1_136' title='bbox 1663 1066 1687 1107; x_wconf 82' lang='lat' dir='ltr'><strong>c</strong></span> <span class='ocrx_word' id='word_1_137' title='bbox 1706 1056 1738 1107; x_wconf 86' lang='lat' dir='ltr'><strong>a:</strong></span> <span class='ocrx_word' id='word_1_138' title='bbox 1767 1050 1844 1114; x_wconf 83' lang='lat' dir='ltr'><strong>Quin</strong></span> <span class='ocrx_word' id='word_1_139' title='bbox 1860 1053 1961 1107; x_wconf 73' lang='lat' dir='ltr'><strong>mtu-</strong></span> 
     </span>
     <span class='ocr_line' id='line_1_12' title="bbox 263 1132 1962 1209; baseline 0.001 -16"><span class='ocrx_word' id='word_1_140' title='bbox 263 1153 379 1193; x_wconf 90' lang='lat' dir='ltr'><strong>coenam</strong></span> <span class='ocrx_word' id='word_1_141' title='bbox 394 1133 593 1191; x_wconf 85' lang='lat' dir='ltr'><strong>accedentibus</strong></span> <span class='ocrx_word' id='word_1_142' title='bbox 610 1133 785 1206; x_wconf 83' lang='lat' dir='ltr'><strong>spiritualem</strong></span> <span class='ocrx_word' id='word_1_143' title='bbox 804 1135 927 1205; x_wconf 88' lang='lat' dir='ltr'><strong>corporis</strong></span> <span class='ocrx_word' id='word_1_144' title='bbox 945 1140 974 1189; x_wconf 92' lang='lat' dir='ltr'><strong>ct</strong></span> <span class='ocrx_word' id='word_1_145' title='bbox 987 1132 1099 1204; x_wconf 82' lang='lat' dir='ltr'><strong>sangui·</strong></span> <span class='ocrx_word' id='word_1_146' title='bbox 1124 1136 1210 1191; x_wconf 83' lang='lat' dir='ltr'><strong>rs&#39;stic</strong></span> <span class='ocrx_word' id='word_1_147' title='bbox 1232 1145 1411 1209; x_wconf 70' lang='lat' dir='ltr'><strong>cupiscentum</strong></span> <span class='ocrx_word' id='word_1_148' title='bbox 1433 1139 1485 1191; x_wconf 86' lang='lat' dir='ltr'><strong>dut</strong></span> <span class='ocrx_word' id='word_1_149' title='bbox 1510 1136 1636 1207; x_wconf 55' lang='lat' dir='ltr'><strong>matiam</strong></span> <span class='ocrx_word' id='word_1_150' title='bbox 1662 1138 1728 1193; x_wconf 86' lang='lat' dir='ltr'><strong>ideo</strong></span> <span class='ocrx_word' id='word_1_151' title='bbox 1752 1138 1886 1195; x_wconf 68' lang='lat' dir='ltr'><strong>deerunt</strong></span> <span class='ocrx_word' id='word_1_152' title='bbox 1904 1140 1962 1209; x_wconf 83' lang='lat' dir='ltr'><strong>qni·</strong></span> 
     </span>
     <span class='ocr_line' id='line_1_13' title="bbox 263 1219 1963 1297; baseline 0.001 -19"><span class='ocrx_word' id='word_1_153' title='bbox 263 1223 307 1278; x_wconf 91' lang='lat' dir='ltr'><strong>nis</strong></span> <span class='ocrx_word' id='word_1_154' title='bbox 333 1221 435 1279; x_wconf 86' lang='lat' dir='ltr'><strong>Christi</strong></span> <span class='ocrx_word' id='word_1_155' title='bbox 458 1220 735 1277; x_wconf 84' lang='lat' dir='ltr'><strong>communicationem</strong></span> <span class='ocrx_word' id='word_1_156' title='bbox 757 1220 835 1277; x_wconf 81' lang='lat' dir='ltr'><strong>seriis</strong></span> <span class='ocrx_word' id='word_1_157' title='bbox 855 1219 985 1292; x_wconf 88' lang='lat' dir='ltr'><strong>precibus</strong></span> <span class='ocrx_word' id='word_1_158' title='bbox 1005 1225 1034 1274; x_wconf 88' lang='lat' dir='ltr'><strong>et</strong></span> <span class='ocrx_word' id='word_1_159' title='bbox 1050 1235 1098 1291; x_wconf 86' lang='lat' dir='ltr'><strong>ge·</strong></span> <span class='ocrx_word' id='word_1_160' title='bbox 1126 1224 1207 1297; x_wconf 70' lang='grc' dir='ltr'>ᾀαιιι,</span> <span class='ocrx_word' id='word_1_161' title='bbox 1238 1225 1316 1294; x_wconf 76' lang='lat' dir='ltr'><strong>qisod</strong></span> <span class='ocrx_word' id='word_1_162' title='bbox 1343 1223 1606 1293; x_wconf 69' lang='lat' dir='ltr'><strong>possuisdauda</strong></span> <span class='ocrx_word' id='word_1_163' title='bbox 1633 1231 1703 1279; x_wconf 82' lang='lat' dir='ltr'><strong>esset</strong></span> <span class='ocrx_word' id='word_1_164' title='bbox 1732 1223 1906 1279; x_wconf 62' lang='lat' dir='ltr'><strong>sodames</strong></span> <span class='ocrx_word' id='word_1_165' title='bbox 1934 1226 1963 1288; x_wconf 76' lang='lat' dir='ltr'><strong>in</strong></span> 
     </span>
     <span class='ocr_line' id='line_1_14' title="bbox 264 1305 1962 1380; baseline 0.002 -16"><span class='ocrx_word' id='word_1_166' title='bbox 264 1308 378 1365; x_wconf 87' lang='lat' dir='ltr'><strong>mitibus</strong></span> <span class='ocrx_word' id='word_1_167' title='bbox 401 1314 540 1379; x_wconf 84' lang='lat' dir='ltr'><strong>expetunt</strong></span> <span class='ocrx_word' id='word_1_168' title='bbox 580 1306 682 1365; x_wconf 81' lang='lat' dir='ltr'><strong>Joban.</strong></span> <span class='ocrx_word' id='word_1_169' title='bbox 706 1305 804 1363; x_wconf 83' lang='lat' dir='ltr'><strong>Gallus</strong></span> <span class='ocrx_word' id='word_1_170' title='bbox 828 1308 857 1361; x_wconf 92' lang='lat' dir='ltr'><strong>in</strong></span> <span class='ocrx_word' id='word_1_171' title='bbox 881 1305 953 1361; x_wconf 89' lang='lat' dir='ltr'><strong>libro</strong></span> <span class='ocrx_word' id='word_1_172' title='bbox 976 1305 1101 1377; x_wconf 78' lang='lat' dir='ltr'><strong>proxime</strong></span> <span class='ocrx_word' id='word_1_173' title='bbox 1125 1309 1222 1371; x_wconf 74' lang='lat' dir='ltr'><strong>somna</strong></span> <span class='ocrx_word' id='word_1_174' title='bbox 1247 1309 1359 1379; x_wconf 70' lang='lat' dir='ltr'><strong>liquida</strong></span> <span class='ocrx_word' id='word_1_175' title='bbox 1381 1309 1528 1380; x_wconf 69' lang='lat' dir='ltr'><strong>sunamite</strong></span> <span class='ocrx_word' id='word_1_176' title='bbox 1553 1309 1717 1377; x_wconf 83' lang='lat' dir='ltr'><strong>Dominioi,</strong></span> <span class='ocrx_word' id='word_1_177' title='bbox 1746 1310 1791 1363; x_wconf 82' lang='lat' dir='ltr'><strong>nst</strong></span> <span class='ocrx_word' id='word_1_178' title='bbox 1815 1309 1847 1365; x_wconf 79' lang='lat' dir='ltr'><strong>in</strong></span> <span class='ocrx_word' id='word_1_179' title='bbox 1858 1312 1962 1380; x_wconf 84' lang='lat' dir='ltr'><strong>forna</strong></span> 
     </span>
     <span class='ocr_line' id='line_1_15' title="bbox 264 1393 1961 1468; baseline -0.001 -15"><span class='ocrx_word' id='word_1_180' title='bbox 264 1396 350 1453; x_wconf 79' lang='lat' dir='ltr'><strong>citum</strong></span> <span class='ocrx_word' id='word_1_181' title='bbox 373 1413 400 1468; x_wconf 86' lang='lat' dir='ltr'><strong>q.</strong></span> <span class='ocrx_word' id='word_1_182' title='bbox 426 1400 457 1451; x_wconf 84' lang='lat'><strong>2:</strong></span> <span class='ocrx_word' id='word_1_183' title='bbox 480 1395 633 1464; x_wconf 75' lang='lat' dir='ltr'><strong>assumti,</strong></span> <span class='ocrx_word' id='word_1_184' title='bbox 657 1411 776 1463; x_wconf 80' lang='lat' dir='ltr'><strong>quorum</strong></span> <span class='ocrx_word' id='word_1_185' title='bbox 799 1401 904 1449; x_wconf 73' lang='lat' dir='ltr'><strong>natm</strong></span> <span class='ocrx_word' id='word_1_186' title='bbox 919 1394 962 1446; x_wconf 87' lang='lat' dir='ltr'><strong>ita</strong></span> <span class='ocrx_word' id='word_1_187' title='bbox 977 1393 1055 1463; x_wconf 74' lang='lat' dir='ltr'><strong>tisqit</strong></span> <span class='ocrx_word' id='word_1_188' title='bbox 1074 1401 1101 1447; x_wconf 83' lang='lat' dir='ltr'><strong>et</strong></span> <span class='ocrx_word' id='word_1_189' title='bbox 1122 1396 1210 1464; x_wconf 83' lang='lat' dir='ltr'><strong>panis</strong></span> <span class='ocrx_word' id='word_1_190' title='bbox 1233 1394 1403 1450; x_wconf 85' lang='lat' dir='ltr'><strong>comminuta</strong></span> <span class='ocrx_word' id='word_1_191' title='bbox 1422 1403 1449 1450; x_wconf 85' lang='lat' dir='ltr'><strong>et</strong></span> <span class='ocrx_word' id='word_1_192' title='bbox 1467 1395 1589 1449; x_wconf 86' lang='lat' dir='ltr'><strong>contrita</strong></span> <span class='ocrx_word' id='word_1_193' title='bbox 1609 1395 1639 1447; x_wconf 89' lang='lat' dir='ltr'><strong>in</strong></span> <span class='ocrx_word' id='word_1_194' title='bbox 1658 1412 1751 1465; x_wconf 53' lang='lat' dir='ltr'><strong>aqum</strong></span> <span class='ocrx_word' id='word_1_195' title='bbox 1776 1397 1846 1466; x_wconf 86' lang='lat' dir='ltr'><strong>quin</strong></span> <span class='ocrx_word' id='word_1_196' title='bbox 1864 1398 1893 1451; x_wconf 87' lang='lat' dir='ltr'><strong>si</strong></span> <span class='ocrx_word' id='word_1_197' title='bbox 1910 1397 1961 1452; x_wconf 80' lang='lat' dir='ltr'><strong>uli</strong></span> 
     </span>
     <span class='ocr_line' id='line_1_16' title="bbox 263 1479 1962 1553; baseline 0.001 -16"><span class='ocrx_word' id='word_1_198' title='bbox 263 1483 436 1550; x_wconf 76' lang='lat' dir='ltr'><strong>reformidat</strong></span> <span class='ocrx_word' id='word_1_199' title='bbox 460 1500 539 1535; x_wconf 88' lang='lat' dir='ltr'><strong>usum</strong></span> <span class='ocrx_word' id='word_1_200' title='bbox 556 1482 631 1551; x_wconf 84' lang='lat' dir='ltr'><strong>uini,</strong></span> <span class='ocrx_word' id='word_1_201' title='bbox 654 1489 685 1535; x_wconf 90' lang='lat' dir='ltr'><strong>ut</strong></span> <span class='ocrx_word' id='word_1_202' title='bbox 704 1497 739 1535; x_wconf 86' lang='lat' dir='ltr'><strong>ne</strong></span> <span class='ocrx_word' id='word_1_203' title='bbox 758 1480 861 1550; x_wconf 71' lang='lat' dir='ltr'><strong>primis</strong></span> <span class='ocrx_word' id='word_1_204' title='bbox 879 1480 993 1549; x_wconf 73' lang='lat' dir='ltr'><strong>qudem</strong></span> <span class='ocrx_word' id='word_1_205' title='bbox 1010 1479 1101 1533; x_wconf 78' lang='lat' dir='ltr'><strong>labris</strong></span> <span class='ocrx_word' id='word_1_206' title='bbox 1127 1481 1198 1551; x_wconf 82' lang='lat' dir='ltr'><strong>quisi</strong></span> <span class='ocrx_word' id='word_1_207' title='bbox 1222 1481 1263 1535; x_wconf 84' lang='lat' dir='ltr'><strong>cis</strong></span> <span class='ocrx_word' id='word_1_208' title='bbox 1284 1481 1506 1551; x_wconf 71' lang='lat' dir='ltr'><strong>subtraheretur,</strong></span> <span class='ocrx_word' id='word_1_209' title='bbox 1532 1482 1569 1535; x_wconf 84' lang='lat' dir='ltr'><strong>sle</strong></span> <span class='ocrx_word' id='word_1_210' title='bbox 1592 1482 1689 1549; x_wconf 63' lang='lat' dir='ltr'><strong>prada</strong></span> <span class='ocrx_word' id='word_1_211' title='bbox 1705 1481 1821 1553; x_wconf 79' lang='lat' dir='ltr'><strong>uliquid</strong></span> <span class='ocrx_word' id='word_1_212' title='bbox 1838 1485 1962 1539; x_wconf 77' lang='lat' dir='ltr'><strong>damian·</strong></span> 
     </span>
     <span class='ocr_line' id='line_1_17' title="bbox 264 1564 1962 1638; baseline 0 -13"><span class='ocrx_word' id='word_1_213' title='bbox 264 1570 341 1625; x_wconf 75' lang='lat' dir='ltr'><strong>silua</strong></span> <span class='ocrx_word' id='word_1_214' title='bbox 359 1577 473 1638; x_wconf 65' lang='lat' dir='ltr'><strong>putare</strong></span> <span class='ocrx_word' id='word_1_215' title='bbox 487 1567 609 1638; x_wconf 83' lang='lat' dir='ltr'><strong>possint,</strong></span> <span class='ocrx_word' id='word_1_216' title='bbox 625 1568 737 1621; x_wconf 88' lang='lat' dir='ltr'><strong>omnino</strong></span> <span class='ocrx_word' id='word_1_217' title='bbox 755 1584 775 1620; x_wconf 88' lang='lat' dir='ltr'><strong>a</strong></span> <span class='ocrx_word' id='word_1_218' title='bbox 793 1582 889 1621; x_wconf 83' lang='lat' dir='ltr'><strong>mensa</strong></span> <span class='ocrx_word' id='word_1_219' title='bbox 902 1564 1021 1621; x_wconf 80' lang='lat' dir='ltr'><strong>Domini</strong></span> <span class='ocrx_word' id='word_1_220' title='bbox 1036 1573 1101 1620; x_wconf 86' lang='lat' dir='ltr'><strong>aunt</strong></span> <span class='ocrx_word' id='word_1_221' title='bbox 1127 1574 1220 1622; x_wconf 77' lang='lat' dir='ltr'><strong>aretin</strong></span> <span class='ocrx_word' id='word_1_222' title='bbox 1250 1575 1277 1621; x_wconf 83' lang='lat' dir='ltr'><strong>et</strong></span> <span class='ocrx_word' id='word_1_223' title='bbox 1304 1568 1347 1623; x_wconf 85' lang='lat' dir='ltr'><strong>ita</strong></span> <span class='ocrx_word' id='word_1_224' title='bbox 1371 1567 1463 1623; x_wconf 84' lang='lat' dir='ltr'><strong>minus</strong></span> <span class='ocrx_word' id='word_1_225' title='bbox 1487 1569 1618 1624; x_wconf 80' lang='lat' dir='ltr'><strong>luberent</strong></span> <span class='ocrx_word' id='word_1_226' title='bbox 1641 1568 1674 1621; x_wconf 84' lang='lat' dir='ltr'><strong>iss</strong></span> <span class='ocrx_word' id='word_1_227' title='bbox 1696 1569 1775 1625; x_wconf 86' lang='lat' dir='ltr'><strong>coela</strong></span> <span class='ocrx_word' id='word_1_228' title='bbox 1790 1570 1962 1638; x_wconf 82' lang='lat' dir='ltr'><strong>praemium,</strong></span> 
     </span>
     <span class='ocr_line' id='line_1_18' title="bbox 240 1652 1962 1724; baseline 0.002 -15"><span class='ocrx_word' id='word_1_229' title='bbox 240 1670 243 1675; x_wconf 90' lang='lat'>·</span> <span class='ocrx_word' id='word_1_230' title='bbox 264 1656 426 1711; x_wconf 79' lang='lat' dir='ltr'><strong>renwasndi</strong></span> <span class='ocrx_word' id='word_1_231' title='bbox 451 1661 478 1708; x_wconf 87' lang='lat' dir='ltr'><strong>ct</strong></span> <span class='ocrx_word' id='word_1_232' title='bbox 500 1657 536 1709; x_wconf 85' lang='lat' dir='ltr'><strong>de</strong></span> <span class='ocrx_word' id='word_1_233' title='bbox 554 1653 701 1723; x_wconf 74' lang='lat' dir='ltr'><strong>spirituali</strong></span> <span class='ocrx_word' id='word_1_234' title='bbox 717 1652 936 1707; x_wconf 74' lang='lat' dir='ltr'><strong>manducatione</strong></span> <span class='ocrx_word' id='word_1_235' title='bbox 954 1653 1021 1706; x_wconf 85' lang='lat' dir='ltr'><strong>bene</strong></span> <span class='ocrx_word' id='word_1_236' title='bbox 1039 1668 1100 1705; x_wconf 86' lang='lat' dir='ltr'><strong>cru·</strong></span> <span class='ocrx_word' id='word_1_237' title='bbox 1125 1655 1201 1708; x_wconf 85' lang='lat' dir='ltr'><strong>unde</strong></span> <span class='ocrx_word' id='word_1_238' title='bbox 1224 1670 1345 1724; x_wconf 85' lang='lat' dir='ltr'><strong>peccare</strong></span> <span class='ocrx_word' id='word_1_239' title='bbox 1373 1655 1483 1719; x_wconf 87' lang='lat' dir='ltr'><strong>dicunt,</strong></span> <span class='ocrx_word' id='word_1_240' title='bbox 1510 1655 1561 1724; x_wconf 86' lang='lat' dir='ltr'><strong>qui</strong></span> <span class='ocrx_word' id='word_1_241' title='bbox 1578 1655 1618 1707; x_wconf 85' lang='lat' dir='ltr'><strong>eis</strong></span> <span class='ocrx_word' id='word_1_242' title='bbox 1635 1655 1837 1711; x_wconf 74' lang='lat' dir='ltr'><strong>smlarnnum</strong></span> <span class='ocrx_word' id='word_1_243' title='bbox 1854 1658 1962 1711; x_wconf 65' lang='lat' dir='ltr'><strong>subta-</strong></span> 
     </span>
     <span class='ocr_line' id='line_1_19' title="bbox 266 1737 1962 1811; baseline -0.001 -16"><span class='ocrx_word' id='word_1_244' title='bbox 266 1743 373 1807; x_wconf 84' lang='lat' dir='ltr'><strong>diendi,</strong></span> <span class='ocrx_word' id='word_1_245' title='bbox 390 1743 427 1795; x_wconf 83' lang='lat' dir='ltr'><strong>de</strong></span> <span class='ocrx_word' id='word_1_246' title='bbox 443 1758 499 1811; x_wconf 89' lang='lat' dir='ltr'><strong>qua</strong></span> <span class='ocrx_word' id='word_1_247' title='bbox 516 1741 690 1809; x_wconf 80' lang='lat' dir='ltr'><strong>Auqssatinus</strong></span> <span class='ocrx_word' id='word_1_248' title='bbox 708 1739 811 1809; x_wconf 85' lang='lat' dir='ltr'><strong>inquit:</strong></span> <span class='ocrx_word' id='word_1_249' title='bbox 831 1737 921 1792; x_wconf 62' lang='lat' dir='ltr'><strong>&amp;aas</strong></span> <span class='ocrx_word' id='word_1_250' title='bbox 940 1746 966 1792; x_wconf 86' lang='lat' dir='ltr'><strong>et</strong></span> <span class='ocrx_word' id='word_1_251' title='bbox 982 1739 1101 1791; x_wconf 83' lang='lat' dir='ltr'><strong>mnndu-</strong></span> <span class='ocrx_word' id='word_1_252' title='bbox 1126 1740 1203 1796; x_wconf 82' lang='lat' dir='ltr'><strong>lsunt.</strong></span> <span class='ocrx_word' id='word_1_253' title='bbox 1251 1741 1317 1797; x_wconf 79' lang='lat' dir='ltr'><strong>Alii</strong></span> <span class='ocrx_word' id='word_1_254' title='bbox 1347 1741 1493 1808; x_wconf 73' lang='lat' dir='ltr'><strong>drisci-unt,</strong></span> <span class='ocrx_word' id='word_1_255' title='bbox 1531 1741 1608 1811; x_wconf 83' lang='lat' dir='ltr'><strong>quod</strong></span> <span class='ocrx_word' id='word_1_256' title='bbox 1636 1759 1693 1795; x_wconf 92' lang='lat' dir='ltr'><strong>non</strong></span> <span class='ocrx_word' id='word_1_257' title='bbox 1727 1749 1799 1797; x_wconf 76' lang='lat' dir='ltr'><strong>eust</strong></span> <span class='ocrx_word' id='word_1_258' title='bbox 1829 1741 1962 1810; x_wconf 76' lang='lat' dir='ltr'><strong>pas-salis</strong></span> 
     </span>
     <span class='ocr_line' id='line_1_20' title="bbox 266 1824 1961 1897; baseline 0.001 -15"><span class='ocrx_word' id='word_1_259' title='bbox 266 1829 346 1885; x_wconf 75' lang='lat' dir='ltr'><strong>eneti</strong></span> <span class='ocrx_word' id='word_1_260' title='bbox 392 1827 559 1897; x_wconf 73' lang='lat' dir='ltr'><strong>Quanquam</strong></span> <span class='ocrx_word' id='word_1_261' title='bbox 593 1825 666 1880; x_wconf 85' lang='lat' dir='ltr'><strong>enim</strong></span> <span class='ocrx_word' id='word_1_262' title='bbox 687 1824 815 1879; x_wconf 84' lang='lat' dir='ltr'><strong>abstcmii</strong></span> <span class='ocrx_word' id='word_1_263' title='bbox 837 1842 894 1879; x_wconf 90' lang='lat' dir='ltr'><strong>non</strong></span> <span class='ocrx_word' id='word_1_264' title='bbox 914 1832 1034 1894; x_wconf 65' lang='lat' dir='ltr'><strong>manunt</strong></span> <span class='ocrx_word' id='word_1_265' title='bbox 1060 1825 1102 1877; x_wconf 87' lang='lat' dir='ltr'><strong>ati</strong></span> <span class='ocrx_word' id='word_1_266' title='bbox 1127 1827 1227 1881; x_wconf 83' lang='lat' dir='ltr'><strong>danda</strong></span> <span class='ocrx_word' id='word_1_267' title='bbox 1253 1826 1425 1881; x_wconf 71' lang='lat' dir='ltr'><strong>minnistin</strong></span> <span class='ocrx_word' id='word_1_268' title='bbox 1444 1833 1564 1896; x_wconf 81' lang='lat' dir='ltr'><strong>prepter</strong></span> <span class='ocrx_word' id='word_1_269' title='bbox 1585 1826 1745 1896; x_wconf 81' lang='lat' dir='ltr'><strong>pericnlum</strong></span> <span class='ocrx_word' id='word_1_270' title='bbox 1772 1827 1919 1897; x_wconf 72' lang='lat' dir='ltr'><strong>ejecnbnis</strong></span> <span class='ocrx_word' id='word_1_271' title='bbox 1937 1836 1961 1883; x_wconf 86' lang='lat' dir='ltr'><strong>st</strong></span> 
     </span>
     <span class='ocr_line' id='line_1_21' title="bbox 264 1909 1963 1986; baseline 0.001 -16"><span class='ocrx_word' id='word_1_272' title='bbox 264 1922 439 1971; x_wconf 74' lang='lat' dir='ltr'><strong>monumento</strong></span> <span class='ocrx_word' id='word_1_273' title='bbox 460 1921 580 1984; x_wconf 83' lang='lat' dir='ltr'><strong>propter</strong></span> <span class='ocrx_word' id='word_1_274' title='bbox 609 1911 769 1967; x_wconf 66' lang='lat' dir='ltr'><strong>muralem</strong></span> <span class='ocrx_word' id='word_1_275' title='bbox 799 1909 959 1986; x_wconf 74' lang='grc' dir='ltr'><em>ἀδυναμίαν</em></span> <span class='ocrx_word' id='word_1_276' title='bbox 966 1949 975 1979; x_wconf 86' lang='grc'><strong>,</strong></span> <span class='ocrx_word' id='word_1_277' title='bbox 1006 1919 1100 1965; x_wconf 83' lang='lat' dir='ltr'><strong>tomen</strong></span> <span class='ocrx_word' id='word_1_278' title='bbox 1126 1913 1195 1983; x_wconf 89' lang='lat' dir='ltr'><strong>quia</strong></span> <span class='ocrx_word' id='word_1_279' title='bbox 1210 1913 1283 1968; x_wconf 75' lang='lat' dir='ltr'><strong>nitu</strong></span> <span class='ocrx_word' id='word_1_280' title='bbox 1301 1913 1341 1967; x_wconf 83' lang='lat' dir='ltr'><strong>eis</strong></span> <span class='ocrx_word' id='word_1_281' title='bbox 1357 1913 1480 1983; x_wconf 63' lang='lat' dir='ltr'><strong>natast,</strong></span> <span class='ocrx_word' id='word_1_282' title='bbox 1495 1913 1553 1967; x_wconf 87' lang='lat' dir='ltr'><strong>uisi</strong></span> <span class='ocrx_word' id='word_1_283' title='bbox 1570 1913 1757 1984; x_wconf 59' lang='lat' dir='ltr'><strong>dupinium</strong></span> <span class='ocrx_word' id='word_1_284' title='bbox 1785 1916 1838 1968; x_wconf 81' lang='lat' dir='ltr'><strong>sed</strong></span> <span class='ocrx_word' id='word_1_285' title='bbox 1855 1917 1899 1971; x_wconf 85' lang='lat' dir='ltr'><strong>acl</strong></span> <span class='ocrx_word' id='word_1_286' title='bbox 1912 1916 1963 1971; x_wconf 81' lang='lat' dir='ltr'><strong>doc</strong></span> 
     </span>
     <span class='ocr_line' id='line_1_22' title="bbox 264 1997 1964 2072; baseline 0 -15"><span class='ocrx_word' id='word_1_287' title='bbox 264 2001 320 2057; x_wconf 82' lang='lat' dir='ltr'><strong>rim</strong></span> <span class='ocrx_word' id='word_1_288' title='bbox 337 2001 509 2057; x_wconf 70' lang='lat' dir='ltr'><strong>sunamenti</strong></span> <span class='ocrx_word' id='word_1_289' title='bbox 525 2002 583 2068; x_wconf 71' lang='lat' dir='ltr'><strong>fide</strong></span> <span class='ocrx_word' id='word_1_290' title='bbox 597 1999 777 2071; x_wconf 82' lang='lat' dir='ltr'><strong>percipiunt,</strong></span> <span class='ocrx_word' id='word_1_291' title='bbox 795 2016 854 2069; x_wconf 88' lang='lat' dir='ltr'><strong>qua</strong></span> <span class='ocrx_word' id='word_1_292' title='bbox 871 2004 1008 2062; x_wconf 73' lang='lat' dir='ltr'><strong>amtuunt,</strong></span> <span class='ocrx_word' id='word_1_293' title='bbox 1024 1997 1101 2052; x_wconf 85' lang='lat' dir='ltr'><strong>iram</strong></span> <span class='ocrx_word' id='word_1_294' title='bbox 1127 1999 1258 2055; x_wconf 56' lang='lat' dir='ltr'><strong>mont</strong></span> <span class='ocrx_word' id='word_1_295' title='bbox 1278 2000 1396 2071; x_wconf 85' lang='lat' dir='ltr'><strong>quidum</strong></span> <span class='ocrx_word' id='word_1_296' title='bbox 1413 2000 1511 2069; x_wconf 78' lang='lat' dir='ltr'><strong>nsaqni</strong></span> <span class='ocrx_word' id='word_1_297' title='bbox 1526 2000 1597 2069; x_wconf 86' lang='lat' dir='ltr'><strong>uiri,</strong></span> <span class='ocrx_word' id='word_1_298' title='bbox 1622 2002 1701 2069; x_wconf 80' lang='lat' dir='ltr'><strong>qtsod</strong></span> <span class='ocrx_word' id='word_1_299' title='bbox 1718 2017 1776 2053; x_wconf 90' lang='lat' dir='ltr'><strong>non</strong></span> <span class='ocrx_word' id='word_1_300' title='bbox 1794 2000 1917 2072; x_wconf 76' lang='lat' dir='ltr'><strong>caipinsr</strong></span> <span class='ocrx_word' id='word_1_301' title='bbox 1934 2002 1964 2057; x_wconf 81' lang='lat' dir='ltr'><strong>in</strong></span> 
     </span>
     <span class='ocr_line' id='line_1_23' title="bbox 266 2085 1965 2160; baseline -0.002 -16"><span class='ocrx_word' id='word_1_302' title='bbox 266 2089 326 2144; x_wconf 87' lang='lat' dir='ltr'><strong>Dei</strong></span> <span class='ocrx_word' id='word_1_303' title='bbox 342 2089 491 2160; x_wconf 84' lang='lat' dir='ltr'><strong>placatam</strong></span> <span class='ocrx_word' id='word_1_304' title='bbox 515 2104 574 2143; x_wconf 88' lang='lat' dir='ltr'><strong>esse</strong></span> <span class='ocrx_word' id='word_1_305' title='bbox 591 2087 728 2157; x_wconf 82' lang='lat' dir='ltr'><strong>passione</strong></span> <span class='ocrx_word' id='word_1_306' title='bbox 753 2093 780 2140; x_wconf 88' lang='lat' dir='ltr'><strong>st</strong></span> <span class='ocrx_word' id='word_1_307' title='bbox 802 2093 889 2140; x_wconf 87' lang='lat' dir='ltr'><strong>morte</strong></span> <span class='ocrx_word' id='word_1_308' title='bbox 907 2085 981 2139; x_wconf 80' lang='lat' dir='ltr'><strong>Filii</strong></span> <span class='ocrx_word' id='word_1_309' title='bbox 998 2101 1101 2154; x_wconf 76' lang='lat' dir='ltr'><strong>corpas</strong></span> <span class='ocrx_word' id='word_1_310' title='bbox 1126 2085 1315 2141; x_wconf 62' lang='lat' dir='ltr'><strong>mistiae</strong></span> <span class='ocrx_word' id='word_1_311' title='bbox 1331 2086 1485 2151; x_wconf 58' lang='lat' dir='ltr'><strong>amnone,</strong></span> <span class='ocrx_word' id='word_1_312' title='bbox 1504 2086 1563 2141; x_wconf 82' lang='lat' dir='ltr'><strong>nisi</strong></span> <span class='ocrx_word' id='word_1_313' title='bbox 1578 2087 1656 2154; x_wconf 77' lang='lat' dir='ltr'><strong>quod</strong></span> <span class='ocrx_word' id='word_1_314' title='bbox 1670 2094 1767 2154; x_wconf 73' lang='lat' dir='ltr'><strong>quaties</strong></span> <span class='ocrx_word' id='word_1_315' title='bbox 1784 2086 1920 2142; x_wconf 64' lang='lat' dir='ltr'><strong>muitetur</strong></span> <span class='ocrx_word' id='word_1_316' title='bbox 1937 2095 1965 2141; x_wconf 84' lang='lat' dir='ltr'><strong>st</strong></span> 
     </span>
     <span class='ocr_line' id='line_1_24' title="bbox 264 2172 1965 2246; baseline -0.001 -17"><span class='ocrx_word' id='word_1_317' title='bbox 264 2193 343 2230; x_wconf 76' lang='lat' dir='ltr'><strong>mmm</strong></span> <span class='ocrx_word' id='word_1_318' title='bbox 367 2175 510 2246; x_wconf 78' lang='lat' dir='ltr'><strong>offerentis</strong></span> <span class='ocrx_word' id='word_1_319' title='bbox 531 2191 588 2245; x_wconf 87' lang='lat' dir='ltr'><strong>pro</strong></span> <span class='ocrx_word' id='word_1_320' title='bbox 614 2175 696 2229; x_wconf 81' lang='lat' dir='ltr'><strong>nobis</strong></span> <span class='ocrx_word' id='word_1_321' title='bbox 712 2182 739 2229; x_wconf 87' lang='lat' dir='ltr'><strong>et</strong></span> <span class='ocrx_word' id='word_1_322' title='bbox 756 2172 921 2241; x_wconf 72' lang='lat' dir='ltr'><strong>amasinum</strong></span> <span class='ocrx_word' id='word_1_323' title='bbox 937 2189 1018 2225; x_wconf 86' lang='lat' dir='ltr'><strong>auum</strong></span> <span class='ocrx_word' id='word_1_324' title='bbox 1032 2172 1101 2238; x_wconf 75' lang='lat' dir='ltr'><strong>fun·</strong></span> <span class='ocrx_word' id='word_1_325' title='bbox 1125 2188 1213 2241; x_wconf 80' lang='lat' dir='ltr'><strong>sapor</strong></span> <span class='ocrx_word' id='word_1_326' title='bbox 1235 2173 1389 2238; x_wconf 84' lang='lat' dir='ltr'><strong>sentiatur,</strong></span> <span class='ocrx_word' id='word_1_327' title='bbox 1412 2173 1484 2227; x_wconf 68' lang='lat' dir='ltr'><strong>anan</strong></span> <span class='ocrx_word' id='word_1_328' title='bbox 1506 2174 1554 2239; x_wconf 79' lang='lat' dir='ltr'><strong>fit,</strong></span> <span class='ocrx_word' id='word_1_329' title='bbox 1578 2189 1640 2227; x_wconf 79' lang='lat' dir='ltr'><strong>nau</strong></span> <span class='ocrx_word' id='word_1_330' title='bbox 1660 2173 1765 2227; x_wconf 72' lang='lat' dir='ltr'><strong>dioitm</strong></span> <span class='ocrx_word' id='word_1_331' title='bbox 1783 2172 1965 2243; x_wconf 85' lang='lat' dir='ltr'><strong>baptisando,</strong></span> 
     </span>
     <span class='ocr_line' id='line_1_25' title="bbox 264 2256 1991 2330; baseline -0.001 -13"><span class='ocrx_word' id='word_1_332' title='bbox 264 2264 356 2317; x_wconf 56' lang='lat' dir='ltr'><strong>den&amp;</strong></span> <span class='ocrx_word' id='word_1_333' title='bbox 380 2261 410 2315; x_wconf 88' lang='lat' dir='ltr'><strong>in</strong></span> <span class='ocrx_word' id='word_1_334' title='bbox 435 2261 626 2315; x_wconf 84' lang='lat' dir='ltr'><strong>remissionem</strong></span> <span class='ocrx_word' id='word_1_335' title='bbox 644 2268 835 2329; x_wconf 69' lang='lat' dir='ltr'><strong>pesonarum.</strong></span> <span class='ocrx_word' id='word_1_336' title='bbox 872 2257 1048 2328; x_wconf 77' lang='lat' dir='ltr'><strong>euoppsrus</strong></span> <span class='ocrx_word' id='word_1_337' title='bbox 1071 2256 1101 2311; x_wconf 91' lang='lat' dir='ltr'><strong>in</strong></span> <span class='ocrx_word' id='word_1_338' title='bbox 1126 2258 1246 2329; x_wconf 85' lang='lat' dir='ltr'><strong>accipite</strong></span> <span class='ocrx_word' id='word_1_339' title='bbox 1262 2259 1351 2313; x_wconf 85' lang='lat' dir='ltr'><strong>salem</strong></span> <span class='ocrx_word' id='word_1_340' title='bbox 1369 2258 1537 2329; x_wconf 81' lang='lat' dir='ltr'><strong>sapientias.</strong></span> <span class='ocrx_word' id='word_1_341' title='bbox 1573 2257 1689 2313; x_wconf 81' lang='lat' dir='ltr'><strong>Gorsstnt</strong></span> <span class='ocrx_word' id='word_1_342' title='bbox 1706 2258 1792 2327; x_wconf 72' lang='lat' dir='ltr'><strong>min,</strong></span> <span class='ocrx_word' id='word_1_343' title='bbox 1810 2261 1890 2330; x_wconf 82' lang='lat' dir='ltr'><strong>quod</strong></span> <span class='ocrx_word' id='word_1_344' title='bbox 1908 2277 1991 2319; x_wconf 66' lang='lat' dir='ltr'><strong>non„</strong></span> 
     </span>
     <span class='ocr_line' id='line_1_26' title="bbox 266 2343 1965 2418; baseline 0 -17"><span class='ocrx_word' id='word_1_345' title='bbox 266 2347 368 2418; x_wconf 84' lang='lat' dir='ltr'><strong>disput</strong></span> <span class='ocrx_word' id='word_1_346' title='bbox 386 2346 422 2402; x_wconf 89' lang='lat' dir='ltr'><strong>de</strong></span> <span class='ocrx_word' id='word_1_347' title='bbox 439 2362 543 2403; x_wconf 87' lang='lat' dir='ltr'><strong>coenae</strong></span> <span class='ocrx_word' id='word_1_348' title='bbox 561 2346 631 2401; x_wconf 90' lang='lat' dir='ltr'><strong>tbes.</strong></span> <span class='ocrx_word' id='word_1_349' title='bbox 650 2351 696 2403; x_wconf 76' lang='lat'><strong>74:</strong></span> <span class='ocrx_word' id='word_1_350' title='bbox 721 2344 843 2408; x_wconf 83' lang='lat' dir='ltr'><strong>Quidam</strong></span> <span class='ocrx_word' id='word_1_351' title='bbox 860 2352 992 2413; x_wconf 73' lang='lat' dir='ltr'><strong>swtsmnt,</strong></span> <span class='ocrx_word' id='word_1_352' title='bbox 1011 2343 1100 2397; x_wconf 73' lang='lat' dir='ltr'><strong>abste</strong></span> <span class='ocrx_word' id='word_1_353' title='bbox 1126 2345 1265 2414; x_wconf 59' lang='lat' dir='ltr'><strong>deplumat</strong></span> <span class='ocrx_word' id='word_1_354' title='bbox 1291 2345 1353 2412; x_wconf 85' lang='lat' dir='ltr'><strong>sal,</strong></span> <span class='ocrx_word' id='word_1_355' title='bbox 1380 2351 1407 2399; x_wconf 89' lang='lat' dir='ltr'><strong>et</strong></span> <span class='ocrx_word' id='word_1_356' title='bbox 1431 2353 1524 2399; x_wconf 82' lang='lat' dir='ltr'><strong>tamen</strong></span> <span class='ocrx_word' id='word_1_357' title='bbox 1546 2361 1579 2397; x_wconf 80' lang='lat' dir='ltr'><strong>ea</strong></span> <span class='ocrx_word' id='word_1_358' title='bbox 1602 2344 1664 2398; x_wconf 90' lang='lat' dir='ltr'><strong>solo</strong></span> <span class='ocrx_word' id='word_1_359' title='bbox 1687 2353 1769 2415; x_wconf 74' lang='lat' dir='ltr'><strong>quatu</strong></span> <span class='ocrx_word' id='word_1_360' title='bbox 1789 2346 1863 2401; x_wconf 84' lang='lat' dir='ltr'><strong>salis</strong></span> <span class='ocrx_word' id='word_1_361' title='bbox 1881 2346 1965 2401; x_wconf 79' lang='lat' dir='ltr'><strong>habet</strong></span> 
     </span>
     <span class='ocr_line' id='line_1_27' title="bbox 265 2430 1964 2503; baseline -0.001 -15"><span class='ocrx_word' id='word_1_362' title='bbox 265 2434 336 2489; x_wconf 72' lang='lat' dir='ltr'><strong>mma</strong></span> <span class='ocrx_word' id='word_1_363' title='bbox 352 2434 404 2487; x_wconf 83' lang='lat' dir='ltr'><strong>rub</strong></span> <span class='ocrx_word' id='word_1_364' title='bbox 421 2450 479 2487; x_wconf 89' lang='lat' dir='ltr'><strong>una</strong></span> <span class='ocrx_word' id='word_1_365' title='bbox 496 2434 588 2503; x_wconf 61' lang='lat' dir='ltr'><strong>meeis</strong></span> <span class='ocrx_word' id='word_1_366' title='bbox 606 2432 812 2487; x_wconf 78' lang='lat' dir='ltr'><strong>commniccre</strong></span> <span class='ocrx_word' id='word_1_367' title='bbox 825 2448 919 2500; x_wconf 85' lang='lat' dir='ltr'><strong>posse,</strong></span> <span class='ocrx_word' id='word_1_368' title='bbox 937 2431 984 2485; x_wconf 85' lang='lat' dir='ltr'><strong>cni</strong></span> <span class='ocrx_word' id='word_1_369' title='bbox 994 2437 1100 2483; x_wconf 71' lang='lat' dir='ltr'><strong>semen·</strong></span> <span class='ocrx_word' id='word_1_370' title='bbox 1127 2432 1251 2502; x_wconf 83' lang='lat' dir='ltr'><strong>effectum</strong></span> <span class='ocrx_word' id='word_1_371' title='bbox 1279 2431 1447 2486; x_wconf 71' lang='lat' dir='ltr'><strong>moneamus</strong></span> <span class='ocrx_word' id='word_1_372' title='bbox 1477 2430 1508 2484; x_wconf 87' lang='lat' dir='ltr'><strong>in</strong></span> <span class='ocrx_word' id='word_1_373' title='bbox 1529 2431 1674 2501; x_wconf 82' lang='lat' dir='ltr'><strong>parnasia,</strong></span> <span class='ocrx_word' id='word_1_374' title='bbox 1703 2433 1778 2487; x_wconf 79' lang='lat' dir='ltr'><strong>aude</strong></span> <span class='ocrx_word' id='word_1_375' title='bbox 1790 2434 1874 2501; x_wconf 82' lang='lat' dir='ltr'><strong>pium</strong></span> <span class='ocrx_word' id='word_1_376' title='bbox 1892 2440 1964 2487; x_wconf 72' lang='lat' dir='ltr'><strong>mast</strong></span> 
     </span>
     <span class='ocr_line' id='line_1_28' title="bbox 264 2516 1964 2591; baseline -0.001 -17"><span class='ocrx_word' id='word_1_377' title='bbox 264 2521 323 2575; x_wconf 81' lang='lat' dir='ltr'><strong>tiae</strong></span> <span class='ocrx_word' id='word_1_378' title='bbox 347 2528 374 2574; x_wconf 83' lang='lat' dir='ltr'><strong>et</strong></span> <span class='ocrx_word' id='word_1_379' title='bbox 400 2535 476 2573; x_wconf 83' lang='lat' dir='ltr'><strong>meus</strong></span> <span class='ocrx_word' id='word_1_380' title='bbox 503 2518 615 2573; x_wconf 79' lang='lat' dir='ltr'><strong>libellus</strong></span> <span class='ocrx_word' id='word_1_381' title='bbox 641 2520 677 2572; x_wconf 87' lang='lat' dir='ltr'><strong>de</strong></span> <span class='ocrx_word' id='word_1_382' title='bbox 704 2534 807 2571; x_wconf 78' lang='lat' dir='ltr'><strong>comae</strong></span> <span class='ocrx_word' id='word_1_383' title='bbox 830 2524 896 2571; x_wconf 85' lang='lat' dir='ltr'><strong>onte</strong></span> <span class='ocrx_word' id='word_1_384' title='bbox 921 2518 973 2569; x_wconf 78' lang='lat' dir='ltr'><strong>noc</strong></span> <span class='ocrx_word' id='word_1_385' title='bbox 992 2522 1100 2587; x_wconf 82' lang='lat' dir='ltr'><strong>tempus</strong></span> <span class='ocrx_word' id='word_1_386' title='bbox 1127 2519 1198 2574; x_wconf 80' lang='lat' dir='ltr'><strong>dare</strong></span> <span class='ocrx_word' id='word_1_387' title='bbox 1224 2516 1425 2571; x_wconf 72' lang='lat' dir='ltr'><strong>eucbarutium</strong></span> <span class='ocrx_word' id='word_1_388' title='bbox 1450 2517 1526 2571; x_wconf 87' lang='lat' dir='ltr'><strong>omni</strong></span> <span class='ocrx_word' id='word_1_389' title='bbox 1543 2517 1667 2587; x_wconf 80' lang='lat' dir='ltr'><strong>paruulo</strong></span> <span class='ocrx_word' id='word_1_390' title='bbox 1690 2534 1753 2571; x_wconf 76' lang='lat' dir='ltr'><strong>mm</strong></span> <span class='ocrx_word' id='word_1_391' title='bbox 1769 2519 1825 2573; x_wconf 83' lang='lat' dir='ltr'><strong>tali</strong></span> <span class='ocrx_word' id='word_1_392' title='bbox 1843 2520 1964 2591; x_wconf 68' lang='lat' dir='ltr'><strong>canalo,</strong></span> 
     </span>
     <span class='ocr_line' id='line_1_29' title="bbox 266 2600 1964 2677; baseline 0.001 -18"><span class='ocrx_word' id='word_1_393' title='bbox 266 2606 359 2659; x_wconf 83' lang='lat' dir='ltr'><strong>editus</strong></span> <span class='ocrx_word' id='word_1_394' title='bbox 385 2604 594 2673; x_wconf 70' lang='lat' dir='ltr'><strong>adnspnlatur5</strong></span> <span class='ocrx_word' id='word_1_395' title='bbox 616 2604 670 2658; x_wconf 82' lang='lat' dir='ltr'><strong>ssd</strong></span> <span class='ocrx_word' id='word_1_396' title='bbox 695 2602 864 2657; x_wconf 73' lang='lat' dir='ltr'><strong>institutioni</strong></span> <span class='ocrx_word' id='word_1_397' title='bbox 885 2600 993 2657; x_wconf 80' lang='lat' dir='ltr'><strong>C&#39;lsrs&#39;sts‘</strong></span> <span class='ocrx_word' id='word_1_398' title='bbox 1008 2603 1100 2655; x_wconf 78' lang='lat' dir='ltr'><strong>minus</strong></span> <span class='ocrx_word' id='word_1_399' title='bbox 1126 2606 1203 2675; x_wconf 83' lang='lat' dir='ltr'><strong>quod</strong></span> <span class='ocrx_word' id='word_1_400' title='bbox 1219 2602 1325 2672; x_wconf 87' lang='lat' dir='ltr'><strong>sipost</strong></span> <span class='ocrx_word' id='word_1_401' title='bbox 1344 2611 1454 2675; x_wconf 74' lang='lat' dir='ltr'><strong>pentum</strong></span> <span class='ocrx_word' id='word_1_402' title='bbox 1472 2603 1612 2672; x_wconf 79' lang='lat' dir='ltr'><strong>pannulus</strong></span> <span class='ocrx_word' id='word_1_403' title='bbox 1629 2604 1760 2675; x_wconf 65' lang='lat' dir='ltr'><strong>sinna,</strong></span> <span class='ocrx_word' id='word_1_404' title='bbox 1782 2604 1964 2677; x_wconf 64' lang='lat' dir='ltr'><strong>mutandus</strong></span> 
     </span>
     <span class='ocr_line' id='line_1_30' title="bbox 266 2688 1964 2761; baseline 0.002 -16"><span class='ocrx_word' id='word_1_405' title='bbox 266 2694 405 2760; x_wconf 72' lang='lat' dir='ltr'><strong>derogare</strong></span> <span class='ocrx_word' id='word_1_406' title='bbox 423 2690 548 2756; x_wconf 77' lang='lat' dir='ltr'><strong>cicietur,</strong></span> <span class='ocrx_word' id='word_1_407' title='bbox 570 2690 598 2742; x_wconf 85' lang='lat' dir='ltr'><strong>si</strong></span> <span class='ocrx_word' id='word_1_408' title='bbox 614 2689 762 2743; x_wconf 70' lang='lat' dir='ltr'><strong>cottonius</strong></span> <span class='ocrx_word' id='word_1_409' title='bbox 780 2704 814 2742; x_wconf 84' lang='lat' dir='ltr'><strong>ne</strong></span> <span class='ocrx_word' id='word_1_410' title='bbox 831 2688 969 2757; x_wconf 65' lang='lat' dir='ltr'><strong>mutulam</strong></span> <span class='ocrx_word' id='word_1_411' title='bbox 987 2688 1100 2757; x_wconf 85' lang='lat' dir='ltr'><strong>quidem</strong></span> <span class='ocrx_word' id='word_1_412' title='bbox 1126 2690 1181 2759; x_wconf 85' lang='lat' dir='ltr'><strong>illa</strong></span> <span class='ocrx_word' id='word_1_413' title='bbox 1202 2688 1317 2759; x_wconf 80' lang='lat' dir='ltr'><strong>rejects&#39;o</strong></span> <span class='ocrx_word' id='word_1_414' title='bbox 1340 2697 1367 2744; x_wconf 89' lang='lat' dir='ltr'><strong>st</strong></span> <span class='ocrx_word' id='word_1_415' title='bbox 1384 2689 1450 2761; x_wconf 78' lang='lat' dir='ltr'><strong>ique</strong></span> <span class='ocrx_word' id='word_1_416' title='bbox 1467 2690 1688 2759; x_wconf 82' lang='lat' dir='ltr'><strong>combureretur,</strong></span> <span class='ocrx_word' id='word_1_417' title='bbox 1716 2691 1789 2745; x_wconf 75' lang='lat' dir='ltr'><strong>sisu</strong></span> <span class='ocrx_word' id='word_1_418' title='bbox 1807 2692 1914 2747; x_wconf 81' lang='lat' dir='ltr'><strong>dieitur</strong></span> <span class='ocrx_word' id='word_1_419' title='bbox 1933 2693 1964 2748; x_wconf 79' lang='lat' dir='ltr'><strong>in</strong></span> 
     </span>
     <span class='ocr_line' id='line_1_31' title="bbox 265 2774 1964 2849; baseline 0.002 -17"><span class='ocrx_word' id='word_1_420' title='bbox 265 2779 326 2833; x_wconf 87' lang='lat' dir='ltr'><strong>cini</strong></span> <span class='ocrx_word' id='word_1_421' title='bbox 342 2776 448 2847; x_wconf 80' lang='lat' dir='ltr'><strong>(meri)</strong></span> <span class='ocrx_word' id='word_1_422' title='bbox 464 2777 543 2839; x_wconf 76' lang='lat' dir='ltr'><strong>serre</strong></span> <span class='ocrx_word' id='word_1_423' title='bbox 554 2775 654 2845; x_wconf 83' lang='lat' dir='ltr'><strong>poses&#39;t,</strong></span> <span class='ocrx_word' id='word_1_424' title='bbox 673 2791 746 2844; x_wconf 85' lang='lat' dir='ltr'><strong>quae</strong></span> <span class='ocrx_word' id='word_1_425' title='bbox 764 2781 857 2828; x_wconf 83' lang='lat' dir='ltr'><strong>sumta</strong></span> <span class='ocrx_word' id='word_1_426' title='bbox 873 2774 1001 2829; x_wconf 84' lang='lat' dir='ltr'><strong>insacrn</strong></span> <span class='ocrx_word' id='word_1_427' title='bbox 1014 2790 1101 2829; x_wconf 87' lang='lat' dir='ltr'><strong>coena</strong></span> <span class='ocrx_word' id='word_1_428' title='bbox 1127 2777 1245 2847; x_wconf 63' lang='lat' dir='ltr'><strong>Modo,</strong></span> <span class='ocrx_word' id='word_1_429' title='bbox 1266 2775 1295 2828; x_wconf 84' lang='lat' dir='ltr'><strong>si</strong></span> <span class='ocrx_word' id='word_1_430' title='bbox 1316 2774 1387 2844; x_wconf 84' lang='lat' dir='ltr'><strong>quid</strong></span> <span class='ocrx_word' id='word_1_431' title='bbox 1403 2774 1548 2849; x_wconf 82' lang='lat' dir='ltr'><strong>residuum</strong></span> <span class='ocrx_word' id='word_1_432' title='bbox 1559 2776 1670 2844; x_wconf 83' lang='lat' dir='ltr'><strong>suerit,</strong></span> <span class='ocrx_word' id='word_1_433' title='bbox 1695 2777 1759 2844; x_wconf 84' lang='lat' dir='ltr'><strong>ique</strong></span> <span class='ocrx_word' id='word_1_434' title='bbox 1776 2779 1964 2835; x_wconf 73' lang='lat' dir='ltr'><strong>summram.</strong></span> 
     </span>
     <span class='ocr_line' id='line_1_32' title="bbox 265 2859 1964 2934; baseline 0.002 -16"><span class='ocrx_word' id='word_1_435' title='bbox 265 2865 422 2934; x_wconf 79' lang='lat' dir='ltr'><strong>sufficeret,</strong></span> <span class='ocrx_word' id='word_1_436' title='bbox 444 2869 474 2915; x_wconf 90' lang='lat' dir='ltr'><strong>ut</strong></span> <span class='ocrx_word' id='word_1_437' title='bbox 492 2860 625 2931; x_wconf 77' lang='lat' dir='ltr'><strong>pausillo</strong></span> <span class='ocrx_word' id='word_1_438' title='bbox 648 2862 713 2915; x_wconf 85' lang='lat' dir='ltr'><strong>cino</strong></span> <span class='ocrx_word' id='word_1_439' title='bbox 730 2868 891 2915; x_wconf 72' lang='lat' dir='ltr'><strong>nomenato</strong></span> <span class='ocrx_word' id='word_1_440' title='bbox 910 2859 1101 2914; x_wconf 81' lang='lat' dir='ltr'><strong>admisceatur</strong></span> <span class='ocrx_word' id='word_1_441' title='bbox 1126 2861 1205 2918; x_wconf 87' lang='lat' dir='ltr'><strong>Haec</strong></span> <span class='ocrx_word' id='word_1_442' title='bbox 1227 2860 1419 2930; x_wconf 81' lang='lat' dir='ltr'><strong>innocentius,</strong></span> <span class='ocrx_word' id='word_1_443' title='bbox 1447 2860 1496 2915; x_wconf 87' lang='lat' dir='ltr'><strong>aed</strong></span> <span class='ocrx_word' id='word_1_444' title='bbox 1522 2861 1617 2933; x_wconf 83' lang='lat' dir='ltr'><strong>praxis</strong></span> <span class='ocrx_word' id='word_1_445' title='bbox 1643 2863 1777 2919; x_wconf 74' lang='lat' dir='ltr'><strong>ecclesian</strong></span> <span class='ocrx_word' id='word_1_446' title='bbox 1798 2863 1964 2922; x_wconf 82' lang='lat' dir='ltr'><strong>Pontificise</strong></span> 
     </span>
     <span class='ocr_line' id='line_1_33' title="bbox 268 2945 1963 3020; baseline 0.004 -17"><span class='ocrx_word' id='word_1_447' title='bbox 268 2967 345 3020; x_wconf 80' lang='lat' dir='ltr'><strong>nqssa</strong></span> <span class='ocrx_word' id='word_1_448' title='bbox 362 2966 397 3003; x_wconf 89' lang='lat' dir='ltr'><strong>nc</strong></span> <span class='ocrx_word' id='word_1_449' title='bbox 417 2949 450 3002; x_wconf 84' lang='lat' dir='ltr'><strong>id</strong></span> <span class='ocrx_word' id='word_1_450' title='bbox 470 2945 661 3015; x_wconf 75' lang='lat' dir='ltr'><strong>minuriatur,</strong></span> <span class='ocrx_word' id='word_1_451' title='bbox 677 2946 764 3016; x_wconf 81' lang='lat' dir='ltr'><strong>juata</strong></span> <span class='ocrx_word' id='word_1_452' title='bbox 778 2947 880 3015; x_wconf 84' lang='lat' dir='ltr'><strong>uqsnd.</strong></span> <span class='ocrx_word' id='word_1_453' title='bbox 899 2946 1102 3015; x_wconf 65' lang='lat' dir='ltr'><strong>Nniussrart</strong></span> <span class='ocrx_word' id='word_1_454' title='bbox 1127 2949 1157 3005; x_wconf 87' lang='lat' dir='ltr'><strong>id</strong></span> <span class='ocrx_word' id='word_1_455' title='bbox 1173 2949 1256 3005; x_wconf 89' lang='lat' dir='ltr'><strong>hodie</strong></span> <span class='ocrx_word' id='word_1_456' title='bbox 1275 2965 1331 3003; x_wconf 91' lang='lat' dir='ltr'><strong>non</strong></span> <span class='ocrx_word' id='word_1_457' title='bbox 1349 2947 1487 3005; x_wconf 76' lang='lat' dir='ltr'><strong>obaemst.</strong></span> <span class='ocrx_word' id='word_1_458' title='bbox 1524 2947 1570 3004; x_wconf 84' lang='lat' dir='ltr'><strong>Sic</strong></span> <span class='ocrx_word' id='word_1_459' title='bbox 1587 2948 1661 3004; x_wconf 91' lang='lat' dir='ltr'><strong>enim</strong></span> <span class='ocrx_word' id='word_1_460' title='bbox 1675 2949 1774 3005; x_wconf 87' lang='lat' dir='ltr'><strong>scribit</strong></span> <span class='ocrx_word' id='word_1_461' title='bbox 1783 2950 1963 3009; x_wconf 82' lang='lat' dir='ltr'><strong>Msldonatus</strong></span> 
     </span>
     <span class='ocr_line' id='line_1_34' title="bbox 267 3031 1964 3105; baseline 0.001 -13"><span class='ocrx_word' id='word_1_462' title='bbox 267 3034 431 3093; x_wconf 83' lang='lat' dir='ltr'><strong>Cbamieuu</strong></span> <span class='ocrx_word' id='word_1_463' title='bbox 459 3041 525 3089; x_wconf 88' lang='lat' dir='ltr'><strong>tom</strong></span> <span class='ocrx_word' id='word_1_464' title='bbox 553 3040 579 3090; x_wconf 84' lang='lat' dir='ltr'><strong>t.</strong></span> <span class='ocrx_word' id='word_1_465' title='bbox 603 3038 738 3105; x_wconf 81' lang='lat' dir='ltr'><strong>penetrat</strong></span> <span class='ocrx_word' id='word_1_466' title='bbox 766 3031 815 3092; x_wconf 89' lang='lat' dir='ltr'><strong>lib.</strong></span> <span class='ocrx_word' id='word_1_467' title='bbox 842 3037 866 3089; x_wconf 84' lang='grc'><strong>8.</strong></span> <span class='ocrx_word' id='word_1_468' title='bbox 894 3049 919 3089; x_wconf 91' lang='lat' dir='ltr'><strong>c.</strong></span> <span class='ocrx_word' id='word_1_469' title='bbox 948 3038 990 3090; x_wconf 88' lang='lat' dir='ltr'><strong>lt.</strong></span> <span class='ocrx_word' id='word_1_470' title='bbox 1015 3051 1042 3089; x_wconf 92' lang='lat' dir='ltr'><strong>u.</strong></span> <span class='ocrx_word' id='word_1_471' title='bbox 1071 3038 1101 3089; x_wconf 86' lang='lat'><strong>9:</strong></span> <span class='ocrx_word' id='word_1_472' title='bbox 1127 3036 1157 3091; x_wconf 93' lang='lat' dir='ltr'><strong>in</strong></span> <span class='ocrx_word' id='word_1_473' title='bbox 1174 3052 1198 3091; x_wconf 87' lang='lat' dir='ltr'><strong>e.</strong></span> <span class='ocrx_word' id='word_1_474' title='bbox 1217 3041 1240 3092; x_wconf 84' lang='lat'><strong>6.</strong></span> <span class='ocrx_word' id='word_1_475' title='bbox 1258 3032 1339 3093; x_wconf 84' lang='lat' dir='ltr'><strong>lob:</strong></span> <span class='ocrx_word' id='word_1_476' title='bbox 1362 3035 1485 3089; x_wconf 82' lang='lat' dir='ltr'><strong>Missam</strong></span> <span class='ocrx_word' id='word_1_477' title='bbox 1505 3037 1682 3105; x_wconf 75' lang='lat' dir='ltr'><strong>sansucium</strong></span> <span class='ocrx_word' id='word_1_478' title='bbox 1699 3037 1855 3105; x_wconf 61' lang='lat' dir='ltr'><strong>Amardus·</strong></span> <span class='ocrx_word' id='word_1_479' title='bbox 1871 3046 1897 3093; x_wconf 85' lang='lat' dir='ltr'><strong>st</strong></span> <span class='ocrx_word' id='word_1_480' title='bbox 1913 3040 1964 3095; x_wconf 85' lang='lat' dir='ltr'><strong>Ia·</strong></span> 
     </span>
     <span class='ocr_line' id='line_1_35' title="bbox 269 3117 1964 3193; baseline 0.001 -14"><span class='ocrx_word' id='word_1_481' title='bbox 269 3123 369 3179; x_wconf 71' lang='lat' dir='ltr'><strong>Sciunt</strong></span> <span class='ocrx_word' id='word_1_482' title='bbox 391 3120 449 3191; x_wconf 76' lang='lat' dir='ltr'><strong>spei</strong></span> <span class='ocrx_word' id='word_1_483' title='bbox 466 3121 622 3191; x_wconf 77' lang='lat' dir='ltr'><strong>Papiriae,</strong></span> <span class='ocrx_word' id='word_1_484' title='bbox 649 3138 668 3175; x_wconf 87' lang='lat' dir='ltr'><strong>n</strong></span> <span class='ocrx_word' id='word_1_485' title='bbox 684 3119 765 3174; x_wconf 83' lang='lat' dir='ltr'><strong>nobis</strong></span> <span class='ocrx_word' id='word_1_486' title='bbox 784 3119 907 3174; x_wconf 81' lang='lat' dir='ltr'><strong>tolerari</strong></span> <span class='ocrx_word' id='word_1_487' title='bbox 921 3136 1002 3174; x_wconf 83' lang='lat' dir='ltr'><strong>usum</strong></span> <span class='ocrx_word' id='word_1_488' title='bbox 1019 3117 1102 3173; x_wconf 86' lang='lat' dir='ltr'><strong>unius</strong></span> <span class='ocrx_word' id='word_1_489' title='bbox 1127 3122 1250 3179; x_wconf 71' lang='lat' dir='ltr'><strong>nocentis·</strong></span> <span class='ocrx_word' id='word_1_490' title='bbox 1266 3122 1359 3193; x_wconf 85' lang='lat' dir='ltr'><strong>primi</strong></span> <span class='ocrx_word' id='word_1_491' title='bbox 1383 3123 1560 3183; x_wconf 69' lang='lat' dir='ltr'><strong>sommium,</strong></span> <span class='ocrx_word' id='word_1_492' title='bbox 1586 3123 1785 3179; x_wconf 69' lang='lat' dir='ltr'><strong>nwlnrsbtiam</strong></span> <span class='ocrx_word' id='word_1_493' title='bbox 1808 3126 1895 3181; x_wconf 67' lang='grc' dir='ltr'>αιάιιι</span> <span class='ocrx_word' id='word_1_494' title='bbox 1921 3128 1964 3181; x_wconf 77' lang='lat' dir='ltr'><strong>in·</strong></span> 
     </span>
     <span class='ocr_line' id='line_1_36' title="bbox 267 3205 1965 3302; baseline 0.002 -37"><span class='ocrx_word' id='word_1_495' title='bbox 267 3209 374 3281; x_wconf 83' lang='lat' dir='ltr'><strong>speciei</strong></span> <span class='ocrx_word' id='word_1_496' title='bbox 397 3209 429 3263; x_wconf 86' lang='lat' dir='ltr'><strong>in</strong></span> <span class='ocrx_word' id='word_1_497' title='bbox 450 3207 501 3278; x_wconf 88' lang='lat' dir='ltr'><strong>iis,</strong></span> <span class='ocrx_word' id='word_1_498' title='bbox 528 3207 578 3278; x_wconf 86' lang='lat' dir='ltr'><strong>qai</strong></span> <span class='ocrx_word' id='word_1_499' title='bbox 595 3207 711 3276; x_wconf 82' lang='lat' dir='ltr'><strong>ponitus</strong></span> <span class='ocrx_word' id='word_1_500' title='bbox 733 3205 794 3261; x_wconf 88' lang='lat' dir='ltr'><strong>uini</strong></span> <span class='ocrx_word' id='word_1_501' title='bbox 816 3213 928 3277; x_wconf 71' lang='lat' dir='ltr'><strong>quium</strong></span> <span class='ocrx_word' id='word_1_502' title='bbox 948 3206 1030 3302; x_wconf 55' lang='lat' dir='ltr'><strong>ferra</strong></span> <span class='ocrx_word' id='word_1_503' title='bbox 1046 3223 1102 3261; x_wconf 86' lang='lat' dir='ltr'><strong>non</strong></span> <span class='ocrx_word' id='word_1_504' title='bbox 1125 3208 1255 3277; x_wconf 79' lang='lat' dir='ltr'><strong>fontibus</strong></span> <span class='ocrx_word' id='word_1_505' title='bbox 1271 3210 1475 3279; x_wconf 74' lang='lat' dir='ltr'><strong>nasaniam,</strong></span> <span class='ocrx_word' id='word_1_506' title='bbox 1499 3226 1571 3280; x_wconf 85' lang='lat' dir='ltr'><strong>quas</strong></span> <span class='ocrx_word' id='word_1_507' title='bbox 1587 3211 1700 3264; x_wconf 82' lang='lat' dir='ltr'><strong>circiter</strong></span> <span class='ocrx_word' id='word_1_508' title='bbox 1716 3218 1857 3267; x_wconf 62' lang='lat' dir='ltr'><strong>marmus</strong></span> <span class='ocrx_word' id='word_1_509' title='bbox 1873 3230 1965 3269; x_wconf 79' lang='lat' dir='ltr'><strong>annos</strong></span> 
     </span>
     <span class='ocr_line' id='line_1_37' title="bbox 391 3293 1387 3331; baseline 0 -23"><span class='ocrx_word' id='word_1_510' title='bbox 391 3295 423 3331; x_wconf 50' lang='grc' dir='ltr'><strong>,κ</strong></span> <span class='ocrx_word' id='word_1_511' title='bbox 1151 3295 1158 3308; x_wconf 90' lang='grc'><strong>.</strong></span> <span class='ocrx_word' id='word_1_512' title='bbox 1200 3295 1205 3308; x_wconf 95' lang='grc'><strong>.</strong></span> <span class='ocrx_word' id='word_1_513' title='bbox 1242 3293 1249 3306; x_wconf 93' lang='grc'><strong>.</strong></span> <span class='ocrx_word' id='word_1_514' title='bbox 1381 3295 1387 3308; x_wconf 92' lang='grc'><strong>.</strong></span> 
     </span>
     <span class='ocr_line' id='line_1_38' title="bbox 166 3294 1965 3455; baseline 0.001 -17"><span class='ocrx_word' id='word_1_515' title='bbox 166 3396 198 3447; x_wconf 65' lang='grc' dir='ltr'>ιι</span> <span class='ocrx_word' id='word_1_516' title='bbox 209 3302 390 3441; x_wconf 38' lang='lat' dir='ltr'><strong>aaa&amp;</strong></span> <span class='ocrx_word' id='word_1_517' title='bbox 407 3380 554 3449; x_wconf 82' lang='lat' dir='ltr'><strong>Quaeritur</strong></span> <span class='ocrx_word' id='word_1_518' title='bbox 578 3386 603 3437; x_wconf 81' lang='lat'><strong>3.</strong></span> <span class='ocrx_word' id='word_1_519' title='bbox 627 3398 665 3435; x_wconf 91' lang='lat' dir='ltr'><strong>nn</strong></span> <span class='ocrx_word' id='word_1_520' title='bbox 687 3381 773 3435; x_wconf 85' lang='lat' dir='ltr'><strong>etiam</strong></span> <span class='ocrx_word' id='word_1_521' title='bbox 796 3380 915 3435; x_wconf 81' lang='lat' dir='ltr'><strong>mortuis</strong></span> <span class='ocrx_word' id='word_1_522' title='bbox 933 3378 1104 3434; x_wconf 64' lang='lat' dir='ltr'><strong>salumn</strong></span> <span class='ocrx_word' id='word_1_523' title='bbox 1127 3294 1405 3450; x_wconf 41' lang='lat' dir='ltr'><strong>mdxii-lucii</strong></span> <span class='ocrx_word' id='word_1_524' title='bbox 1417 3294 1814 3455; x_wconf 48' lang='lat' dir='ltr'><strong>iidwaesoffnw</strong></span> <span class='ocrx_word' id='word_1_525' title='bbox 1823 3307 1965 3442; x_wconf 55' lang='lat' dir='ltr'><strong>:am</strong></span> 
     </span>
     <span class='ocr_line' id='line_1_39' title="bbox 107 3447 1964 3591; baseline 0.003 -68"><span class='ocrx_word' id='word_1_526' title='bbox 107 3538 110 3543; x_wconf 23' lang='lat'>¹</span> <span class='ocrx_word' id='word_1_527' title='bbox 141 3447 257 3591; x_wconf 38' lang='lat'><strong>&amp;32:⁸²</strong></span> <span class='ocrx_word' id='word_1_528' title='bbox 269 3469 403 3525; x_wconf 70' lang='lat' dir='ltr'><strong>emaum.</strong></span> <span class='ocrx_word' id='word_1_529' title='bbox 441 3465 664 3537; x_wconf 63' lang='lat' dir='ltr'><strong>mensumn:</strong></span> <span class='ocrx_word' id='word_1_530' title='bbox 682 3483 716 3521; x_wconf 70' lang='lat' dir='ltr'><strong>ex</strong></span> <span class='ocrx_word' id='word_1_531' title='bbox 736 3465 852 3522; x_wconf 73' lang='lat' dir='ltr'><strong>sensim</strong></span> <span class='ocrx_word' id='word_1_532' title='bbox 871 3464 1030 3537; x_wconf 60' lang='lat' dir='ltr'><strong>canam</strong></span> <span class='ocrx_word' id='word_1_533' title='bbox 1048 3464 1103 3521; x_wconf 89' lang='grc' dir='ltr'>ιιι.</span> <span class='ocrx_word' id='word_1_534' title='bbox 1127 3468 1166 3523; x_wconf 82' lang='lat' dir='ltr'><strong>n</strong></span> <span class='ocrx_word' id='word_1_535' title='bbox 1185 3465 1368 3523; x_wconf 64' lang='lat' dir='ltr'><strong>numanus</strong></span> <span class='ocrx_word' id='word_1_536' title='bbox 1391 3467 1453 3522; x_wconf 77' lang='lat' dir='ltr'><strong>nu.</strong></span> <span class='ocrx_word' id='word_1_537' title='bbox 1477 3474 1500 3523; x_wconf 89' lang='lat'><strong>1.</strong></span> <span class='ocrx_word' id='word_1_538' title='bbox 1523 3467 1558 3522; x_wconf 72' lang='lat' dir='ltr'><strong>us</strong></span> <span class='ocrx_word' id='word_1_539' title='bbox 1584 3467 1720 3539; x_wconf 68' lang='lat' dir='ltr'><strong>cepnae</strong></span> <span class='ocrx_word' id='word_1_540' title='bbox 1739 3486 1764 3524; x_wconf 66' lang='grc' dir='ltr'><strong>ι.</strong></span> <span class='ocrx_word' id='word_1_541' title='bbox 1789 3477 1815 3529; x_wconf 87' lang='lat' dir='ltr'><strong>o.</strong></span> <span class='ocrx_word' id='word_1_542' title='bbox 1832 3488 1908 3544; x_wconf 71' lang='lat' dir='ltr'><strong>rap.</strong></span> <span class='ocrx_word' id='word_1_543' title='bbox 1926 3473 1964 3529; x_wconf 72' lang='grc' dir='ltr'>ιι</span> 
     </span>
     <span class='ocr_line' id='line_1_40' title="bbox 141 3551 1946 3592; baseline -0.001 0"><span class='ocrx_word' id='word_1_544' title='bbox 141 3556 237 3592; x_wconf 84' lang='lat' dir='ltr'><strong>mortus</strong></span> <span class='ocrx_word' id='word_1_545' title='bbox 420 3553 426 3566; x_wconf 86' lang='lat'><strong>¹</strong></span> <span class='ocrx_word' id='word_1_546' title='bbox 815 3551 821 3564; x_wconf 77' lang='lat'>⁸</span> <span class='ocrx_word' id='word_1_547' title='bbox 915 3552 922 3564; x_wconf 76' lang='lat'><strong>⁹</strong></span> <span class='ocrx_word' id='word_1_548' title='bbox 950 3552 956 3564; x_wconf 86' lang='lat'><strong>¹</strong></span> <span class='ocrx_word' id='word_1_549' title='bbox 1615 3555 1621 3567; x_wconf 91' lang='grc'><em>·</em></span> <span class='ocrx_word' id='word_1_550' title='bbox 1735 3575 1741 3588; x_wconf 94' lang='grc'><strong>.</strong></span> <span class='ocrx_word' id='word_1_551' title='bbox 1902 3559 1908 3573; x_wconf 93' lang='grc'>·</span> <span class='ocrx_word' id='word_1_552' title='bbox 1940 3560 1946 3572; x_wconf 94' lang='grc'>·</span> 
     </span>
     <span class='ocr_line' id='line_1_41' title="bbox 411 3550 1964 3713; baseline 0.003 -17.257"><span class='ocrx_word' id='word_1_553' title='bbox 411 3550 1102 3711; x_wconf 53' lang='lat' dir='ltr'><strong>numm</strong></span> <span class='ocrx_word' id='word_1_554' title='bbox 1127 3552 1742 3709; x_wconf 50' lang='lat' dir='ltr'><strong>„smmum</strong></span> <span class='ocrx_word' id='word_1_555' title='bbox 1758 3558 1964 3713; x_wconf 64' lang='lat' dir='ltr'><strong>nrm</strong></span> 
     </span>
     <span class='ocr_line' id='line_1_42' title="bbox 142 3707 1964 3798; baseline 0.003 -17"><span class='ocrx_word' id='word_1_556' title='bbox 142 3707 227 3747; x_wconf 54' lang='grc' dir='ltr'><strong>’Μ</strong></span> <span class='ocrx_word' id='word_1_557' title='bbox 270 3725 427 3798; x_wconf 86' lang='lat' dir='ltr'><strong>impositam</strong></span> <span class='ocrx_word' id='word_1_558' title='bbox 442 3724 537 3780; x_wconf 84' lang='lat' dir='ltr'><strong>fuisse.</strong></span> <span class='ocrx_word' id='word_1_559' title='bbox 573 3721 726 3794; x_wconf 80' lang='lat' dir='ltr'><strong>Gregorius</strong></span> <span class='ocrx_word' id='word_1_560' title='bbox 737 3721 786 3779; x_wconf 93' lang='lat' dir='ltr'><strong>lib.</strong></span> <span class='ocrx_word' id='word_1_561' title='bbox 801 3728 825 3778; x_wconf 81' lang='lat'><strong>2.</strong></span> <span class='ocrx_word' id='word_1_562' title='bbox 839 3722 903 3778; x_wconf 85' lang='lat' dir='ltr'><strong>dial</strong></span> <span class='ocrx_word' id='word_1_563' title='bbox 915 3740 939 3777; x_wconf 90' lang='lat' dir='ltr'><strong>c.</strong></span> <span class='ocrx_word' id='word_1_564' title='bbox 954 3728 998 3781; x_wconf 75' lang='lat'><strong>24.</strong></span> <span class='ocrx_word' id='word_1_565' title='bbox 1009 3722 1102 3793; x_wconf 84' lang='lat' dir='ltr'><strong>refert,</strong></span> <span class='ocrx_word' id='word_1_566' title='bbox 1128 3725 1261 3794; x_wconf 73' lang='lat' dir='ltr'><strong>quiritum</strong></span> <span class='ocrx_word' id='word_1_567' title='bbox 1282 3732 1428 3791; x_wconf 71' lang='lat' dir='ltr'><strong>¹consecrant</strong></span> <span class='ocrx_word' id='word_1_568' title='bbox 1445 3741 1480 3777; x_wconf 89' lang='lat' dir='ltr'><strong>ac</strong></span> <span class='ocrx_word' id='word_1_569' title='bbox 1496 3726 1618 3795; x_wconf 83' lang='lat' dir='ltr'><strong>nutriat,</strong></span> <span class='ocrx_word' id='word_1_570' title='bbox 1644 3730 1722 3797; x_wconf 83' lang='lat' dir='ltr'><strong>quod</strong></span> <span class='ocrx_word' id='word_1_571' title='bbox 1732 3729 1814 3798; x_wconf 84' lang='lat' dir='ltr'><strong>fucit</strong></span> <span class='ocrx_word' id='word_1_572' title='bbox 1831 3730 1863 3783; x_wconf 88' lang='lat' dir='ltr'><strong>in</strong></span> <span class='ocrx_word' id='word_1_573' title='bbox 1879 3730 1964 3787; x_wconf 80' lang='lat' dir='ltr'><strong>rebus</strong></span> 
     </span>
     <span class='ocr_line' id='line_1_43' title="bbox 268 3808 1964 3883; baseline 0.001 -13"><span class='ocrx_word' id='word_1_574' title='bbox 268 3812 451 3869; x_wconf 88' lang='lat' dir='ltr'><strong>Benedictum</strong></span> <span class='ocrx_word' id='word_1_575' title='bbox 474 3808 671 3866; x_wconf 86' lang='lat' dir='ltr'><strong>eucharistiam</strong></span> <span class='ocrx_word' id='word_1_576' title='bbox 687 3808 794 3881; x_wconf 90' lang='lat' dir='ltr'><strong>pectori</strong></span> <span class='ocrx_word' id='word_1_577' title='bbox 812 3809 958 3880; x_wconf 86' lang='lat' dir='ltr'><strong>cujusdam</strong></span> <span class='ocrx_word' id='word_1_578' title='bbox 975 3809 1102 3866; x_wconf 87' lang='lat' dir='ltr'><strong>monachi</strong></span> <span class='ocrx_word' id='word_1_579' title='bbox 1127 3810 1324 3881; x_wconf 75' lang='lat' dir='ltr'><strong>corporalibus</strong></span> <span class='ocrx_word' id='word_1_580' title='bbox 1347 3810 1424 3865; x_wconf 86' lang='lat' dir='ltr'><strong>cibus</strong></span> <span class='ocrx_word' id='word_1_581' title='bbox 1444 3812 1617 3881; x_wconf 65' lang='lat' dir='ltr'><strong>nemoralis,</strong></span> <span class='ocrx_word' id='word_1_582' title='bbox 1642 3813 1693 3883; x_wconf 84' lang='lat' dir='ltr'><strong>qui</strong></span> <span class='ocrx_word' id='word_1_583' title='bbox 1706 3815 1794 3869; x_wconf 74' lang='lat' dir='ltr'><strong>cium</strong></span> <span class='ocrx_word' id='word_1_584' title='bbox 1812 3817 1964 3871; x_wconf 74' lang='lat' dir='ltr'><strong>animam</strong></span> 
     </span>
     <span class='ocr_line' id='line_1_44' title="bbox 268 3894 1965 3972; baseline -0.002 -16"><span class='ocrx_word' id='word_1_585' title='bbox 268 3898 406 3956; x_wconf 89' lang='lat' dir='ltr'><strong>demortui</strong></span> <span class='ocrx_word' id='word_1_586' title='bbox 434 3897 611 3969; x_wconf 87' lang='lat' dir='ltr'><strong>imposuisse,</strong></span> <span class='ocrx_word' id='word_1_587' title='bbox 639 3894 715 3969; x_wconf 84' lang='lat' dir='ltr'><strong>quod</strong></span> <span class='ocrx_word' id='word_1_588' title='bbox 743 3894 773 3950; x_wconf 93' lang='lat' dir='ltr'><strong>iu</strong></span> <span class='ocrx_word' id='word_1_589' title='bbox 800 3895 917 3951; x_wconf 89' lang='lat' dir='ltr'><strong>concilio</strong></span> <span class='ocrx_word' id='word_1_590' title='bbox 942 3895 1101 3952; x_wconf 83' lang='lat' dir='ltr'><strong>Alb&#39;siodor.</strong></span> <span class='ocrx_word' id='word_1_591' title='bbox 1127 3902 1282 3952; x_wconf 82' lang='lat' dir='ltr'><strong>conssrant.</strong></span> <span class='ocrx_word' id='word_1_592' title='bbox 1321 3894 1401 3951; x_wconf 72' lang='lat' dir='ltr'><strong>Sicut</strong></span> <span class='ocrx_word' id='word_1_593' title='bbox 1421 3895 1509 3967; x_wconf 73' lang='lat' dir='ltr'><strong>igitur</strong></span> <span class='ocrx_word' id='word_1_594' title='bbox 1525 3897 1585 3951; x_wconf 82' lang='lat' dir='ltr'><strong>sine</strong></span> <span class='ocrx_word' id='word_1_595' title='bbox 1605 3898 1666 3952; x_wconf 83' lang='lat' dir='ltr'><strong>cibo</strong></span> <span class='ocrx_word' id='word_1_596' title='bbox 1680 3907 1771 3969; x_wconf 80' lang='lat' dir='ltr'><strong>potest</strong></span> <span class='ocrx_word' id='word_1_597' title='bbox 1790 3900 1965 3972; x_wconf 80' lang='lat' dir='ltr'><strong>aliquandiu</strong></span> 
     </span>
     <span class='ocr_line' id='line_1_45' title="bbox 268 3980 1964 4059; baseline -0.001 -16"><span class='ocrx_word' id='word_1_598' title='bbox 268 4003 329 4043; x_wconf 85' lang='lat' dir='ltr'><strong>can.</strong></span> <span class='ocrx_word' id='word_1_599' title='bbox 349 3991 389 4042; x_wconf 78' lang='lat'><strong>12.</strong></span> <span class='ocrx_word' id='word_1_600' title='bbox 407 3982 584 4057; x_wconf 87' lang='lat' dir='ltr'><strong>prohibitum</strong></span> <span class='ocrx_word' id='word_1_601' title='bbox 619 3982 655 4037; x_wconf 93' lang='lat' dir='ltr'><strong>Iu</strong></span> <span class='ocrx_word' id='word_1_602' title='bbox 673 3981 768 4038; x_wconf 89' lang='lat' dir='ltr'><strong>libello</strong></span> <span class='ocrx_word' id='word_1_603' title='bbox 781 3981 968 4054; x_wconf 82' lang='lat' dir='ltr'><strong>Amphilochii</strong></span> <span class='ocrx_word' id='word_1_604' title='bbox 983 3981 1103 4039; x_wconf 85' lang='lat' dir='ltr'><strong>refertur</strong></span> <span class='ocrx_word' id='word_1_605' title='bbox 1125 3980 1197 4050; x_wconf 85' lang='lat' dir='ltr'><strong>cici,</strong></span> <span class='ocrx_word' id='word_1_606' title='bbox 1223 3981 1355 4035; x_wconf 85' lang='lat' dir='ltr'><strong>nimirum</strong></span> <span class='ocrx_word' id='word_1_607' title='bbox 1379 3983 1465 4037; x_wconf 68' lang='lat' dir='ltr'><strong>ilonea</strong></span> <span class='ocrx_word' id='word_1_608' title='bbox 1489 3983 1632 4049; x_wconf 73' lang='lat' dir='ltr'><strong>nmurnlis</strong></span> <span class='ocrx_word' id='word_1_609' title='bbox 1658 3984 1737 4039; x_wconf 83' lang='lat' dir='ltr'><strong>calor</strong></span> <span class='ocrx_word' id='word_1_610' title='bbox 1762 4003 1818 4041; x_wconf 90' lang='lat' dir='ltr'><strong>non</strong></span> <span class='ocrx_word' id='word_1_611' title='bbox 1840 3989 1964 4059; x_wconf 62' lang='lat' dir='ltr'><strong>cameri</strong></span> 
     </span>
     <span class='ocr_line' id='line_1_46' title="bbox 269 4066 1963 4143; baseline -0.001 -14"><span class='ocrx_word' id='word_1_612' title='bbox 269 4073 304 4129; x_wconf 90' lang='lat' dir='ltr'><strong>de</strong></span> <span class='ocrx_word' id='word_1_613' title='bbox 320 4071 433 4138; x_wconf 84' lang='lat' dir='ltr'><strong>Basilio,</strong></span> <span class='ocrx_word' id='word_1_614' title='bbox 452 4070 527 4142; x_wconf 87' lang='lat' dir='ltr'><strong>quod</strong></span> <span class='ocrx_word' id='word_1_615' title='bbox 543 4073 710 4127; x_wconf 75' lang='lat' dir='ltr'><strong>mensutam</strong></span> <span class='ocrx_word' id='word_1_616' title='bbox 726 4068 856 4127; x_wconf 85' lang='lat' dir='ltr'><strong>babuerit</strong></span> <span class='ocrx_word' id='word_1_617' title='bbox 873 4068 1000 4134; x_wconf 74' lang='lat' dir='ltr'><strong>hostum</strong></span> <span class='ocrx_word' id='word_1_618' title='bbox 1018 4085 1102 4141; x_wconf 87' lang='lat' dir='ltr'><strong>quam</strong></span> <span class='ocrx_word' id='word_1_619' title='bbox 1127 4067 1268 4123; x_wconf 78' lang='lat' dir='ltr'><strong>numerem</strong></span> <span class='ocrx_word' id='word_1_620' title='bbox 1296 4066 1408 4122; x_wconf 73' lang='lat' dir='ltr'><strong>uisam</strong></span> <span class='ocrx_word' id='word_1_621' title='bbox 1432 4084 1605 4139; x_wconf 75' lang='lat' dir='ltr'><strong>annumero,</strong></span> <span class='ocrx_word' id='word_1_622' title='bbox 1632 4070 1673 4124; x_wconf 86' lang='lat' dir='ltr'><strong>ss&#39;o</strong></span> <span class='ocrx_word' id='word_1_623' title='bbox 1697 4089 1805 4143; x_wconf 84' lang='lat' dir='ltr'><strong>quoque</strong></span> <span class='ocrx_word' id='word_1_624' title='bbox 1830 4075 1891 4129; x_wconf 87' lang='lat' dir='ltr'><strong>sins</strong></span> <span class='ocrx_word' id='word_1_625' title='bbox 1917 4092 1963 4130; x_wconf 82' lang='lat' dir='ltr'><strong>eu·</strong></span> 
     </span>
     <span class='ocr_line' id='line_1_47' title="bbox 267 4154 1964 4228; baseline -0.002 -13"><span class='ocrx_word' id='word_1_626' title='bbox 267 4159 351 4215; x_wconf 89' lang='lat' dir='ltr'><strong>etiam</strong></span> <span class='ocrx_word' id='word_1_627' title='bbox 364 4174 457 4214; x_wconf 89' lang='lat' dir='ltr'><strong>secum</strong></span> <span class='ocrx_word' id='word_1_628' title='bbox 470 4156 655 4213; x_wconf 86' lang='lat' dir='ltr'><strong>contumulari</strong></span> <span class='ocrx_word' id='word_1_629' title='bbox 665 4157 833 4213; x_wconf 80' lang='lat' dir='ltr'><strong>decreuerat.</strong></span> <span class='ocrx_word' id='word_1_630' title='bbox 853 4154 992 4212; x_wconf 84' lang='lat' dir='ltr'><strong>Pontificii</strong></span> <span class='ocrx_word' id='word_1_631' title='bbox 1005 4156 1103 4213; x_wconf 85' lang='lat' dir='ltr'><strong>missas</strong></span> <span class='ocrx_word' id='word_1_632' title='bbox 1128 4154 1266 4208; x_wconf 68' lang='lat' dir='ltr'><strong>sinantia</strong></span> <span class='ocrx_word' id='word_1_633' title='bbox 1287 4160 1381 4223; x_wconf 80' lang='lat' dir='ltr'><strong>potest</strong></span> <span class='ocrx_word' id='word_1_634' title='bbox 1405 4156 1569 4209; x_wconf 72' lang='lat' dir='ltr'><strong>sommam·</strong></span> <span class='ocrx_word' id='word_1_635' title='bbox 1590 4155 1649 4211; x_wconf 84' lang='lat' dir='ltr'><strong>nita</strong></span> <span class='ocrx_word' id='word_1_636' title='bbox 1666 4157 1845 4228; x_wconf 82' lang='lat' dir='ltr'><strong>spiritualis,</strong></span> <span class='ocrx_word' id='word_1_637' title='bbox 1874 4162 1964 4216; x_wconf 73' lang='lat' dir='ltr'><strong>dom</strong></span> 
     </span>
     <span class='ocr_line' id='line_1_48' title="bbox 268 4238 1964 4316; baseline 0.001 -15"><span class='ocrx_word' id='word_1_638' title='bbox 268 4245 412 4301; x_wconf 87' lang='lat' dir='ltr'><strong>celebrant</strong></span> <span class='ocrx_word' id='word_1_639' title='bbox 428 4260 479 4316; x_wconf 89' lang='lat' dir='ltr'><strong>pro</strong></span> <span class='ocrx_word' id='word_1_640' title='bbox 497 4242 644 4301; x_wconf 67' lang='lat' dir='ltr'><strong>demens.</strong></span> <span class='ocrx_word' id='word_1_641' title='bbox 673 4243 729 4300; x_wconf 84' lang='lat' dir='ltr'><strong>Sed</strong></span> <span class='ocrx_word' id='word_1_642' title='bbox 747 4241 790 4299; x_wconf 85' lang='lat' dir='ltr'><strong>his</strong></span> <span class='ocrx_word' id='word_1_643' title='bbox 807 4248 836 4298; x_wconf 93' lang='lat' dir='ltr'><strong>et</strong></span> <span class='ocrx_word' id='word_1_644' title='bbox 852 4241 988 4297; x_wconf 88' lang='lat' dir='ltr'><strong>similibus</strong></span> <span class='ocrx_word' id='word_1_645' title='bbox 1001 4241 1102 4299; x_wconf 82' lang='lat' dir='ltr'><strong>enoba-</strong></span> <span class='ocrx_word' id='word_1_646' title='bbox 1129 4238 1369 4309; x_wconf 71' lang='lat' dir='ltr'><strong>emmissmtias</strong></span> <span class='ocrx_word' id='word_1_647' title='bbox 1398 4238 1480 4294; x_wconf 77' lang='lat' dir='ltr'><strong>calor</strong></span> <span class='ocrx_word' id='word_1_648' title='bbox 1504 4258 1561 4295; x_wconf 90' lang='lat' dir='ltr'><strong>non</strong></span> <span class='ocrx_word' id='word_1_649' title='bbox 1584 4243 1707 4313; x_wconf 83' lang='lat' dir='ltr'><strong>coeperit</strong></span> <span class='ocrx_word' id='word_1_650' title='bbox 1731 4244 1874 4301; x_wconf 78' lang='lat' dir='ltr'><strong>humorem</strong></span> <span class='ocrx_word' id='word_1_651' title='bbox 1897 4266 1964 4316; x_wconf 81' lang='lat' dir='ltr'><strong>qra-</strong></span> 
     </span>
     <span class='ocr_line' id='line_1_49' title="bbox 267 4326 1964 4401; baseline -0.001 -13"><span class='ocrx_word' id='word_1_652' title='bbox 267 4331 364 4388; x_wconf 87' lang='lat' dir='ltr'><strong>ristise</strong></span> <span class='ocrx_word' id='word_1_653' title='bbox 397 4329 531 4387; x_wconf 85' lang='lat' dir='ltr'><strong>abusibus</strong></span> <span class='ocrx_word' id='word_1_654' title='bbox 566 4329 730 4401; x_wconf 89' lang='lat' dir='ltr'><strong>opponimus</strong></span> <span class='ocrx_word' id='word_1_655' title='bbox 763 4328 962 4385; x_wconf 88' lang='lat' dir='ltr'><strong>institutionem</strong></span> <span class='ocrx_word' id='word_1_656' title='bbox 990 4326 1102 4386; x_wconf 80' lang='lat' dir='ltr'><strong>christi.</strong></span> <span class='ocrx_word' id='word_1_657' title='bbox 1128 4329 1185 4382; x_wconf 84' lang='lat' dir='ltr'><strong>tius</strong></span> <span class='ocrx_word' id='word_1_658' title='bbox 1204 4333 1230 4380; x_wconf 84' lang='lat' dir='ltr'><strong>st</strong></span> <span class='ocrx_word' id='word_1_659' title='bbox 1247 4326 1381 4379; x_wconf 74' lang='lat' dir='ltr'><strong>oirnstum</strong></span> <span class='ocrx_word' id='word_1_660' title='bbox 1398 4327 1528 4397; x_wconf 63' lang='grc' dir='ltr'><strong>ἀραιοὶ,</strong></span> <span class='ocrx_word' id='word_1_661' title='bbox 1551 4330 1627 4399; x_wconf 85' lang='lat' dir='ltr'><strong>quod</strong></span> <span class='ocrx_word' id='word_1_662' title='bbox 1643 4338 1716 4385; x_wconf 80' lang='lat' dir='ltr'><strong>certe</strong></span> <span class='ocrx_word' id='word_1_663' title='bbox 1735 4349 1790 4386; x_wconf 83' lang='lat' dir='ltr'><strong>non</strong></span> <span class='ocrx_word' id='word_1_664' title='bbox 1810 4333 1916 4389; x_wconf 66' lang='lat' dir='ltr'><strong>nendi</strong></span> <span class='ocrx_word' id='word_1_665' title='bbox 1933 4335 1964 4388; x_wconf 82' lang='lat' dir='ltr'><strong>in</strong></span> 
     </span>
     <span class='ocr_line' id='line_1_50' title="bbox 270 4412 1965 4490; baseline 0.004 -21"><span class='ocrx_word' id='word_1_666' title='bbox 270 4418 397 4475; x_wconf 75' lang='lat' dir='ltr'><strong>cbristus</strong></span> <span class='ocrx_word' id='word_1_667' title='bbox 414 4417 444 4477; x_wconf 84' lang='lat' dir='ltr'><strong>in</strong></span> <span class='ocrx_word' id='word_1_668' title='bbox 462 4415 553 4473; x_wconf 81' lang='lat' dir='ltr'><strong>verbis</strong></span> <span class='ocrx_word' id='word_1_669' title='bbox 572 4414 752 4471; x_wconf 84' lang='lat' dir='ltr'><strong>institutionis</strong></span> <span class='ocrx_word' id='word_1_670' title='bbox 768 4413 1005 4485; x_wconf 82' lang='lat' dir='ltr'><strong>jmsitmsdimts</strong></span> <span class='ocrx_word' id='word_1_671' title='bbox 1018 4413 1101 4471; x_wconf 69' lang='lat' dir='ltr'><strong>bene</strong></span> <span class='ocrx_word' id='word_1_672' title='bbox 1127 4412 1263 4482; x_wconf 72' lang='lat' dir='ltr'><strong>infantia,</strong></span> <span class='ocrx_word' id='word_1_673' title='bbox 1283 4413 1335 4465; x_wconf 83' lang='lat' dir='ltr'><strong>sed</strong></span> <span class='ocrx_word' id='word_1_674' title='bbox 1354 4413 1385 4465; x_wconf 86' lang='lat' dir='ltr'><strong>in</strong></span> <span class='ocrx_word' id='word_1_675' title='bbox 1402 4413 1504 4467; x_wconf 61' lang='lat' dir='ltr'><strong>addin</strong></span> <span class='ocrx_word' id='word_1_676' title='bbox 1525 4414 1635 4470; x_wconf 84' lang='lat' dir='ltr'><strong>demum</strong></span> <span class='ocrx_word' id='word_1_677' title='bbox 1653 4423 1752 4472; x_wconf 72' lang='lat' dir='ltr'><strong>netau.</strong></span> <span class='ocrx_word' id='word_1_678' title='bbox 1792 4419 1886 4483; x_wconf 82' lang='lat' dir='ltr'><strong>Quare</strong></span> <span class='ocrx_word' id='word_1_679' title='bbox 1903 4421 1965 4490; x_wconf 67' lang='lat' dir='ltr'><strong>epse</strong></span> 
     </span>
     <span class='ocr_line' id='line_1_51' title="bbox 269 4496 1965 4576; baseline 0.001 -16"><span class='ocrx_word' id='word_1_680' title='bbox 269 4505 345 4561; x_wconf 89' lang='lat' dir='ltr'><strong>dicto</strong></span> <span class='ocrx_word' id='word_1_681' title='bbox 361 4520 434 4576; x_wconf 86' lang='lat' dir='ltr'><strong>pane</strong></span> <span class='ocrx_word' id='word_1_682' title='bbox 451 4520 552 4574; x_wconf 90' lang='lat' dir='ltr'><strong>eorpus</strong></span> <span class='ocrx_word' id='word_1_683' title='bbox 569 4519 649 4557; x_wconf 86' lang='lat' dir='ltr'><strong>suum</strong></span> <span class='ocrx_word' id='word_1_684' title='bbox 667 4500 845 4570; x_wconf 82' lang='lat' dir='ltr'><strong>manducare,</strong></span> <span class='ocrx_word' id='word_1_685' title='bbox 864 4500 1004 4557; x_wconf 90' lang='lat' dir='ltr'><strong>mediante</strong></span> <span class='ocrx_word' id='word_1_686' title='bbox 1020 4499 1102 4557; x_wconf 90' lang='lat' dir='ltr'><strong>bene·</strong></span> <span class='ocrx_word' id='word_1_687' title='bbox 1127 4500 1213 4555; x_wconf 85' lang='lat' dir='ltr'><strong>stiam</strong></span> <span class='ocrx_word' id='word_1_688' title='bbox 1231 4496 1383 4566; x_wconf 86' lang='lat' dir='ltr'><strong>Dominus,</strong></span> <span class='ocrx_word' id='word_1_689' title='bbox 1399 4505 1430 4551; x_wconf 91' lang='lat' dir='ltr'><strong>ut</strong></span> <span class='ocrx_word' id='word_1_690' title='bbox 1447 4498 1596 4564; x_wconf 84' lang='lat' dir='ltr'><strong>indicaret,</strong></span> <span class='ocrx_word' id='word_1_691' title='bbox 1614 4503 1812 4558; x_wconf 69' lang='lat' dir='ltr'><strong>nudaristiam</strong></span> <span class='ocrx_word' id='word_1_692' title='bbox 1830 4523 1887 4561; x_wconf 92' lang='lat' dir='ltr'><strong>non</strong></span> <span class='ocrx_word' id='word_1_693' title='bbox 1906 4523 1965 4562; x_wconf 79' lang='lat' dir='ltr'><strong>esse</strong></span> 
     </span>
     <span class='ocr_line' id='line_1_52' title="bbox 268 4582 1964 4660; baseline 0.001 -13"><span class='ocrx_word' id='word_1_694' title='bbox 268 4591 344 4647; x_wconf 88' lang='lat' dir='ltr'><strong>dicto</strong></span> <span class='ocrx_word' id='word_1_695' title='bbox 361 4590 425 4645; x_wconf 84' lang='lat' dir='ltr'><strong>vino</strong></span> <span class='ocrx_word' id='word_1_696' title='bbox 442 4587 607 4660; x_wconf 85' lang='lat' dir='ltr'><strong>sangninem</strong></span> <span class='ocrx_word' id='word_1_697' title='bbox 623 4604 704 4643; x_wconf 88' lang='lat' dir='ltr'><strong>suum</strong></span> <span class='ocrx_word' id='word_1_698' title='bbox 723 4584 828 4655; x_wconf 83' lang='lat' dir='ltr'><strong>bibere,</strong></span> <span class='ocrx_word' id='word_1_699' title='bbox 843 4591 873 4641; x_wconf 89' lang='lat' dir='ltr'><strong>et</strong></span> <span class='ocrx_word' id='word_1_700' title='bbox 887 4592 1003 4644; x_wconf 90' lang='lat' dir='ltr'><strong>mortem</strong></span> <span class='ocrx_word' id='word_1_701' title='bbox 1021 4602 1101 4641; x_wconf 86' lang='lat' dir='ltr'><strong>susm</strong></span> <span class='ocrx_word' id='word_1_702' title='bbox 1123 4602 1181 4656; x_wconf 79' lang='lat' dir='ltr'><strong>pro</strong></span> <span class='ocrx_word' id='word_1_703' title='bbox 1205 4582 1363 4649; x_wconf 81' lang='lat' dir='ltr'><strong>infantibus</strong></span> <span class='ocrx_word' id='word_1_704' title='bbox 1388 4584 1558 4652; x_wconf 88' lang='lat' dir='ltr'><strong>institutam,</strong></span> <span class='ocrx_word' id='word_1_705' title='bbox 1583 4588 1674 4643; x_wconf 83' lang='lat' dir='ltr'><strong>notuit</strong></span> <span class='ocrx_word' id='word_1_706' title='bbox 1699 4607 1761 4646; x_wconf 87' lang='lat' dir='ltr'><strong>eam</strong></span> <span class='ocrx_word' id='word_1_707' title='bbox 1784 4591 1814 4644; x_wconf 88' lang='lat' dir='ltr'><strong>in</strong></span> <span class='ocrx_word' id='word_1_708' title='bbox 1834 4592 1908 4647; x_wconf 85' lang='lat' dir='ltr'><strong>laets</strong></span> <span class='ocrx_word' id='word_1_709' title='bbox 1922 4594 1964 4649; x_wconf 88' lang='lat' dir='ltr'><strong>in·</strong></span> 
     </span>
     <span class='ocr_line' id='line_1_53' title="bbox 269 4671 1965 4744; baseline 0.002 -13"><span class='ocrx_word' id='word_1_710' title='bbox 269 4675 434 4735; x_wconf 75' lang='lat' dir='ltr'><strong>annuntiare</strong></span> <span class='ocrx_word' id='word_1_711' title='bbox 451 4674 521 4729; x_wconf 87' lang='lat' dir='ltr'><strong>Luc.</strong></span> <span class='ocrx_word' id='word_1_712' title='bbox 540 4678 586 4737; x_wconf 80' lang='lat'><strong>22,</strong></span> <span class='ocrx_word' id='word_1_713' title='bbox 612 4689 639 4729; x_wconf 83' lang='lat' dir='ltr'><strong>v.</strong></span> <span class='ocrx_word' id='word_1_714' title='bbox 658 4678 699 4729; x_wconf 78' lang='grc'><strong>20.</strong></span> <span class='ocrx_word' id='word_1_715' title='bbox 732 4672 1005 4742; x_wconf 81' lang='lat' dir='ltr'><strong>1.Cor.11‚r.tt.</strong></span> <span class='ocrx_word' id='word_1_716' title='bbox 1037 4671 1101 4729; x_wconf 79' lang='lat' dir='ltr'><strong>laus</strong></span> <span class='ocrx_word' id='word_1_717' title='bbox 1126 4672 1249 4741; x_wconf 59' lang='lat' dir='ltr'><strong>umere,</strong></span> <span class='ocrx_word' id='word_1_718' title='bbox 1270 4671 1347 4738; x_wconf 72' lang='lat' dir='ltr'><strong>quood</strong></span> <span class='ocrx_word' id='word_1_719' title='bbox 1363 4678 1403 4724; x_wconf 82' lang='lat' dir='ltr'><strong>est</strong></span> <span class='ocrx_word' id='word_1_720' title='bbox 1419 4673 1530 4727; x_wconf 86' lang='lat' dir='ltr'><strong>unicum</strong></span> <span class='ocrx_word' id='word_1_721' title='bbox 1549 4673 1704 4743; x_wconf 81' lang='lat' dir='ltr'><strong>infantium</strong></span> <span class='ocrx_word' id='word_1_722' title='bbox 1722 4677 1893 4744; x_wconf 84' lang='lat' dir='ltr'><strong>alimentum,</strong></span> <span class='ocrx_word' id='word_1_723' title='bbox 1911 4683 1965 4737; x_wconf 87' lang='lat' dir='ltr'><strong>sed</strong></span> 
     </span>
     <span class='ocr_line' id='line_1_54' title="bbox 270 4755 1964 4837; baseline -0.001 -16"><span class='ocrx_word' id='word_1_724' title='bbox 270 4781 335 4821; x_wconf 84' lang='lat' dir='ltr'><strong>vero</strong></span> <span class='ocrx_word' id='word_1_725' title='bbox 353 4761 456 4837; x_wconf 87' lang='lat' dir='ltr'><strong>mortni</strong></span> <span class='ocrx_word' id='word_1_726' title='bbox 469 4776 521 4817; x_wconf 92' lang='lat' dir='ltr'><strong>uec</strong></span> <span class='ocrx_word' id='word_1_727' title='bbox 537 4759 789 4824; x_wconf 88' lang='lat' dir='ltr'><strong>manducationem,</strong></span> <span class='ocrx_word' id='word_1_728' title='bbox 800 4774 852 4815; x_wconf 93' lang='lat' dir='ltr'><strong>uec</strong></span> <span class='ocrx_word' id='word_1_729' title='bbox 860 4757 1032 4825; x_wconf 89' lang='lat' dir='ltr'><strong>bibitionem,</strong></span> <span class='ocrx_word' id='word_1_730' title='bbox 1049 4772 1102 4813; x_wconf 92' lang='lat' dir='ltr'><strong>uec</strong></span> <span class='ocrx_word' id='word_1_731' title='bbox 1127 4759 1158 4813; x_wconf 87' lang='lat' dir='ltr'><strong>in</strong></span> <span class='ocrx_word' id='word_1_732' title='bbox 1179 4774 1257 4828; x_wconf 81' lang='lat' dir='ltr'><strong>pane</strong></span> <span class='ocrx_word' id='word_1_733' title='bbox 1280 4762 1307 4809; x_wconf 86' lang='lat' dir='ltr'><strong>st</strong></span> <span class='ocrx_word' id='word_1_734' title='bbox 1329 4755 1407 4821; x_wconf 85' lang='lat' dir='ltr'><strong>cino,</strong></span> <span class='ocrx_word' id='word_1_735' title='bbox 1439 4776 1512 4830; x_wconf 80' lang='lat' dir='ltr'><strong>quus</strong></span> <span class='ocrx_word' id='word_1_736' title='bbox 1536 4758 1578 4813; x_wconf 81' lang='lat' dir='ltr'><strong>ad</strong></span> <span class='ocrx_word' id='word_1_737' title='bbox 1602 4760 1678 4815; x_wconf 86' lang='lat' dir='ltr'><strong>solos</strong></span> <span class='ocrx_word' id='word_1_738' title='bbox 1703 4764 1818 4819; x_wconf 67' lang='lat' dir='ltr'><strong>Medos</strong></span> <span class='ocrx_word' id='word_1_739' title='bbox 1841 4764 1964 4836; x_wconf 77' lang='lat' dir='ltr'><strong>propris</strong></span> 
     </span>
     <span class='ocr_line' id='line_1_55' title="bbox 270 4839 1996 4925; baseline -0.005 -20"><span class='ocrx_word' id='word_1_740' title='bbox 270 4849 366 4905; x_wconf 74' lang='lat' dir='ltr'><strong>morus</strong></span> <span class='ocrx_word' id='word_1_741' title='bbox 383 4845 546 4905; x_wconf 90' lang='lat' dir='ltr'><strong>Domiuicae</strong></span> <span class='ocrx_word' id='word_1_742' title='bbox 563 4843 799 4901; x_wconf 87' lang='lat' dir='ltr'><strong>annuntiationem</strong></span> <span class='ocrx_word' id='word_1_743' title='bbox 816 4851 959 4916; x_wconf 83' lang='lat' dir='ltr'><strong>praestare</strong></span> <span class='ocrx_word' id='word_1_744' title='bbox 974 4846 1101 4915; x_wconf 64' lang='lat' dir='ltr'><strong>manni.</strong></span> <span class='ocrx_word' id='word_1_745' title='bbox 1123 4843 1275 4915; x_wconf 82' lang='lat' dir='ltr'><strong>pertinent.</strong></span> <span class='ocrx_word' id='word_1_746' title='bbox 1313 4839 1378 4911; x_wconf 79' lang='lat' dir='ltr'><strong>(Sed</strong></span> <span class='ocrx_word' id='word_1_747' title='bbox 1398 4843 1451 4901; x_wconf 89' lang='lat' dir='ltr'><strong>bae</strong></span> <span class='ocrx_word' id='word_1_748' title='bbox 1469 4843 1590 4901; x_wconf 74' lang='lat' dir='ltr'><strong>redonas</strong></span> <span class='ocrx_word' id='word_1_749' title='bbox 1608 4845 1673 4917; x_wconf 92' lang='lat' dir='ltr'><strong>plus</strong></span> <span class='ocrx_word' id='word_1_750' title='bbox 1687 4847 1859 4919; x_wconf 85' lang='lat' dir='ltr'><strong>subtilitatis,</strong></span> <span class='ocrx_word' id='word_1_751' title='bbox 1878 4869 1964 4925; x_wconf 65' lang='lat' dir='ltr'><strong>qum</strong></span> <span class='ocrx_word' id='word_1_752' title='bbox 1978 4855 1996 4896; x_wconf 85' lang='grc' dir='ltr'>ι</span> 
     </span>
     <span class='ocr_line' id='line_1_56' title="bbox 269 4927 1964 5005; baseline 0.002 -15"><span class='ocrx_word' id='word_1_753' title='bbox 269 4935 347 4991; x_wconf 77' lang='lat' dir='ltr'><strong>Paul.</strong></span> <span class='ocrx_word' id='word_1_754' title='bbox 365 4942 423 5001; x_wconf 79' lang='lat'><strong>115,</strong></span> <span class='ocrx_word' id='word_1_755' title='bbox 440 4951 467 4989; x_wconf 85' lang='grc' dir='ltr'>ι.</span> <span class='ocrx_word' id='word_1_756' title='bbox 486 4940 526 4991; x_wconf 76' lang='lat' dir='ltr'><strong>tt.</strong></span> <span class='ocrx_word' id='word_1_757' title='bbox 543 4932 604 4991; x_wconf 86' lang='lat' dir='ltr'><strong>Nec</strong></span> <span class='ocrx_word' id='word_1_758' title='bbox 620 4929 785 4987; x_wconf 84' lang='lat' dir='ltr'><strong>sacrificium</strong></span> <span class='ocrx_word' id='word_1_759' title='bbox 804 4928 944 5002; x_wconf 84' lang='lat' dir='ltr'><strong>quoddam</strong></span> <span class='ocrx_word' id='word_1_760' title='bbox 960 4943 1011 5000; x_wconf 89' lang='lat' dir='ltr'><strong>pro</strong></span> <span class='ocrx_word' id='word_1_761' title='bbox 1029 4943 1101 4982; x_wconf 88' lang='lat' dir='ltr'><strong>mor·</strong></span> <span class='ocrx_word' id='word_1_762' title='bbox 1113 4994 1116 5005; x_wconf 41' lang='grc' dir='ltr'>Ι</span> <span class='ocrx_word' id='word_1_763' title='bbox 1127 4927 1251 4987; x_wconf 74' lang='lat' dir='ltr'><strong>redtub&#39;s</strong></span> <span class='ocrx_word' id='word_1_764' title='bbox 1268 4927 1386 5001; x_wconf 83' lang='lat' dir='ltr'><strong>babent,</strong></span> <span class='ocrx_word' id='word_1_765' title='bbox 1414 4930 1513 4989; x_wconf 79' lang='lat' dir='ltr'><strong>iuvern&#39;</strong></span> <span class='ocrx_word' id='word_1_766' title='bbox 1529 4928 1604 4985; x_wconf 92' lang='lat' dir='ltr'><strong>enim</strong></span> <span class='ocrx_word' id='word_1_767' title='bbox 1623 4941 1753 5003; x_wconf 79' lang='lat' dir='ltr'><strong>ponunt,</strong></span> <span class='ocrx_word' id='word_1_768' title='bbox 1780 4953 1843 4992; x_wconf 89' lang='lat' dir='ltr'><strong>cum</strong></span> <span class='ocrx_word' id='word_1_769' title='bbox 1863 4954 1964 4994; x_wconf 88' lang='lat' dir='ltr'><strong>coucu-</strong></span> 
     </span>
     <span class='ocr_line' id='line_1_57' title="bbox 269 5010 1963 5094; baseline 0.001 -18"><span class='ocrx_word' id='word_1_770' title='bbox 269 5021 334 5086; x_wconf 89' lang='lat' dir='ltr'><strong>tnis‚</strong></span> <span class='ocrx_word' id='word_1_771' title='bbox 351 5020 401 5076; x_wconf 89' lang='lat' dir='ltr'><strong>sed</strong></span> <span class='ocrx_word' id='word_1_772' title='bbox 418 5024 620 5076; x_wconf 76' lang='lat' dir='ltr'><strong>sacramemm</strong></span> <span class='ocrx_word' id='word_1_773' title='bbox 636 5033 688 5088; x_wconf 86' lang='lat' dir='ltr'><strong>pro</strong></span> <span class='ocrx_word' id='word_1_774' title='bbox 705 5014 775 5071; x_wconf 84' lang='lat' dir='ltr'><strong>siris</strong></span> <span class='ocrx_word' id='word_1_775' title='bbox 792 5012 931 5071; x_wconf 78' lang='lat' dir='ltr'><strong>schram</strong></span> <span class='ocrx_word' id='word_1_776' title='bbox 949 5014 979 5073; x_wconf 90' lang='lat' dir='ltr'><strong>in</strong></span> <span class='ocrx_word' id='word_1_777' title='bbox 1001 5010 1103 5069; x_wconf 62' lang='lat' dir='ltr'><strong>euma-</strong></span> <span class='ocrx_word' id='word_1_778' title='bbox 1126 5013 1278 5091; x_wconf 85' lang='lat' dir='ltr'><strong>piscentiae</strong></span> <span class='ocrx_word' id='word_1_779' title='bbox 1305 5015 1381 5072; x_wconf 86' lang='lat' dir='ltr'><strong>calor</strong></span> <span class='ocrx_word' id='word_1_780' title='bbox 1397 5015 1481 5081; x_wconf 82' lang='lat' dir='ltr'><strong>etism</strong></span> <span class='ocrx_word' id='word_1_781' title='bbox 1504 5014 1533 5070; x_wconf 92' lang='lat' dir='ltr'><strong>in</strong></span> <span class='ocrx_word' id='word_1_782' title='bbox 1555 5019 1679 5086; x_wconf 87' lang='lat' dir='ltr'><strong>puerulis</strong></span> <span class='ocrx_word' id='word_1_783' title='bbox 1697 5038 1728 5076; x_wconf 90' lang='lat' dir='ltr'><strong>se</strong></span> <span class='ocrx_word' id='word_1_784' title='bbox 1747 5028 1870 5094; x_wconf 70' lang='lat' dir='ltr'><strong>meent,</strong></span> <span class='ocrx_word' id='word_1_785' title='bbox 1899 5040 1963 5079; x_wconf 89' lang='lat' dir='ltr'><strong>cum</strong></span> 
     </span>
     <span class='ocr_line' id='line_1_58' title="bbox 270 5098 1961 5181; baseline -0.001 -19"><span class='ocrx_word' id='word_1_786' title='bbox 270 5104 349 5162; x_wconf 71' lang='grc' dir='ltr'>τίιῆιι</span> <span class='ocrx_word' id='word_1_787' title='bbox 363 5104 521 5163; x_wconf 88' lang='lat' dir='ltr'><strong>institutum</strong></span> <span class='ocrx_word' id='word_1_788' title='bbox 540 5118 601 5160; x_wconf 85' lang='lat' dir='ltr'><strong>esse</strong></span> <span class='ocrx_word' id='word_1_789' title='bbox 618 5100 687 5159; x_wconf 83' lang='lat' dir='ltr'><strong>alibi</strong></span> <span class='ocrx_word' id='word_1_790' title='bbox 704 5101 865 5159; x_wconf 86' lang='lat' dir='ltr'><strong>ostenditur.</strong></span> <span class='ocrx_word' id='word_1_791' title='bbox 1126 5100 1185 5157; x_wconf 82' lang='lat' dir='ltr'><strong>vita</strong></span> <span class='ocrx_word' id='word_1_792' title='bbox 1203 5099 1331 5157; x_wconf 78' lang='lat' dir='ltr'><strong>ummalis</strong></span> <span class='ocrx_word' id='word_1_793' title='bbox 1348 5101 1408 5169; x_wconf 84' lang='lat' dir='ltr'><strong>siue</strong></span> <span class='ocrx_word' id='word_1_794' title='bbox 1426 5100 1489 5157; x_wconf 92' lang='lat' dir='ltr'><strong>cibo</strong></span> <span class='ocrx_word' id='word_1_795' title='bbox 1506 5098 1554 5154; x_wconf 90' lang='lat' dir='ltr'><strong>diu</strong></span> <span class='ocrx_word' id='word_1_796' title='bbox 1571 5104 1727 5161; x_wconf 81' lang='lat' dir='ltr'><strong>conservari</strong></span> <span class='ocrx_word' id='word_1_797' title='bbox 1745 5117 1880 5181; x_wconf 86' lang='lat' dir='ltr'><strong>nequeat,</strong></span> <span class='ocrx_word' id='word_1_798' title='bbox 1897 5126 1961 5167; x_wconf 87' lang='lat' dir='ltr'><strong>oum</strong></span> 
     </span>
    </p>
   </div>
   <div class='ocr_carea' id='block_1_3' title="bbox 144 5176 1962 5271">
    <p class='ocr_par' dir='ltr' id='par_1_3' title="bbox 144 5176 1962 5271">
     <span class='ocr_line' id='line_1_59' title="bbox 144 5176 1962 5271; baseline 0.003 -25"><span class='ocrx_word' id='word_1_799' title='bbox 144 5176 258 5271; x_wconf 44' lang='grc' dir='ltr'><strong>ξῇξξμ</strong></span> <span class='ocrx_word' id='word_1_800' title='bbox 307 5197 366 5249; x_wconf 80' lang='lat'><strong>229.</strong></span> <span class='ocrx_word' id='word_1_801' title='bbox 384 5192 533 5257; x_wconf 81' lang='lat' dir='ltr'><strong>Quaeritur</strong></span> <span class='ocrx_word' id='word_1_802' title='bbox 555 5198 580 5248; x_wconf 80' lang='lat' dir='ltr'><strong>i.</strong></span> <span class='ocrx_word' id='word_1_803' title='bbox 605 5207 644 5245; x_wconf 92' lang='lat' dir='ltr'><strong>an</strong></span> <span class='ocrx_word' id='word_1_804' title='bbox 664 5189 822 5261; x_wconf 78' lang='lat' dir='ltr'><strong>infantibus</strong></span> <span class='ocrx_word' id='word_1_805' title='bbox 840 5186 1011 5245; x_wconf 69' lang='lat' dir='ltr'><strong>munna</strong></span> <span class='ocrx_word' id='word_1_806' title='bbox 1029 5186 1103 5241; x_wconf 77' lang='lat' dir='ltr'><strong>eelsi-</strong></span> <span class='ocrx_word' id='word_1_807' title='bbox 1127 5187 1248 5243; x_wconf 76' lang='lat' dir='ltr'><strong>imuntes</strong></span> <span class='ocrx_word' id='word_1_808' title='bbox 1267 5188 1411 5259; x_wconf 87' lang='lat' dir='ltr'><strong>paululum</strong></span> <span class='ocrx_word' id='word_1_809' title='bbox 1430 5189 1523 5241; x_wconf 84' lang='lat' dir='ltr'><strong>aetate</strong></span> <span class='ocrx_word' id='word_1_810' title='bbox 1537 5190 1677 5260; x_wconf 78' lang='lat' dir='ltr'><strong>progressi</strong></span> <span class='ocrx_word' id='word_1_811' title='bbox 1695 5191 1779 5248; x_wconf 87' lang='lat' dir='ltr'><strong>etium</strong></span> <span class='ocrx_word' id='word_1_812' title='bbox 1797 5194 1863 5251; x_wconf 85' lang='lat' dir='ltr'><strong>e&#39;ute</strong></span> <span class='ocrx_word' id='word_1_813' title='bbox 1879 5213 1962 5252; x_wconf 90' lang='lat' dir='ltr'><strong>usum</strong></span> 
     </span>
    </p>
   </div>
   <div class='ocr_carea' id='block_1_4' title="bbox 144 5267 1962 5439">
    <p class='ocr_par' dir='ltr' id='par_1_4' title="bbox 144 5267 1962 5439">
     <span class='ocr_line' id='line_1_60' title="bbox 144 5267 1962 5375; baseline -0.001 -42"><span class='ocrx_word' id='word_1_814' title='bbox 144 5282 256 5375; x_wconf 47' lang='lat' dir='ltr'><strong>{aarum</strong></span> <span class='ocrx_word' id='word_1_815' title='bbox 273 5277 384 5332; x_wconf 70' lang='lat' dir='ltr'><strong>imitat</strong></span> <span class='ocrx_word' id='word_1_816' title='bbox 411 5277 635 5349; x_wconf 86' lang='lat' dir='ltr'><strong>Respondemus:</strong></span> <span class='ocrx_word' id='word_1_817' title='bbox 654 5275 770 5333; x_wconf 79' lang='lat' dir='ltr'><strong>Oomtst</strong></span> <span class='ocrx_word' id='word_1_818' title='bbox 785 5291 819 5330; x_wconf 83' lang='lat' dir='ltr'><strong>ex</strong></span> <span class='ocrx_word' id='word_1_819' title='bbox 835 5273 986 5346; x_wconf 85' lang='lat' dir='ltr'><strong>Dionysio,</strong></span> <span class='ocrx_word' id='word_1_820' title='bbox 1003 5268 1103 5345; x_wconf 81' lang='lat' dir='ltr'><strong>Cypri·</strong></span> <span class='ocrx_word' id='word_1_821' title='bbox 1128 5272 1243 5330; x_wconf 77' lang='lat' dir='ltr'><strong>radonis</strong></span> <span class='ocrx_word' id='word_1_822' title='bbox 1267 5278 1297 5329; x_wconf 89' lang='lat' dir='ltr'><strong>et</strong></span> <span class='ocrx_word' id='word_1_823' title='bbox 1316 5290 1390 5345; x_wconf 88' lang='lat' dir='ltr'><strong>psus</strong></span> <span class='ocrx_word' id='word_1_824' title='bbox 1412 5275 1442 5327; x_wconf 87' lang='lat' dir='ltr'><strong>at</strong></span> <span class='ocrx_word' id='word_1_825' title='bbox 1456 5267 1522 5323; x_wconf 82' lang='lat' dir='ltr'><strong>rino</strong></span> <span class='ocrx_word' id='word_1_826' title='bbox 1540 5277 1674 5345; x_wconf 75' lang='lat' dir='ltr'><strong>umatus.)</strong></span> <span class='ocrx_word' id='word_1_827' title='bbox 1713 5276 1793 5333; x_wconf 86' lang='lat' dir='ltr'><strong>Idem</strong></span> <span class='ocrx_word' id='word_1_828' title='bbox 1813 5280 1862 5336; x_wconf 88' lang='lat' dir='ltr'><strong>lib.</strong></span> <span class='ocrx_word' id='word_1_829' title='bbox 1883 5290 1908 5339; x_wconf 77' lang='lat'><strong>4.</strong></span> <span class='ocrx_word' id='word_1_830' title='bbox 1927 5282 1962 5339; x_wconf 72' lang='lat' dir='ltr'><strong>de</strong></span> 
     </span>
     <span class='ocr_line' id='line_1_61' title="bbox 145 5356 1961 5439; baseline 0.001 -19"><span class='ocrx_word' id='word_1_831' title='bbox 145 5384 227 5427; x_wconf 73' lang='lat' dir='ltr'><strong>suns</strong></span> <span class='ocrx_word' id='word_1_832' title='bbox 272 5378 342 5432; x_wconf 88' lang='lat' dir='ltr'><strong>auo,</strong></span> <span class='ocrx_word' id='word_1_833' title='bbox 366 5362 525 5434; x_wconf 77' lang='lat' dir='ltr'><strong>Augustino</strong></span> <span class='ocrx_word' id='word_1_834' title='bbox 547 5370 631 5435; x_wconf 83' lang='lat' dir='ltr'><strong>atque</strong></span> <span class='ocrx_word' id='word_1_835' title='bbox 657 5361 721 5425; x_wconf 84' lang='lat' dir='ltr'><strong>aliis</strong></span> <span class='ocrx_word' id='word_1_836' title='bbox 741 5358 882 5433; x_wconf 79' lang='lat' dir='ltr'><strong>patribus,</strong></span> <span class='ocrx_word' id='word_1_837' title='bbox 908 5356 1102 5416; x_wconf 72' lang='lat' dir='ltr'><strong>eucbsdsiam</strong></span> <span class='ocrx_word' id='word_1_838' title='bbox 1129 5360 1241 5416; x_wconf 81' lang='lat' dir='ltr'><strong>encbsn</strong></span> <span class='ocrx_word' id='word_1_839' title='bbox 1258 5374 1283 5414; x_wconf 89' lang='lat' dir='ltr'><strong>o.</strong></span> <span class='ocrx_word' id='word_1_840' title='bbox 1301 5364 1343 5417; x_wconf 78' lang='lat'><strong>2³.</strong></span> <span class='ocrx_word' id='word_1_841' title='bbox 1362 5372 1471 5433; x_wconf 84' lang='lat' dir='ltr'><strong>propos.</strong></span> <span class='ocrx_word' id='word_1_842' title='bbox 1490 5360 1524 5410; x_wconf 77' lang='lat' dir='ltr'><strong>t:</strong></span> <span class='ocrx_word' id='word_1_843' title='bbox 1553 5360 1688 5419; x_wconf 81' lang='lat' dir='ltr'><strong>Porculis</strong></span> <span class='ocrx_word' id='word_1_844' title='bbox 1705 5364 1878 5423; x_wconf 69' lang='lat' dir='ltr'><strong>mannitio</strong></span> <span class='ocrx_word' id='word_1_845' title='bbox 1894 5388 1961 5439; x_wconf 73' lang='lat' dir='ltr'><strong>ara-</strong></span> 
     </span>
    </p>
   </div>
   <div class='ocr_carea' id='block_1_5' title="bbox 0 0 2010 6020">
    <p class='ocr_par' dir='ltr' id='par_1_5' title="bbox 0 0 2010 6020">
     <span class='ocr_line' id='line_1_62' title="bbox 0 0 2010 6020; baseline 0 0"><span class='ocrx_word' id='word_1_846' title='bbox 0 0 2010 6020; x_wconf 95' lang='lat' dir='ltr'><strong> </strong></span> 
     </span>
    </p>
   </div>
  </div>
 </body>
</html>
