3998 6024
226 193 291 273 ‚⁶⁷⁸
787 178 1345 242 mcusmonsmusssounuus

230 359 296 397 num
315 341 486 412 prophetiae
511 349 551 397 eet
576 342 659 412 longe
682 342 846 403 monimum,
873 358 934 394 cum
961 345 1066 393 certum
1092 333 1340 404 praedictionibus,
1358 352 1425 389 num
1441 350 1539 403 verae,
1561 333 1606 390 rel
1624 333 1714 390 falsae
1731 331 1851 402 fuerint,
1874 347 1927 387 non

229 429 276 497 sit,
295 429 430 482 neminem
449 446 615 498 cognoscere
630 431 732 495 futura
751 425 939 494 continuantia
954 431 1065 494 mcopto
1092 437 1261 492 magnopere
1284 422 1455 489 laboramus,
1484 419 1587 490 suflicit
1603 419 1699 488 nobis,
1724 419 1800 489 quod
1820 418 1927 489 praedi-

229 515 309 582 Deo,
328 514 397 570 Ero.
416 518 463 567 ll:
501 515 687 578 Annuntiote,
717 530 788 583 quiae
813 520 928 566 uentura
945 519 1010 565 eunt
1035 511 1064 563 in
1091 507 1229 562 ctionibus
1251 509 1309 562 suis
1327 508 1428 562 multos
1447 506 1621 577 deceperint,
1647 505 1696 577 qui
1714 505 1813 559 relicta
1831 503 1928 559 docui·

229 600 368 667 sutorum,
386 608 412 653 ct
428 600 555 666 sciemus,
577 601 644 669 quia
664 599 792 652 dilectis
811 617 867 653 uos.
905 596 1064 668 Responde
1090 609 1142 646 nae
1168 595 1336 663 apostolicae
1363 593 1425 648 luce
1451 594 1611 665 peregrinas
1637 592 1761 663 ipsorum
1788 591 1927 646 doctrinas

230 702 306 737 mus:
335 702 401 738 sane
426 685 510 739 solius
534 684 587 738 Dei
610 685 752 755 proprium
775 690 817 738 est
841 683 937 738 futura
960 682 1064 736 contin·
1090 677 1243 749 prophetiis
1278 680 1331 735 illis
1360 679 1478 750 permoti
1509 686 1574 734 sunt
1609 679 1705 735 secuti.
1753 677 1928 748 Pseudopro

231 771 327 842 gentia
352 770 458 842 angelis
483 775 511 826 et
533 770 691 826 hominibus
717 771 881 826 abscondita
907 769 1064 841 prospicere
1090 764 1190 834 phetae
1215 766 1271 834 illi,
1293 765 1342 836 qui
1364 771 1384 820 l.
1402 764 1470 836 Reg.
1492 771 1533 822 22.
1560 770 1688 820 auctores
1707 770 1786 821 erant
1802 763 1927 824 Achabo,

230 873 262 910 ac
287 856 460 926 praedicere,
485 857 594 910 interim
613 864 706 911 tamen
730 856 856 911 diabolus
876 874 909 910 ex
928 855 1019 910 causis
1036 855 1064 908 in
1091 857 1124 904 ut
1150 852 1177 906 in
1202 852 1337 922 proelium
1366 857 1463 906 contra
1490 868 1584 922 regem
1612 852 1712 922 Syriae
1740 851 1928 917 adscenderet,

229 949 295 997 actu
317 942 415 1012 positis
441 943 522 997 nobis
541 944 643 1014 ignotis
661 944 797 1014 praedicit
815 943 922 996 futuros
942 941 1065 1008 effectus,
1092 938 1202 1009 decepti
1219 946 1298 993 erant
1314 956 1331 992 a
1348 938 1447 1008 spiritu
1462 937 1509 992 illo
1521 938 1668 1006 mendacii,
1685 937 1735 1008 qni
1745 945 1825 991 stans
1837 953 1929 991 coram

228 1028 257 1082 id
291 1028 363 1098 quod
396 1046 445 1099 pro
476 1027 633 1083 futurorum
665 1028 854 1099 praedictione
885 1027 995 1099 proprie
1026 1027 1064 1081 sic
1091 1023 1211 1079 Domino
1230 1024 1298 1079 dicit
1315 1043 1342 1081 v.
1359 1029 1405 1079 22:
1426 1025 1560 1093 spredmr
1578 1032 1604 1077 ot
1618 1025 1799 1094 scorpii-itus
1810 1025 1930 1077 meam

229 1113 304 1167 dicta
328 1113 364 1168 ab
389 1112 546 1168 bominibus
566 1115 692 1170 habetur.
734 1115 882 1169 Praeterea
901 1132 933 1169 ex
952 1112 1006 1168 Dei
1025 1130 1065 1168 re
1092 1112 1120 1163 in
1140 1128 1187 1164 ore
1206 1112 1327 1164 omnium
1347 1110 1567 1182 prophetaram,
1590 1110 1726 1179 potuisset
1744 1117 1841 1165 autem
1858 1108 1930 1164 idem

227 1200 365 1255 relatione
393 1200 541 1254 daemones
570 1201 681 1271 proprie
709 1200 785 1254 dicta
809 1200 904 1254 iutma
927 1199 1067 1269 praescire
1092 1196 1205 1266 spiritus
1227 1197 1283 1250 suis
1308 1196 1450 1267 prophetis
1475 1195 1617 1251 interitum
1643 1195 1753 1250 achabi
1776 1213 1813 1251 ex
1838 1195 1932 1250 dimna

228 1303 261 1339 ac
285 1286 445 1355 praedicere
470 1293 601 1356 possunt,
631 1304 664 1340 ac
690 1286 767 1340 falsis
796 1285 939 1355 prophetis
963 1286 1065 1339 donum
1092 1282 1258 1338 revelatione
1281 1283 1423 1353 cognitum
1447 1281 1625 1336 manifestare
1651 1298 1684 1337 ac
1711 1298 1763 1351 per
1790 1281 1856 1338 illos
1873 1282 1932 1354 regi

229 1370 299 1423 iilud
319 1371 354 1424 ad
372 1372 531 1442 probandos
542 1372 666 1426 homines
684 1371 824 1427 interdum
839 1372 1065 1434 communicatur,
1092 1369 1122 1422 id
1140 1369 1310 1438 praedicere,
1331 1368 1354 1422 si
1371 1385 1387 1422 e
1405 1386 1435 1423 re
1454 1385 1506 1422 sua
1525 1367 1595 1422 illud
1613 1383 1673 1422 esse
1689 1369 1857 1437 judicasset

230 1456 347 1527 perinde
364 1462 396 1510 ut
409 1457 443 1511 de
456 1457 594 1511 miraculis
608 1458 711 1511 dictum
724 1456 787 1510 fuit.
820 1459 997 1511 3.Deu.1a.
1013 1473 1065 1524 pa·
1128 1460 1186 1511 289.
1223 1455 1381 1509 Membrum
1399 1457 1557 1508 secundum.
1593 1453 1640 1508 An
1660 1454 1754 1525 vigeat
1771 1455 1989 1511 inecclesiatsr

229 1544 306 1595 nitar
331 1551 465 1610 tanquam
490 1551 556 1596 nota
580 1543 678 1607 falsae
698 1543 858 1611 doetrinae,
884 1543 912 1596 si
928 1542 1067 1613 propheto
1091 1520 1228 1596 Romana·
1246 1540 1341 1595 lumen
1368 1538 1581 1610 propheticum?
1618 1538 1806 1595 Bellarminus
1836 1541 1873 1595 ad
1904 1515 1989 1607 idffl

224 1629 406 1697 praediceret
422 1629 547 1697 aliquid,
577 1631 654 1696 qaod
670 1647 726 1681 non
744 1629 871 1683 evenerit.
906 1627 1065 1698 Responde·
1091 1626 1267 1697 probandum
1285 1626 1367 1681 affert
1394 1630 1418 1681 1.
1439 1627 1595 1697 propbetas
1619 1625 1649 1679 V.
1672 1627 1702 1679 Τ.
1735 1631 1760 1679 2.
1783 1619 1989 1709 &lviii-1⁸2⁸,

228 1732 302 1769 mus:
324 1732 357 1768 ex
377 1732 409 1770 eo
427 1723 520 1771 autem
539 1713 634 1768 inferri
647 1731 701 1769 non
713 1719 806 1785 potest
820 1731 871 1770 nec
886 1713 978 1781 debet,
992 1714 1066 1785 quod
1090 1716 1208 1777 fuerunt
1227 1713 1332 1784 primis
1355 1713 1513 1781 quingentis
1532 1712 1615 1764 annu
1633 1730 1652 1766 o
1673 1712 1780 1766 Christi
1800 1715 1932 1782 admntu,
1945 1731 1989 1771 mu

229 1801 321 1855 statim
344 1800 380 1855 sit
403 1818 482 1856 verus
511 1800 646 1871 propheta
670 1816 703 1853 ac
727 1800 803 1872 quod
829 1801 858 1855 in
880 1800 1007 1855 omnibus
1025 1800 1065 1853 illi
1092 1807 1121 1852 al
1141 1800 1270 1867 Apabrrm
1288 1800 1353 1856 Act.
1375 1805 1414 1856 11.
1436 1798 1606 1868 Gregorium
1627 1800 1880 1869 Thaumoturpum,
1897 1803 1932 1854 de
1944 1774 1989 1812 Μ

228 1886 406 1953 credendum,
426 1885 473 1958 qui
491 1886 635 1957 praedicit,
653 1886 729 1956 quod
740 1892 839 1957 postea
856 1902 953 1942 revera
965 1887 1064 1955 evenit,
1092 1902 1145 1953 quo
1165 1885 1294 1938 Basilius
1311 1885 1357 1939 lib.
1378 1886 1413 1937 de
1433 1885 1460 1938 S.
1481 1885 1511 1938 S.
1532 1888 1610 1940 c.29.
1640 1885 1805 1954 Antoniam,
1825 1888 1860 1939 de
1878 1905 1931 1956 quo

228 1972 395 2027 conuanum
429 1971 500 2024 enim
535 1971 645 2025 disertis
672 1971 764 2026 verbis
796 1977 886 2026 exstat
913 1972 996 2026 Deut.
1027 1977 1065 2038 13,
1092 1973 1266 2025 Athanasius
1285 1972 1315 2024 in
1333 1971 1395 2039 ojus
1414 1972 1485 2039 uita,
1504 1979 1529 2023 at
1547 1972 1683 2024 Abbatem
1699 1972 1875 2038 Jolrannsm,
1897 1975 1931 2026 de

229 2076 254 2114 r.
276 2064 297 2113 i.
322 2064 351 2113 et
368 2075 444 2129 seqq.
480 2061 504 2110 l.
522 2059 612 2125 Apud
637 2057 759 2110 ethnicos
784 2068 811 2111 et
830 2059 969 2113 haretr'cos
986 2059 1066 2111 nulla
1093 2076 1146 2127 orso
1161 2058 1335 2127 Augustinus
1353 2058 1401 2110 lib.
1421 2061 1446 2110 5.
1468 2060 1504 2111 cle
1522 2057 1574 2112 cio.
1591 2057 1651 2110 Dei
1668 2075 1691 2112 c.
1709 2060 1754 2113 26.
1792 2062 1818 2112 3.
1841 2077 1930 2113 mona·

222 2144 344 2210 suerunt
363 2160 430 2197 uera
448 2143 597 2206 uaticim'a,
623 2146 675 2196 sed
691 2144 779 2198 multa
795 2145 890 2212 falsa,
915 2145 974 2198 nisi
989 2145 1066 2208 forle
1093 2144 1166 2210 ciros,
1187 2143 1236 2211 qui
1248 2143 1453 2214 posterioribus
1470 2143 1571 2195 renuis
1589 2144 1620 2194 in
1633 2143 1752 2196 eccksia
1763 2145 1931 2212 floruerunt,

223 2230 328 2297 fierent
351 2228 381 2281 in
399 2229 584 2281 testimonium
602 2237 716 2282 nostrae
729 2231 816 2298 fidoi,
839 2238 870 2282 ut
888 2231 1003 2290 sanant
1018 2248 1065 2283 aa·
1092 2237 1122 2282 ul
1135 2230 1325 2293 Benediclum,
1345 2231 1380 2282 de
1398 2246 1452 2297 quo
1473 2228 1629 2296 Gregorius
1647 2228 1694 2282 lib.
1712 2231 1739 2281 2.
1759 2231 1833 2284 aaut.
1851 2250 1874 2284 o.
1887 2235 1930 2287 25.

146 2306 151 2313 ⁵
229 2314 328 2367 licinia
355 2314 527 2381 Sibyllarum
554 2321 579 2365 ct
604 2315 738 2368 Balaam.
778 2316 845 2368 Etsi
867 2317 939 2369 enim
965 2316 1068 2368 ethnici
1093 2315 1309 2377 Bernhardum,
1331 2316 1367 2368 cle
1385 2332 1438 2382 quo
1456 2314 1486 2368 in
1503 2314 1593 2386 ipsius
1609 2314 1682 2378 uita,
1699 2323 1725 2368 et
1740 2317 1929 2387 bbanos'rcum,

228 2399 384 2453 habuerunt
409 2400 537 2471 plaerimo
566 2400 683 2454 oracula
710 2401 866 2472 Apollinis,
894 2410 987 2455 lamen
1013 2402 1066 2455 illa
1094 2402 1129 2454 de
1151 2419 1205 2469 quo
1226 2404 1423 2453 Bonauenlura
1444 2401 1474 2452 in
1497 2399 1575 2452 silius
1598 2400 1664 2452 cita.
1704 2399 1928 2472 Respondemus:

229 2485 273 2539 uel
302 2503 358 2558 per
392 2488 522 2556 ambages
556 2488 778 2558 respondebant,
815 2490 928 2557 meando
960 2490 1066 2544 sellim
1096 2493 1117 2542 1.
1138 2485 1293 2556 Prophetae
1320 2491 1348 2540 et
1373 2484 1491 2556 apostoli
1512 2502 1566 2540 uon
1587 2492 1703 2555 possunt
1724 2489 1862 2545 ecclesiae
1878 2490 1928 2544 Ro·

230 2571 336 2643 Apollo
365 2590 421 2626 non
455 2571 560 2624 sciebm
589 2589 699 2640 reuera,
730 2574 801 2643 quid
826 2583 899 2628 esset
922 2575 1067 2639 futurum
1094 2589 1191 2628 manae
1215 2571 1364 2626 hodiernae
1386 2570 1577 2634 annumerari,
1603 2587 1666 2625 cum
1685 2571 1722 2627 ab
1739 2573 1867 2644 ipsorum
1885 2575 1928 2629 do·

230 2658 274 2712 rel
299 2675 334 2712 ea
356 2658 574 2729 praedicebant,
603 2676 675 2728 arae
702 2662 850 2713 daemones
879 2661 937 2732 ipsi
960 2663 1069 2725 facturi
1094 2659 1184 2713 ctrina
1206 2656 1237 2711 in
1260 2656 1355 2711 multis
1381 2656 1521 2712 defecerit.
1568 2663 1590 2712 l.
1612 2656 1766 2729 Gregorius
1794 2660 1928 2715 Thauma-

232 2752 327 2812 erant,
346 2744 390 2796 oel
410 2760 457 2808 ea,
479 2761 548 2810 orsae
570 2753 668 2815 coepta
689 2754 777 2809 arant,
796 2747 862 2810 ficri
878 2747 1068 2814 ignorantibus
1094 2752 1193 2815 turgus
1229 2742 1284 2797 fuit
1313 2742 1460 2813 episcopus
1491 2742 1678 2799 Caesariensis
1711 2743 1822 2800 Graeco
1854 2752 1928 2818 patre

232 2831 397 2883 nuntiabant
423 2835 555 2897 tanquam
576 2832 677 2891 falstra
683 2851 693 2898 ,-
723 2832 765 2884 uel
789 2835 898 2885 demum
926 2849 960 2886 ea
983 2852 1067 2905 prae·
1094 2835 1184 2898 natus,
1205 2828 1320 2899 Niceph.
1337 2828 1387 2884 lib.
1408 2836 1432 2885 6.
1452 2845 1476 2882 c.
1500 2835 1537 2884 l‘l.
1565 2829 1712 2888 ‚Antonius
1730 2830 1787 2886 tuit
1806 2833 1927 2905 Aegypti

233 2917 374 2980 dicabant,
399 2931 469 2982 qaae
494 2918 638 2967 naturales
657 2917 757 2969 labent
775 2935 876 2971 causac
893 2919 972 2972 nobis
991 2921 1068 2989 ipno·
1095 2915 1253 2983 monachus,
1278 2914 1394 2985 Niceph.
1421 2914 1470 2971 lib.
1490 2921 1513 2969 8.
1540 2931 1565 2971 c.
1588 2921 1630 2971 40.
1671 2915 1771 2971 Abbas
1789 2917 1928 2973 lohannes

228 3009 282 3064 tas,
303 3000 362 3053 illis
383 3007 472 3053 autem
494 3009 575 3055 notas
591 3008 711 3072 propter
728 3004 863 3072 majorem
882 3005 1068 3064 subtilitatem.
1095 3003 1190 3057 itidem
1211 3000 1279 3055 vixit
1298 3001 1326 3054 in
1345 3000 1471 3072 Aegypti
1490 3017 1581 3056 eremo
1599 3008 1672 3056 teste
1691 3003 1854 3074 Augustino
1872 3006 1926 3059 td.

231 3087 378 3140 Haeretici
403 3103 510 3156 quoqra
537 3088 752 3159 quotiescunque
776 3090 888 3159 aliquid
900 3093 1068 3163 praedicere
1094 3106 1161 3159 ergo
1179 3087 1312 3142 ecclesiae
1331 3085 1457 3142 Graecae
1481 3093 1510 3141 et
1526 3087 1719 3159 Aegyptiacae
1736 3091 1831 3160 potius
1847 3109 1926 3163 quam

231 3174 382 3240 voluerunt,
403 3173 514 3244 decepti
530 3182 601 3243 nint,
621 3176 653 3227 id
667 3184 748 3246 patet
768 3178 802 3228 de
819 3177 905 3238 falsa
921 3180 1069 3250 prophetie
1095 3176 1235 3231 Romanae
1263 3173 1373 3228 illorum
1403 3173 1535 3229 vaticinia
1566 3174 1620 3228 sibi
1647 3191 1780 3246 arrogare
1810 3185 1926 3248 possent

231 3260 261 3312 in
286 3259 315 3313 V.
336 3260 367 3312 T.
389 3263 411 3313 l.
429 3260 498 3328 Ray.
515 3262 562 3316 22.
583 3278 617 3312 ac
635 3263 671 3313 de
689 3262 880 3332 Montanistis,
900 3282 971 3332 quae
983 3283 1068 3336 praa-
1095 3268 1120 3318 3.
1139 3262 1169 3318 Si
1181 3261 1227 3316 vel
1239 3260 1356 3314 maxime
1368 3259 1554 3323 Bemhardus,
1570 3260 1746 3328 Benedictus,
1765 3264 1926 3319 Franciscus

232 3346 362 3398 dicerunt
386 3344 459 3399 bella
481 3353 507 3398 et
524 3347 616 3398 neseio
634 3364 705 3415 quae
723 3347 783 3400 alio
793 3350 914 3416 jutura,
938 3353 989 3402 scri
1006 3368 1068 3404 con·
1095 3346 1189 3402 etalii
1215 3345 1352 3416 quaedam
1372 3346 1585 3416 praedixissent,
1614 3364 1669 3402 non
1687 3349 1823 3405 continuo
1841 3352 1927 3422 sequi·

233 3437 349 3485 tractum
375 3431 474 3499 mend,
501 3438 531 3483 at
557 3439 596 3483 est
615 3436 695 3503 opud
713 3435 865 3487 Eusebium
891 3435 937 3487 lib.
958 3439 984 3489 5.
1004 3436 1069 3492 hist,
1095 3440 1154 3498 tur,
1179 3431 1273 3487 omnia
1291 3449 1363 3504 quae
1381 3432 1535 3490 docueruut
1551 3451 1610 3488 esse
1630 3451 1710 3498 vera,
1734 3436 1825 3490 multo
1842 3437 1927 3490 minus

232 3533 295 3587 cop.
309 3519 352 3571 to.
372 3519 451 3573 et18.
490 3514 711 3586 Respondemus:
731 3536 794 3573 cum
812 3519 996 3574 Bellarminus
1013 3539 1068 3578 non
1096 3517 1238 3573 ecclesiam
1256 3517 1423 3586 Romanam,
1452 3518 1481 3572 in
1507 3536 1563 3588 qua
1581 3519 1722 3588 vixerunt,
1745 3537 1809 3576 esse
1829 3539 1928 3577 reram.

232 3603 321 3672 possit
343 3600 450 3655 inficias
477 3600 530 3667 ire,
555 3601 704 3657 daemones
728 3620 762 3657 ex
785 3605 876 3658 causis
895 3606 1068 3662 naturalibus
1097 3602 1221 3673 Sibyllae
1245 3602 1318 3657 inter
1344 3609 1442 3674 gentes
1467 3610 1495 3658 et
1512 3604 1614 3659 Daniel
1638 3606 1666 3659 in
1691 3608 1819 3662 convivio
1838 3608 1928 3663 Relsa·

233 3687 312 3741 nobis
340 3686 441 3756 ignotis
468 3686 605 3755 quaedam
626 3689 799 3757 praedicere,
827 3708 899 3761 quae
925 3693 1068 3760 proseria
1096 3690 1165 3743 aeris
1189 3705 1256 3743 vera
1283 3690 1486 3758 praedixerunt.
1527 3696 1552 3747 l.
1580 3693 1627 3744 De
1652 3693 1808 3762 Briyittos,
1837 3696 1929 3749 Eliso·

233 3777 262 3828 et
284 3771 395 3843 proprie
418 3770 499 3825 dictis
523 3771 680 3828 futurorum
697 3775 933 3844 praedictionibus
954 3778 1068 3832 anobis
1095 3776 1190 3828 bathae
1215 3782 1243 3829 et
1266 3775 1382 3832 aliarum
1406 3776 1633 3845 revelationibus,
1661 3796 1729 3849 qums
1754 3780 1856 3835 itidem
1879 3781 1929 3835 Ro·

232 3857 383 3925 habentur,
413 3873 532 3929 cumque
559 3858 642 3912 etiam
667 3860 730 3914 falsi
756 3861 907 3931 propbetas
931 3860 1068 3917 interdum
1094 3876 1176 3914 mana
1193 3860 1416 3933 ecclesiamagni
1429 3862 1504 3931 facit,
1523 3863 1636 3934 quidam
1649 3881 1681 3918 ex
1695 3865 1762 3934 ipsis
1775 3865 1927 3922 Pontificiis

232 3960 298 3999 vera
316 3942 495 4013 praedicant;
512 3944 575 3998 ideo
592 3945 683 4000 lumen
698 3947 891 4017 propheticum
905 3966 960 4003 non
977 3955 1069 4018 potest
1095 3945 1231 4001 dubitant.
1267 3947 1377 4002 Dclrius
1404 3948 1452 4002 lib.
1477 3956 1500 4004 l.
1526 3949 1663 4019 disquisit
1690 3950 1823 4021 magioar.
1857 3970 1880 4008 c.
1909 3959 1928 4006 1.

231 4046 283 4101 pro
305 4045 371 4083 vera
395 4029 529 4084 ecclesiae
553 4038 620 4086 nota
642 4030 746 4086 baberi.
783 4032 863 4096 Quod
885 4034 1067 4089 bellarminus
1094 4041 1199 4106 quaest.
1219 4041 1243 4089 3.
1267 4041 1333 4090 sect
1355 4040 1386 4089 4:
1415 4035 1556 4088 Henricus
1582 4037 1616 4088 de
1635 4037 1743 4089 Hassis
1764 4046 1790 4092 et
1810 4038 1929 4107 Sybrita·

111 4133 160 4173 111.
173 4129 218 4174 rsa
231 4115 322 4185 addit,
341 4116 463 4170 ethnicos
482 4124 506 4168 et
525 4117 678 4170 haereticos
691 4135 752 4171 non
769 4118 897 4174 hammes
915 4138 982 4173 ocra
999 4123 1067 4174 outi-
1095 4139 1145 4174 nris
1163 4121 1243 4174 ambo
1264 4119 1405 4182 catholici,
1424 4120 1504 4172 ambo
1524 4120 1653 4187 religiosi
1667 4122 1773 4191 volunt,
1794 4125 1929 4192 Bripittoe

231 4203 320 4270 οιήία,
346 4203 403 4255 nisi
426 4203 503 4266 forte
515 4205 620 4269 fierent
638 4203 668 4255 in
686 4204 873 4257 teatimonium
890 4222 971 4258 verae
990 4207 1067 4275 firlei,
1094 4214 1120 4259 ct
1141 4206 1273 4258 aridium
1297 4204 1480 4258 revelationes
1501 4223 1557 4257 non
1580 4206 1678 4259 delae
1696 4207 1797 4260 baberi
1809 4229 1869 4281 pro
1892 4212 1929 4263 in·

153 4351 155 4355 A
231 4289 305 4344 idem
329 4287 363 4342 de
391 4287 641 4358 praedictionibus,
669 4306 739 4360 quas
758 4291 942 4345 Bellarminus
963 4291 1068 4361 profert
1094 4293 1252 4345 dubitanter
1287 4291 1377 4358 vais,-
1415 4289 1499 4343 Picus
1532 4289 1745 4346 Mirandulanus
1779 4297 1929 4359 contendit,

230 4391 281 4445 pro
310 4373 479 4427 stabilienda
505 4372 648 4428 &manac
674 4375 807 4430 ecclesiae
832 4377 948 4432 veritate
976 4377 1066 4432 dicere
1093 4379 1192 4431 larum
1213 4384 1375 4430 sanctorum
1399 4375 1583 4429 revelationes
1605 4379 1847 4435 contradictorius
1874 4398 1929 4434 esre

229 4477 385 4532 possumus,
406 4459 482 4530 quod
500 4458 606 4513 scilicet
619 4476 674 4514 non
687 4461 724 4515 ad
740 4462 883 4533 papalium
896 4463 1066 4534 dogmatum,
1094 4470 1144 4518 etc.
1179 4463 1239 4520 Nec
1256 4468 1349 4532 potest
1368 4460 1473 4532 negari,
1493 4460 1522 4515 in
1539 4460 1754 4518 revelationibus
1773 4466 1829 4519 illis
1845 4467 1928 4521 multa

229 4547 278 4601 sed
304 4546 343 4600 ad
360 4545 425 4598 fidei
442 4544 629 4609 Christianae,
653 4549 732 4618 cujus
751 4549 888 4619 quaedam
905 4550 999 4620 capita
1016 4550 1066 4603 ad·
1093 4555 1189 4603 contra
1212 4563 1314 4617 papam
1340 4553 1368 4600 et
1393 4547 1531 4617 praelatos
1557 4547 1707 4602 admodum
1731 4548 1842 4606 duriter
1860 4553 1927 4619 dici;

228 4631 284 4686 huc
307 4631 418 4702 integra
440 4629 560 4700 obtinet,
586 4630 820 4687 confirmationem
844 4634 948 4689 fuerint
966 4635 1065 4689 editae.
1093 4633 1272 4706 Hildegardis
1304 4632 1338 4687 de
1372 4632 1566 4688 monachorum
1601 4633 1715 4688 interitu
1751 4638 1927 4708 prophetarit

228 4717 276 4771 Ad
294 4717 447 4770 doctrinam
465 4716 553 4789 igitur
569 4723 705 4788 perpetuo
722 4719 909 4788 redeundum,
928 4726 977 4774 aut
993 4720 1066 4774 enim
1093 4721 1204 4788 dicens,
1236 4718 1395 4773 muneribus
1425 4724 1454 4772 et
1483 4718 1562 4773 donis
1592 4719 1766 4774 cessantibus
1796 4729 1926 4796 tanquam

124 4850 131 4879 ἶ
228 4803 330 4858 veritas
351 4802 416 4857 fidei
442 4810 471 4857 et
494 4803 628 4858 ecclesiae
651 4804 824 4858 aestimanda
840 4811 883 4859 est
900 4822 933 4860 ex
949 4806 1067 4861 raritate
1093 4823 1175 4861 canes
1204 4805 1346 4860 famelicos
1376 4804 1664 4872 circumvolitaturos;
1703 4805 1827 4878 Brigitta
1854 4826 1926 4881 pras·

227 4889 397 4963 prophetiae,
417 4896 466 4943 aut
483 4895 578 4944 contra
595 4889 697 4943 veritas
713 4889 875 4960 prophetiae
894 4891 1067 4946 aestimanda
1093 4892 1163 4946 dixit
1180 4891 1326 4947 ecclesiam
1341 4889 1496 4945 Βοιιιιιιιιιιιι
1513 4890 1601 4946 instar
1617 4891 1736 4960 alicujus
1752 4894 1926 4949 condemnati

228 4984 271 5031 est
290 4994 322 5032 ex
340 4975 405 5030 fidei
425 4980 454 5029 et
472 4974 605 5030 ecclesiae
622 4975 746 5031 veritate.
785 4976 867 5031 Prius
887 4977 942 5031 dici
959 4979 1065 5049 nequit,
1092 4995 1110 5032 a
1131 4976 1228 5047 judice
1249 4978 1385 5040 futuram,
1410 4976 1456 5032 cui
1480 4976 1560 5047 pellis
1581 4975 1754 5032 detrahenda
1771 4986 1800 5034 et
1818 4997 1884 5035 caru
1901 4979 1927 5032 in

228 5063 303 5133 quod
338 5061 399 5131 ipse
427 5060 612 5116 Bellarminus
646 5062 790 5133 agnoscit,
820 5063 932 5134 quando
963 5064 1065 5119 diserte
1090 5069 1183 5132 partes
1209 5064 1350 5132 secanda,
1394 5062 1545 5119 catharina
1562 5062 1691 5119 &nensis
1715 5064 1753 5119 ds
1770 5065 1822 5120 tali
1843 5066 1924 5122 eccle·

227 5147 339 5212 scribit,
366 5148 500 5200 ethnicos·
517 5156 543 5201 et
571 5147 727 5202 haereticos
755 5167 812 5202 non
839 5149 967 5202 habrum
997 5167 1065 5203 vera
1091 5148 1148 5203 siae
1176 5148 1370 5204 reformatione
1402 5153 1431 5202 et
1459 5155 1599 5218 pastorum
1627 5151 1809 5207 renovatione
1837 5152 1926 5207 locuta

226 5235 374 5301 omicinia,
399 5234 457 5287 nat
480 5235 556 5298 forte
578 5235 683 5302 fierent
710 5235 740 5286 in
767 5236 954 5290 testimonium
982 5253 1065 5291 verae
1091 5241 1147 5301 est,
1184 5237 1265 5306 quus
1296 5236 1380 5290 solius
1415 5235 1603 5291 recordatione
1639 5235 1753 5306 spiritus
1781 5238 1870 5309 ipsius
1898 5236 1925 5289 in

226 5322 322 5400 [tciri.¹
346 5318 442 5373 Manet
464 5321 550 5390 igitur
576 5319 720 5390 posterius.
765 5321 808 5375 lle
831 5320 1062 5378 Montanistarnm
1090 5321 1210 5376 Domino
1245 5322 1398 5377 exsultatus
1437 5321 1536 5380 iuerat
1580 5321 1686 5388 Quodsi
1726 5340 1794 5397 ergo
1827 5322 1925 5379 revela·
