4004 6022
841 266 1103 325 nusocmsm
1752 276 1811 354 sor

128 428 272 475 mamtrat.
308 420 531 492 Respondemus:
553 426 575 476 t.
589 421 665 495 quod
678 419 1058 493 Bellarminuspatri·lmus,
1090 436 1155 492 ergo
1181 438 1236 476 non
1265 427 1380 492 possunt
1408 420 1463 476 dici
1490 422 1617 478 doctores
1643 422 1700 478 sive
1723 430 1815 495 patres

129 508 241 574 archas,
269 507 418 577 prophetas
449 516 476 562 et
502 507 640 578 apostolos
668 524 731 561 cum
758 507 958 562 institutoribus
985 507 1116 563 ecclesiae
1149 507 1272 578 papalis,
1308 507 1376 580 quin
1405 507 1460 562 imo
1493 526 1528 563 ne
1557 506 1669 580 quidem
1694 515 1816 579 tempore

129 593 256 648 ordinum
274 594 463 666 religiosorum
481 595 638 665 conjungit,
665 593 694 647 in
711 612 743 650 eo
762 610 889 666 magnam
906 592 960 648 illis
985 592 1108 652 Antonii,
1126 593 1286 663 Augustini,
1306 594 1410 662 Basilii,
1429 610 1446 646 a
1465 593 1566 664 quihus
1583 594 1693 666 fingunt
1706 595 1816 649 ordines

131 678 259 750 injuriam
285 679 366 748 facit,
393 679 432 732 illi
455 681 526 733 enim
549 678 661 734 fuerunt
685 679 843 734 immediate
863 696 880 733 a
900 678 960 732 Deo
987 678 1119 749 quosdam
1132 679 1296 732 monasticos
1310 677 1457 741 institutos,
1476 685 1570 733 tantae
1587 679 1698 734 fuerunt
1716 679 1829 735 doctri·¹

130 765 236 832 vocati,
255 782 320 819 vera
336 766 482 819 sanctitate
504 765 645 835 conspicui
663 770 691 819 et
709 764 865 820 habuerunt
879 764 960 835 privi-
986 781 1037 817 nae
1061 763 1185 818 coelestis
1208 762 1397 834 corruptelae,
1422 763 1517 834 quales
1544 763 1626 819 hodie
1645 765 1675 819 in
1691 765 1817 820 Romana

131 852 235 923 legium
255 869 309 906 non
328 851 454 919 errandi;
474 850 502 904 hi
517 868 590 917 vcro,
609 851 721 921 nequid
736 851 847 920 gravius
862 849 1102 919 dicam,pecclesia
1119 857 1243 920 regnant
1278 848 1469 917 Franciscum,
1494 849 1681 918 Dominicum,
1700 851 1818 906 Benedi-

131 938 244 992 fuerunt
262 939 459 1007 superstitiosi,
486 939 533 1008 qui
557 945 653 992 contra
669 956 826 1007 expressum
843 935 961 1008 apostoli
972 925 975 977 l
987 942 1061 989 ctum
1080 941 1130 989 eto.
1157 934 1360 1004 superstitiosos
1378 934 1464 988 fuisse
1482 935 1671 1006 concedimus,
1690 937 1738 990 sed
1755 952 1819 991 vere

131 1022 309 1077 interdictum
341 1023 489 1077 schismata
513 1022 541 1075 in
572 1022 715 1077 ecclesiam
743 1023 961 1090 introduxerunt,
987 1027 1096 1074 sanctos
1127 1020 1211 1074 fuisse
1236 1036 1377 1091 negamus.
1417 1019 1522 1084 Quodsi
1548 1020 1592 1076 vel
1619 1021 1735 1075 maxime
1761 1029 1818 1076 tam

133 1114 164 1161 ut
187 1126 259 1162 unus
284 1108 375 1173 dicat,
404 1125 454 1179 epo
476 1126 536 1161 sum
554 1108 716 1177 Francisoi,
744 1109 814 1164 alter
833 1127 883 1176 epo
900 1126 962 1160 aum
987 1108 1075 1160 sancti
1094 1107 1212 1161 fuissent
1231 1124 1313 1177 quam
1332 1105 1463 1176 apostoli,
1488 1106 1543 1159 imo
1563 1108 1656 1179 angeli
1682 1107 1764 1175 (sicut
1784 1109 1819 1163 do

134 1196 280 1248 Dominioi
298 1202 350 1250 etc.
391 1202 414 1252 1.
433 1195 554 1249 Corinth.
575 1201 596 1262 l,
617 1213 642 1248 v.
666 1201 703 1249 12.
739 1201 763 1249 2,
783 1195 843 1248 Imo
856 1213 890 1250 ne
904 1195 961 1266 qui·
987 1191 1135 1246 Francisco
1163 1193 1192 1247 in
1219 1193 1290 1247 lihro
1319 1192 1542 1246 conformitatum
1571 1192 1704 1263 impresso
1726 1194 1818 1261 Bono

133 1282 196 1334 dem
216 1297 279 1335 cum
297 1281 454 1335 doctoribus
477 1280 535 1335 sive
554 1280 679 1352 patribus
702 1281 857 1350 primitivae
874 1280 962 1336 eccle·
988 1277 1051 1333 niae
1067 1296 1140 1332 anno
1158 1284 1229 1335 1589.
1248 1278 1356 1343 dicitur,
1372 1280 1449 1345 qaod
1460 1279 1630 1332 franciscus
1637 1281 1821 1350 fueritplas·

133 1367 190 1420 siae
221 1366 373 1436 comparari
403 1366 506 1421 debent
534 1367 722 1436 patriarchae,
756 1367 906 1438 prophetae
935 1373 963 1421 et
989 1383 1072 1434 quam
1089 1366 1233 1419 Johaanes
1253 1366 1388 1434 Baptista
1412 1365 1431 1418 f.
1453 1371 1493 1420 24.
1521 1368 1598 1434 quod
1612 1367 1704 1431 faerit
1723 1367 1821 1421 melior

134 1453 264 1523 apostoli,
288 1470 350 1507 cum
374 1459 402 1507 et
426 1452 467 1506 illi
492 1453 652 1507 immediata
675 1454 817 1507 vocatione
835 1460 863 1506 et
881 1452 962 1523 privi·
989 1451 1126 1521 apostolis
1147 1450 1165 1504 f.
1182 1456 1221 1507 39.
1240 1453 1317 1520 quod
1329 1451 1423 1504 Filius
1438 1451 1497 1504 Dei
1508 1468 1564 1519 per
1582 1454 1677 1505 amaia
1695 1469 1756 1506 oum
1767 1450 1824 1505 sti

132 1538 206 1610 legio
232 1537 436 1594 infallibilitatis
456 1538 647 1593 destituantur.
689 1539 862 1611 Augustinus
882 1538 962 1608 epist.
988 1537 1122 1590 similarit
1140 1535 1159 1590 f.
1173 1543 1196 1591 5.
1218 1537 1443 1604 quoddatussit
1462 1537 1821 1605 inlacempcatiumi.17.

136 1629 174 1679 19.
194 1624 230 1678 ad
246 1622 372 1679 Hieron:
397 1624 461 1677 Nan
480 1624 611 1688 arbitror,
635 1632 661 1676 te
680 1626 721 1677 sio
739 1625 809 1677 velle
829 1624 886 1692 lapi
902 1633 963 1677 tuos
989 1625 1066 1692 quood
1076 1623 1183 1676 aseritis
1195 1623 1296 1676 similia
1308 1624 1345 1675 sit
1358 1623 1468 1692 arpotis
1485 1631 1511 1677 et
1530 1624 1708 1692 archangelis
1729 1625 1748 1681 f.
1763 1630 1821 1680 247.

133 1711 221 1763 libros
245 1719 377 1778 tanquam
400 1711 603 1780 prophetarum
626 1718 675 1763 aut
698 1711 904 1779 apostolorum,
928 1711 963 1762 de
990 1711 1067 1778 qaod
1084 1728 1176 1763 omues
1193 1711 1307 1764 uirtutes
1320 1717 1480 1764 satiatorum
1498 1710 1527 1763 V.
1546 1719 1571 1764 et
1584 1713 1620 1767 N.
1636 1712 1667 1766 T.
1686 1713 1716 1765 in
1729 1711 1822 1765 Flan-

134 1815 252 1865 rprorum
275 1796 402 1864 scriptis,
428 1798 511 1864 quoti
527 1798 603 1849 omni
618 1813 713 1850 errore
733 1805 860 1867 careant,
884 1796 962 1850 autt—
990 1796 1062 1848 cisco
1080 1796 1190 1864 positae
1205 1796 1315 1861 fuerint
1329 1796 1433 1848 unitim
1446 1804 1471 1848 et
1484 1796 1652 1863 coniunctim
1669 1795 1688 1849 f.
1701 1804 1726 1851 5.
1745 1796 1823 1866 qaod

135 1896 197 1934 rare
214 1883 358 1945 nefarium
374 1889 422 1937 est.
452 1887 474 1935 3.
488 1881 566 1946 Quae
584 1897 648 1936 voro
666 1881 735 1936 haec
753 1883 963 1954 consequentia:
989 1882 1020 1934 in
1037 1899 1069 1934 eo
1085 1881 1183 1950 passio
1204 1880 1310 1934 Christi
1328 1881 1358 1933 ia
1375 1898 1476 1949 ponere
1494 1881 1614 1935 humano
1631 1881 1668 1934 sit
1686 1890 1821 1937 renouata

135 1967 316 2038 patriarchae,
333 1965 492 2037 prophetae,
513 1968 630 2038 apostoli
643 1975 671 2023 et
688 1970 813 2024 doctores
832 1969 963 2024 ecclesiae
988 1965 1009 2022 t.
1033 1971 1088 2021 144,
1109 1972 1160 2022 otc.
1180 1966 1215 2020 de
1228 1965 1374 2021 Dominico
1393 1965 1489 2020 scribit
1508 1966 1669 2021 Antoninus
1686 1964 1821 2039 archiepi-

134 2055 247 2110 fuerunt
273 2054 375 2121 sancti,
411 2071 477 2125 ergo
502 2054 635 2108 sanctitas
658 2059 700 2109 est
724 2054 856 2110 ecclesias
879 2053 963 2108 nota?
989 2068 1104 2123 scopus,
1129 2055 1206 2121 qaod
1219 2053 1318 2122 plures
1337 2060 1460 2105 mortuos
1478 2053 1637 2122 aesitaverit,
1658 2072 1743 2123 quam
1760 2056 1820 2125 ipse

134 2141 209 2196 Num
228 2157 320 2205 omne,
339 2140 412 2211 quod
430 2140 516 2194 estin
535 2141 693 2195 doctoribus
714 2142 855 2209 ecclesiae,
872 2141 963 2194 statim
992 2139 1132 2207 Christus,
1160 2142 1236 2207 qaod
1253 2147 1380 2209 potestas
1397 2139 1570 2205 caslutium,
1597 2138 1771 2195 terrestriam
1796 2149 1823 2196 et

134 2227 187 2281 erit
208 2234 275 2281 nota
298 2225 453 2280 ecclesiae?
476 2244 542 2280 num
568 2245 601 2282 ex
626 2227 685 2281 vita
708 2228 799 2297 potius
822 2244 904 2299 quam
931 2244 963 2282 ex
990 2226 1147 2292 inferarum
1165 2227 1202 2278 sit
1221 2224 1280 2293 spei
1297 2227 1514 2291 communicata,
1540 2227 1618 2294 quod
1633 2227 1754 2290 facilius
1767 2245 1823 2299 per

133 2313 261 2367 doctriua
273 2311 461 2381 judicabimus
481 2311 516 2366 de
535 2312 711 2367 doctoribus?
740 2319 769 2367 at
787 2312 839 2367 hac
857 2313 964 2366 ratione
989 2312 1073 2363 istum
1092 2318 1172 2364 eatur
1197 2313 1238 2364 ad
1258 2311 1397 2366 Christum
1416 2329 1500 2379 quam
1515 2327 1570 2380 per
1587 2312 1724 2382 Paulam,
1748 2313 1825 2383 qaod

134 2396 268 2463 efficitur,
295 2397 448 2452 doctrinam
476 2414 492 2450 a
518 2398 595 2453 duda
621 2397 762 2468 proditore
796 2398 963 2468 propositam
990 2397 1095 2450 trinam
1115 2397 1296 2465 disciplinam
1314 2398 1349 2449 de
1367 2414 1450 2449 arana
1470 2397 1595 2466 propria
1614 2415 1669 2451 noa
1693 2388 1834 2466 cordula,

134 2483 221 2539 fuisse
248 2484 359 2548 salsam,
385 2492 480 2538 contra
496 2500 560 2536 vero
579 2482 730 2537 doctrinam
750 2483 964 2553 pseudoaposto·
990 2486 1042 2537 sed
1061 2491 1159 2536 caterm
1175 2485 1276 2548 ferrea
1293 2483 1414 2552 suscepit
1433 2501 1519 2551 arque
1538 2484 1579 2536 ad
1591 2484 1738 2553 sanpaiais
1756 2486 1824 2555 effu-

134 2571 238 2637 lorum,
262 2570 310 2642 qui
332 2587 361 2624 se
386 2569 621 2637 transfigurahant
642 2568 671 2623 in
693 2567 796 2623 Christi
819 2570 965 2639 apostolos,
990 2570 1109 2633 aionem,
1129 2587 1213 2621 unam
1228 2587 1283 2638 pra
1300 2568 1359 2621 suis
1379 2567 1478 2637 arripis,
1497 2585 1568 2636 qaae
1584 2570 1715 2624 minimae
1735 2579 1823 2641 eram,

51 2656 221 2717 ualuisse
240 2674 339 2711 veram.
375 2663 399 2710 4.
420 2655 560 2710 Ecclesiae
586 2656 712 2710 doctores
735 2655 847 2710 fuerunt
870 2657 966 2726 sancti,
988 2673 1045 2723 pro
1072 2656 1101 2708 ia
1117 2656 1286 2724 parpatoria
1305 2655 1498 2709 cormeatibus
1516 2654 1617 2720 aliam,
1641 2674 1699 2725 pro
1719 2657 1756 2710 iis
1776 2654 1827 2726 qai

136 2742 246 2796 interim
266 2749 358 2795 tamen
384 2743 440 2794 suis
466 2741 558 2795 adhuc
576 2740 737 2794 laborarunt
762 2742 855 2795 naevis
875 2759 908 2796 ac
926 2743 965 2795 in·
992 2743 1022 2794 irs
1038 2743 1142 2796 mando
1161 2750 1308 2795 versantur
1324 2744 1436 2796 tertiam
1453 2746 1503 2797 etc.
1521 2751 1592 2814 part.
1605 2748 1630 2797 3.
1647 2743 1689 2799 tit.
1703 2750 1744 2800 23.
1761 2762 1785 2801 c.
1801 2738 1834 2800 1.'

136 2827 320 2896 firmitatibus,
331 2827 443 2898 quidam
457 2827 539 2880 etiarn
552 2834 583 2879 ut
592 2824 853 2894 Noachus,Lothus,
863 2828 967 2897 Aaron,
992 2823 1019 2899 ξ
1041 2832 1063 2882 1.
1090 2832 1118 2882 et
1142 2831 1230 2898 seqq.)
1259 2835 1351 2883 tamen
1381 2829 1502 2899 ipsorum
1529 2829 1655 2883 doctrina
1671 2827 1824 2899 judicanda

136 2910 238 2977 David,
256 2912 355 2967 Petrus
375 2912 404 2966 in
422 2927 545 2966 enormes
563 2911 658 2982 lapsus
678 2911 841 2982 inciderunt,
860 2921 888 2968 at
900 2933 965 2968 num
992 2910 1090 2966 fuisset
1109 2929 1141 2966 ex
1163 2912 1248 2968 verbo
1266 2912 1329 2970 Gal.
1347 2920 1374 2984 l,
1392 2931 1417 2967 v.
1437 2921 1467 2970 8:
1493 2915 1552 2968 Sed
1569 2915 1597 2967 si
1612 2914 1656 2968 ool
1673 2930 1736 2979 aas,
1756 2914 1824 2986 apo-

136 3006 283 3071 propterea
308 3000 432 3054 doctrina
450 2998 572 3068 ipsorum
592 2997 674 3051 desiit
692 3014 752 3053 esse
772 2999 855 3052 vera?
894 3007 917 3055 5.
937 3000 966 3055 Si
992 2999 1071 3063 stoli,
1096 3001 1140 3053 val
1162 3000 1280 3070 capetus
1298 3002 1334 3053 de
1354 2999 1430 3053 coeto
1449 2999 1614 3068 caanpeliset
1631 3001 1723 3070 vobis,
1740 3018 1825 3072 prae·

135 3105 169 3141 ex
191 3085 336 3139 sanctitate
362 3083 594 3154 patriarcharum,
625 3082 821 3153 prophetarum
850 3093 877 3140 et
901 3103 965 3157 apo
991 3093 1117 3154 terqrram
1137 3087 1215 3154 qaod
1231 3085 1480 3154 eaaapelizaoimas
1500 3084 1589 3149 voto,
1613 3088 1761 3139 anathema
1779 3086 1824 3142 sit.

135 3166 267 3226 stolorum
285 3170 319 3224 de
333 3170 448 3225 ecclesia
458 3169 649 3241 judicandum,
668 3175 763 3223 nostra
779 3171 965 3242 potiusquam
991 3170 1091 3242 Apage
1118 3169 1203 3241 igitur
1228 3169 1358 3222 immania
1384 3167 1433 3222 illa
1456 3170 1636 3240 pronuntiata
1658 3170 1743 3225 verbo
1769 3169 1822 3226 Dei

135 3259 261 3313 Romana
273 3255 389 3309 ecclesia
407 3255 516 3308 laudem
531 3253 607 3308 illam
626 3254 679 3307 sibi
699 3253 835 3309 vendicat
863 3256 966 3312 Nostra
991 3274 1006 3311 e
1027 3257 1158 3310 diametro
1183 3255 1334 3320 contraria,
1358 3253 1436 3323 quael
1453 3271 1485 3306 aa
1505 3254 1623 3309 laterali
1645 3257 1748 3310 Christi
1765 3252 1824 3311 sa't-
1837 3274 1886 3317 xn.
1900 3273 1935 3316 aa,

135 3345 210 3398 enim
236 3341 351 3396 ecclesia
377 3340 478 3394 insistit
497 3339 636 3419 doctrinae
656 3340 875 3412 patriacharum,
902 3358 964 3412 pro·
991 3358 1056 3394 nere
1076 3341 1249 3395 Abaaciscas
1274 3339 1423 3405 exsilierit,
1452 3340 1499 3394 lib.
1523 3341 1597 3395 conf.
1623 3343 1642 3397 f.
1663 3348 1721 3398 247.
1749 3344 1828 3413 qrrod

135 3431 281 3501 phetarum
307 3435 333 3481 et
357 3426 556 3494 apostolorum,
580 3436 630 3480 uos
648 3427 774 3481 doctores
794 3427 854 3482 illos
874 3428 963 3498 sequi·
991 3426 1162 3479 Fraacrscus
1180 3426 1276 3494 primo
1300 3425 1373 3492 vita,
1401 3426 1510 3479 derisam
1522 3427 1660 3496 passione
1676 3428 1771 3492 factus
1789 3428 1826 3483 sit

136 3534 199 3569 mur
227 3522 254 3567 et
281 3513 520 3580 consanguinitate
552 3513 697 3566 doctrinae
728 3512 795 3582 ipsis
825 3514 966 3584 conjuncti
992 3515 1034 3565 ad
1051 3510 1199 3581 imapinem
1219 3521 1244 3564 ct
1263 3511 1476 3565 similitudinem
1493 3511 1564 3565 Jesu
1578 3511 1685 3567 Chresti
1702 3515 1829 3585 crucifixi

137 3617 249 3666 sumus;
270 3596 410 3652 Pontificii
429 3613 494 3650 vero
513 3600 548 3652 ab
567 3597 726 3669 integritate
744 3599 885 3653 doctrinae
904 3616 966 3669 pro·
992 3597 1039 3654 fol.
1066 3602 1104 3652 13,
1134 3598 1211 3666 quod
1237 3596 1375 3664 stipmatis
1404 3596 1522 3666 quiaque
1544 3598 1690 3652 vulneram
1713 3618 1826 3655 samam

137 3685 265 3759 pheticae
295 3689 324 3737 et
352 3683 519 3753 apostolicae
542 3685 601 3752 jam
619 3676 695 3738 ‘olim
722 3691 907 3753 recesserunt,
937 3693 968 3739 ut
993 3691 1079 3736 servet
1106 3702 1124 3736 a
1148 3691 1235 3736 morte
1254 3691 1368 3735 aeterna
1385 3683 1475 3751 viros,
1501 3684 1550 3754 qui
1567 3702 1586 3737 a
1605 3692 1727 3754 tempore
1746 3686 1826 3742 itlius

138 3771 206 3826 alibi
226 3771 434 3825 demonstratur.
470 3778 494 3824 o.
519 3767 697 3824 Ethnicorum
714 3769 841 3825 doctores
860 3777 888 3824 et
905 3771 967 3825 hae·
995 3787 1079 3837 risque
1098 3771 1138 3822 ad
1153 3769 1483 3835 siacnrmandioiuerunt
1496 3771 1629 3840 etaioeat,
1649 3772 1826 3829 chhardus

140 3856 292 3914 resiarchas
311 3855 395 3910 fuisse
415 3854 547 3925 superbos
566 3874 621 3910 nou
639 3874 788 3927 negamus,
807 3856 916 3910 interim
936 3876 968 3911 ex
994 3857 1022 3908 in
1040 3873 1125 3909 roser.
1143 3860 1215 3927 part.
1235 3860 1258 3909 2.
1277 3871 1356 3908 serm.
1376 3861 1417 3910 27.
1438 3873 1503 3927 pag.
1516 3861 1574 3911 224.
1596 3874 1666 3927 quac
1684 3876 1826 3931 nunquam

139 3963 172 4000 eo
190 3938 286 3998 confici
301 3940 404 4010 nequit,
422 3941 594 3995 sancutatcm
607 3941 680 3995 vitae
695 3941 895 3996 indoctoribus
908 3959 967 3996 esse
995 3940 1155 4011 persuaderi
1179 3940 1259 3994 nohis
1284 3942 1436 4011 patiemur,
1461 3941 1527 3996 licet
1553 3943 1717 3998 Franciscus
1742 3945 1827 4001 fuerit

140 4034 234 4084 notam
253 4026 399 4093 ecclesiae,
418 4024 478 4079 fieri
496 4025 567 4079 enim
585 4030 683 4095 potest,
702 4032 733 4079 ut
751 4027 834 4080 etiam
854 4027 969 4082 catholi-
996 4037 1052 4080 tam
1072 4034 1198 4093 sanctus,
1220 4042 1302 4097 quam
1320 4027 1419 4097 aliquis
1437 4044 1452 4081 s
1470 4029 1546 4081 coelo
1564 4028 1688 4098 augelus,
1708 4047 1741 4085 ac
1759 4026 1833 4087 licet'

140 4131 190 4168 cus
209 4112 305 4166 doctor
324 4112 359 4164 sit
383 4110 518 4180 superbus
543 4117 570 4164 et
589 4115 619 4163 ut
639 4110 793 4166 hacreticus
812 4113 908 4167 doctor
925 4132 970 4167 su·
996 4111 1086 4166 adhuc
1109 4111 1156 4165 alii
1178 4117 1233 4167 tres
1256 4114 1399 4182 pontifices
1419 4110 1471 4166 sub
1490 4113 1633 4168 haereseos
1652 4132 1743 4186 poena
1761 4100 1832 4189 stig'·¹

140 4196 266 4270 perbiam
289 4214 366 4250 suam
396 4195 528 4264 occultet,
556 4197 693 4266 quomodo
718 4197 803 4266 igitur
830 4199 969 4253 occultum
997 4204 1072 4253 mata
1089 4197 1289 4252 illaFrancisci
1308 4198 1344 4252 ah
1363 4199 1490 4253 omnibus
1509 4200 1584 4254 credi
1593 4199 1733 4269 juberent,
1752 4201 1827 4272 quod

139 4285 209 4339 illud
234 4283 330 4336 vitium
356 4287 527 4352 potestesse
552 4282 666 4336 visibilis
690 4290 757 4336 nota
781 4283 867 4338 falsae
886 4286 970 4340 eccle·
993 4285 1051 4353 jam
1076 4294 1139 4337 ante
1164 4282 1269 4337 facturn
1294 4301 1311 4337 a
1336 4283 1469 4354 Gregorio
1491 4284 1542 4341 lX.
1568 4285 1727 4342 Menandro
1747 4286 1781 4343 V.
1801 4276 1848 4343 ct'·

139 4369 218 4426 siae?
255 4368 469 4424 Haercsiarohae
496 4386 603 4438 semper
629 4369 796 4432 obtendunt,
824 4388 853 4425 se
879 4372 971 4425 studio
998 4369 1110 4425 Nicolao
1122 4368 1174 4424 ΙΙΙ.
1194 4369 1313 4441 denique
1331 4370 1396 4425 licet
1408 4370 1482 4425 mille
1500 4371 1546 4424 alii
1558 4387 1622 4424 cum
1635 4364 1834 4428 Bonaven'tura‘

141 4453 344 4528 promovendae
375 4454 478 4526 gloriae
507 4455 616 4510 divinae
651 4462 679 4509 et
710 4456 806 4509 salutis
835 4455 971 4511 humanae
997 4456 1025 4508 in
1055 4454 1174 4527 legenda
1202 4454 1342 4509 Francisci
1367 4463 1504 4523 statuant,
1536 4446 1691 4511 Francisco
1719 4456 1828 4511 rnortuo

142 4543 274 4612 dogmata
294 4540 341 4593 illa
360 4555 528 4610 proponere,
553 4549 649 4595 contra
665 4558 729 4594 vero
748 4541 925 4597 ambitionem
944 4551 972 4597 et
998 4543 1131 4610 stipmata
1155 4560 1174 4594 a
1196 4542 1328 4610 pluribus
1346 4543 1436 4603 foisse
1457 4544 1556 4610 aquito
1575 4543 1662 4597 clavis
1680 4545 1710 4596 in
1729 4563 1763 4597 aa
1780 4545 1830 4597 im·

142 4625 301 4697 superbiam
320 4643 397 4679 suam
418 4625 513 4679 sedulo
526 4631 667 4695 premunt,
687 4627 823 4696 quomodo
840 4628 971 4698 igiturex
999 4628 1098 4692 atnam,
1120 4627 1164 4680 cui
1183 4626 1347 4680 contradicit
1367 4627 1525 4682 Matthaeus
1545 4628 1638 4698 Paris,
1656 4630 1704 4699 qui
1721 4647 1753 4684 eo
1772 4631 1831 4700 ipso

143 4711 274 4784 superbia
292 4710 401 4766 illorum
420 4711 530 4765 occulta
548 4711 582 4765 de
603 4711 728 4765 doctrina
745 4711 804 4766 fieri
822 4720 913 4782 potest
928 4714 972 4783 ju·
1000 4720 1130 4783 tempore,
1141 4730 1195 4783 quo
1204 4712 1369 4766 Franciscus
1383 4713 1459 4780 obiit,
1470 4713 1570 4778 floruit,
1579 4714 1608 4767 in
1617 4714 1681 4770 hist.
1689 4715 1774 4769 Henr.
1781 4710 1836 4770 111:

144 4797 266 4853 dicium?
1000 4815 1057 4870 reg.
1076 4800 1160 4869 Angl.
1188 4817 1216 4869 p.
1239 4803 1296 4854 329.
1322 4816 1441 4869 negans,
1469 4799 1528 4854 ulla
1552 4799 1756 4870 praedictorum
1774 4791 1833 4856 vui-

57 4912 129 4950 vtsas
180 4890 239 4941 261.
276 4887 431 4938 rilsrnbram
455 4885 613 4937 sacrandam.
648 4882 722 4937 Num
746 4885 819 4938 vitae
842 4884 973 4937 sanctitas
1000 4903 1095 4938 nerum
1121 4885 1150 4937 in
1177 4884 1262 4939 latere
1286 4883 1330 4938 vel
1356 4884 1476 4954 pedibus
1501 4885 1560 4939 sive
1579 4886 1707 4941 manibus
1724 4904 1829 4942 reman-

51 4964 128 5054 lffl,
145 4970 304 5028 doctoribus
327 4970 467 5025 Romanae
485 4969 617 5024 ecclesiae
636 4967 721 5021 tribui
740 4970 847 5039 possit?
871 4971 972 5026 Bellar-
999 4971 1066 5024 sisse
1085 4971 1223 5042 stigmata

51 5029 129 5107 ieme
145 5060 235 5113 minus
258 5056 302 5111 hic
326 5063 457 5126 provocat
483 5056 524 5107 ad
548 5055 746 5123 patriarchas,
768 5057 924 5124 prophetas
949 5064 973 5108 et
1034 5058 1092 5114 262.
1112 5055 1273 5111 Intueamur
1283 5074 1346 5113 vero
1358 5062 1503 5128 tantopere
1513 5056 1734 5127 depraedicatam
1744 5059 1828 5116 eccls-
1843 5075 1955 5115 sarsum

51 5118 130 5208 ῗζξῃ.
146 5143 303 5214 apostolos,
331 5144 372 5194 ad
396 5143 554 5210 primitivae
583 5141 714 5193 cactesioe
741 5143 869 5194 doctores
888 5150 914 5194 et
935 5144 975 5194 ad
1000 5142 1056 5196 siae
1068 5141 1209 5196 Romanae
1223 5142 1436 5197 sanctitatemin
1450 5143 1530 5197 curia
1538 5151 1567 5196 et
1578 5142 1645 5197 urhe
1654 5142 1786 5216 Romana,
1800 5145 1829 5201 in
1843 5126 1934 5218 ᾖξ’..

51 5225 83 5261 '⁸‘
147 5230 278 5283 ordinum
296 5227 492 5296 recipias-oram
511 5227 690 5279 institutores.
726 5225 782 5279 sed
794 5226 878 5296 plane
892 5225 974 5279 ἀπαι-
1000 5226 1128 5299 pontifice
1146 5232 1277 5298 tanquam
1297 5229 1401 5299 capite,
1425 5227 1626 5296 cardinalibus,
1649 5226 1836 5302 archiepisco?

147 5312 263 5378 δεὺτιὶις,
296 5317 362 5385 quia
392 5330 442 5367 nec
468 5313 634 5382 prophetae,
671 5328 723 5365 nec
757 5312 888 5381 apostoli,
923 5329 974 5366 nec
1000 5316 1050 5384 pis,
1063 5314 1209 5384 episcopis,
1223 5311 1420 5379 sacerdotibus,
1432 5314 1704 5384 monachis,Jesuitis
1717 5316 1830 5374 etlaicis

146 5400 302 5473 primitivae
326 5398 457 5453 ecclesiae
476 5398 600 5451 doctores
620 5396 740 5467 amplexi
760 5403 825 5451 sunt
844 5396 974 5467 dogmata
1000 5417 1054 5453 non
1072 5418 1089 5452 a
1108 5399 1216 5468 nostris,
1236 5400 1284 5453 sed
1305 5417 1322 5453 a
1340 5398 1396 5453 suis
1415 5398 1736 5472 ipsorum'scriptor‘ibus
1747 5404 1831 5475 potis·

147 5484 270 5561 papalia,
305 5502 376 5555 quac
412 5501 462 5539 uos
500 5501 532 5539 er
562 5482 669 5554 seriptis
693 5482 805 5537 ‘illorunt
831 5499 972 5554 oppugna·
1001 5481 1107 5553 simum,
1128 5484 1224 5538 velex
1246 5484 1293 5554 iis,
1315 5483 1385 5556 quos'
1403 5503 1467 5541 suos
1487 5504 1548 5542 esse
1564 5481 1748 5561 contendunt,
1766 5482 1832 5545 deli·

1418 5590 1473 5644 ³4*
