4004 6022
184 290 243 350 198
780 278 900 337 LOCUS
919 276 1121 337 VICESIMUS
1137 277 1281 336 PRIMUS

181 436 229 494 illo
259 442 396 493 conventu
426 435 551 493 doctrina
583 436 618 490 de
650 450 738 489 coena
769 432 881 488 Domini
910 433 1096 505 popntotnon
1111 439 1210 503 potest.
1248 438 1271 488 6.
1284 431 1338 487 Per
1350 431 1421 486 illud
1435 411 1732 487 festum⁸abducuntnr
1749 429 1874 487 homines

183 523 354 597 explicatur,
384 524 557 594 corruptelae
586 521 735 591 puritatem
767 520 841 575 illius
873 496 1058 576 doctrinaola
1084 518 1214 574 crebriori
1242 522 1270 573 et
1296 535 1360 572 vero
1384 536 1436 572 usu
1457 517 1737 573 coenaeDominicae
1757 517 1872 589 abipso

181 610 401 666 contaminantes
438 609 607 676 refutantur,
654 607 829 679 explicantur
870 607 1014 675 beneficia,
1041 605 1150 661 Christo
1182 605 1324 672 instituto,
1354 605 1556 674 persuadentur
1587 604 1675 674 enim,
1710 605 1875 660 sumtionem

182 713 254 769 quae
275 694 399 750 Christus
423 695 450 748 in
473 697 638 748 testamento
663 711 712 747 suo
732 692 813 747 nobis
832 693 948 765 legavit,
982 710 1014 747 ae
1027 664 1029 739 l
1042 711 1103 746 curn
1129 710 1230 764 magno
1250 691 1372 762 periculo
1391 708 1450 745 esse
1468 694 1657 761 conjunctam,
1687 691 1791 746 cultum
1810 708 1875 747 vero

182 782 305 837 homines
338 782 532 848 admonentur,
562 787 594 833 nt
621 797 671 850 pro
696 778 867 833 institutione
892 778 1014 832 cuchari·
1027 779 1123 850 ihujus
1157 779 1221 834 festi
1253 778 1312 832 sine
1341 777 1463 848 periculo
1491 795 1551 832 esso
1579 778 1667 848 magis
1698 779 1874 834 meritorium.

182 868 252 924 stiae
269 866 377 921 Christo
396 865 501 939 gratias
519 870 618 939 agant,
638 871 666 920 et
682 881 846 936 praegressa
863 865 935 919 seria
952 855 1078 934 poe-lEt
1097 864 1183 935 probe
1202 864 1366 931 notandum,
1393 863 1466 934 quod
1487 864 1515 916 in
1533 862 1612 917 hulla
1631 863 1713 933 hujus
1730 863 1794 920 festi
1815 870 1875 921 tan·

182 954 299 1011 nitentia
325 952 433 1022 saepius
464 968 531 1005 vera
552 950 608 1006 fide
632 951 683 1006 hoc
704 956 875 1006 sacramento
903 956 1016 1005 utantur
1041 950 1156 1004 tundern
1175 949 1409 1021 indulgentiarum
1428 949 1605 1019 promittatur
1623 951 1771 1020 spectatori
1790 968 1875 1022 quau-

184 1041 223 1109 (id
248 1039 322 1112 quod
348 1037 393 1091 die
415 1038 545 1091 viridium
563 1036 593 1091 in
611 1036 711 1090 nostris
731 1037 853 1091 ecclesiis
871 1034 931 1091 fieri
951 1054 1013 1090 eon·
1042 1044 1102 1090 turn
1124 1037 1162 1101 ci,
1191 1035 1237 1106 qui
1262 1036 1453 1089 communicat.
1490 1042 1514 1089 t.
1533 1034 1688 1091 Celebratio
1708 1036 1792 1107 hujus
1809 1037 1875 1092 festi

184 1125 297 1194 suevitl3
322 1125 370 1180 scd
394 1123 608 1179 celebrationem
623 1123 706 1195 hujus
724 1122 802 1188 festi,
825 1127 908 1195 prout
925 1125 953 1177 in
972 1140 1015 1177 ec·
1042 1129 1083 1176 est
1102 1138 1178 1176 mera
1196 1125 1426 1193 ἐθελοθρησκεία,
1451 1121 1579 1192 proponit
1596 1121 1667 1178 enim
1687 1121 1827 1178 Christum
1845 1124 1875 1178 in

185 1212 275 1269 clesiis
293 1208 446 1267 Pontificiis
467 1208 549 1265 hodie
568 1210 735 1279 instituitur,
761 1225 936 1283 nequaquam
954 1226 1016 1279 pro·
1042 1209 1209 1262 eucharistia
1238 1209 1397 1277 colendum,
1427 1208 1482 1262 alia
1504 1208 1610 1263 ratione
1638 1216 1666 1264 et
1694 1209 1756 1264 aliis
1778 1210 1876 1276 modis,

184 1298 251 1354 hare
268 1313 422 1367 possumus.
467 1302 488 1350 l.
506 1294 633 1350 Ecclesia
650 1312 700 1364 per
717 1311 804 1349 annos
822 1295 897 1350 mille
916 1295 1016 1350 ducen·
1043 1311 1124 1364 quam
1144 1294 1202 1363 ipse
1222 1293 1250 1347 in
1271 1295 1355 1348 verbo
1373 1312 1422 1349 suo
1440 1294 1633 1364 praescripsit,
1661 1313 1693 1350 ac
1709 1297 1875 1366 persuaden-

184 1391 226 1440 tor
247 1401 281 1439 ac
303 1384 396 1454 plures
416 1381 469 1437 hoc
487 1382 558 1438 festo
579 1382 682 1451 caruit,
705 1381 791 1436 nihilo
812 1388 904 1436 tamen
926 1383 1016 1436 minus
1042 1386 1088 1433 tur
1115 1377 1251 1447 homines,
1280 1379 1385 1433 cultum
1411 1380 1488 1435 illum
1506 1381 1542 1435 ah
1561 1380 1718 1435 hominibus
1738 1384 1875 1455 excogita·

186 1470 309 1527 debitum
337 1469 467 1524 honorem
498 1486 530 1523 ac
559 1468 738 1524 reverentiam
769 1468 940 1523 sanctissimo
970 1486 1016 1523 eu·
1043 1472 1101 1519 tum
1121 1472 1149 1520 et
1166 1472 1243 1520 extra
1260 1483 1340 1518 usum
1360 1466 1491 1521 divinitus
1510 1467 1664 1523 institutum
1678 1468 1875 1537 introductum,

185 1556 332 1613 charistias
372 1562 544 1611 sacramento
577 1555 684 1611 detulit.
732 1555 807 1626 Ergo
843 1562 871 1610 et
907 1562 1017 1611 nostrae
1043 1569 1102 1607 esse
1127 1553 1213 1606 multo
1229 1552 1458 1621 praestantiorem
1479 1559 1506 1607 et
1524 1553 1584 1607 Deo
1604 1555 1767 1625 gratiorem,
1793 1573 1876 1627 quam

186 1643 320 1701 ecelesiae
346 1648 459 1714 propter
487 1641 660 1695 omissionem
684 1641 766 1712 huJ'us
794 1639 856 1695 festi
882 1659 937 1695 non
956 1659 1017 1712 pos·
1045 1639 1067 1692 si
1096 1637 1262 1692 eucharistia
1282 1639 1363 1707 juxta
1382 1637 1484 1692 Christi
1511 1638 1709 1694 institutionem
1731 1641 1877 1698 distribue·
1948 1691 1954 1703 ,

187 1735 266 1798 sunt,
297 1745 349 1783 nec
381 1727 484 1783 debent
511 1728 642 1784 accusari.
687 1727 819 1782 Claudius
841 1727 1018 1797 Espencaeus
1044 1730 1135 1793 retur,
1176 1723 1359 1793 acciperetur,
1403 1725 1614 1779 manducaretur
1658 1732 1686 1781 ct
1728 1726 1877 1784 biberetur.

126 1816 129 1823 '
186 1815 237 1871 lib.
265 1820 290 1870 2.
313 1814 347 1870 de
371 1813 447 1868 ador.
468 1830 493 1867 c.
518 1816 541 1869 8.
568 1814 652 1884 paulo
670 1820 733 1868 ante
752 1813 834 1868 finem
852 1812 916 1868 huic
937 1816 1068 1884 argu-,S
1097 1810 1226 1864 Meritum
1257 1809 1423 1864 remissionis
1449 1817 1626 1880 peccatorum
1653 1813 1817 1869 transfertur
1847 1815 1876 1869 in
1890 1823 1974 1866 asso.

189 1909 281 1958 mento
306 1917 447 1955 occurrere
468 1899 563 1954 soluit.
600 1900 667 1954 Noa
686 1902 775 1954 obstat
793 1900 918 1972 (inquit),
945 1882 1230 1969 qrsodleelebratione
1262 1896 1345 1966 hujus
1374 1896 1437 1950 festi
1465 1898 1501 1950 ad
1533 1897 1668 1952 actionem
1695 1917 1712 1954 a
1739 1900 1798 1954 Deo
1825 1920 1878 1958 nec

190 1987 412 2054 circumponatis
440 1987 625 2040 eucharestiac
651 1987 762 2041 uidetur
786 2005 831 2040 res
856 2003 914 2039 assa
940 2003 1020 2051 norro,
1047 1982 1204 2037 mandatam
1236 1999 1287 2037 nec
1325 1983 1531 2054 praescriptam.
1572 1984 1701 2040 Pontifex
1740 1987 1813 2042 enim
1849 1990 1877 2044 in

190 2078 259 2145 quia
280 2074 354 2128 ualet
379 2074 420 2126 ad
446 2073 617 2126 devotionem
638 2072 822 2127 enodandam.
861 2074 920 2127 Sed
941 2069 1125 2127 Chri-bulla
1152 2069 1282 2139 praelatis
1306 2069 1482 2124 ecclesiarum
1508 2070 1536 2124 in
1557 2072 1742 2128 remissionem
1761 2093 1877 2145 pecean-

190 2170 256 2229 nus,
275 2161 357 2230 ajunt
372 2159 546 2223 aduersarii,
564 2159 595 2212 in
614 2158 666 2211 hoc
685 2168 859 2213 armamento
879 2159 955 2212 dhreo
975 2166 1021 2228 est,
1033 2134 1036 2191 l
1047 2156 1115 2210 tium
1138 2173 1167 2210 se
1191 2156 1336 2227 injungere
1359 2156 1469 2220 asserit,
1496 2161 1602 2212 uttam
1620 2159 1757 2214 excelsum
1776 2168 1877 2216 ettam

191 2255 222 2301 ut
242 2254 376 2312 sumatur,
396 2262 451 2297 non
468 2252 499 2297 ut
520 2252 668 2298 ostentetur
681 2254 707 2299 et
720 2246 956 2316 circumforatam
971 2248 1023 2298 scd
1048 2241 1196 2312 gloriosum
1219 2241 1320 2296 festum
1347 2243 1462 2314 singulis
1490 2244 1569 2298 annis
1591 2245 1689 2300 devote
1707 2264 1739 2300 ac
1760 2247 1878 2303 solenni·

191 2327 256 2389 aar?
276 2339 340 2383 saint
361 2330 515 2399 audiendi,
541 2332 590 2399 qui
612 2331 688 2385 cirea
708 2332 767 2386 Dei
790 2341 815 2385 et
835 2340 1022 2385 samaritanic—
1048 2337 1090 2383 ter
1115 2327 1276 2383 celebretur.
1314 2329 1347 2383 ld
1368 2329 1510 2384 Pomerius
1527 2330 1556 2384 in
1574 2333 1630 2386 suis
1648 2335 1819 2390 sermonibus
1840 2336 1880 2391 sic

190 2437 254 2473 rum
276 2417 380 2472 mltum
403 2416 496 2470 omnia
519 2417 619 2471 reduci
640 2418 735 2471 volunt
760 2420 800 2472 ad
817 2425 950 2472 vetretum
967 2435 1022 2471 rno-
1049 2414 1184 2484 explicat:
1212 2414 1328 2478 Quando
1348 2414 1429 2470 homo
1446 2416 1579 2471 contritus
1597 2419 1626 2471 in
1644 2417 1691 2473 illo
1709 2420 1780 2476 festo
1798 2423 1880 2477 inter-

192 2522 262 2573 raso,
280 2522 336 2557 uon
355 2504 426 2558 enim
445 2520 554 2572 semper
573 2504 679 2569 melius,
699 2507 775 2574 quod
791 2505 940 2574 antiquius.
977 2504 1022 2559 Sic
1051 2506 1092 2556 est
1117 2500 1217 2556 missae
1243 2506 1270 2555 et
1289 2502 1454 2571 processioni
1473 2509 1501 2557 et
1519 2503 1630 2559 exhibet
1647 2506 1786 2561 solennem
1804 2526 1879 2564 reve

193 2608 260 2665 ergo
285 2589 478 2660 antiquitatem
500 2606 550 2658 pro
573 2588 655 2644 libitu
678 2590 854 2660 conculcant,
887 2590 934 2661 qui
957 2589 1023 2644 alibi
1050 2587 1166 2641 rentiam
1193 2593 1364 2643 sacramento
1393 2588 1619 2661 circumgestato3
1648 2597 1714 2645 tune
1739 2592 1787 2647 illo
1805 2594 1881 2649 cultu

193 2678 234 2733 nil
256 2675 309 2752 nisi
333 2674 525 2746 antiquitatem
545 2673 574 2727 in
592 2692 639 2730 ore
657 2675 769 2732 habent.
806 2683 829 2731 2.
849 2676 917 2730 Cum
932 2683 1024 2731 tamen
1051 2679 1078 2727 ct
1108 2690 1191 2742 opere
1222 2679 1342 2728 merctur
1374 2680 1403 2728 et
1437 2676 1612 2745 consequitur
1648 2677 1766 2747 plurima
1800 2681 1892 2749 bona,

194 2762 264 2821 serio
288 2764 317 2817 in
336 2760 480 2816 ecclesiam
499 2759 648 2816 celebratio
665 2760 747 2832 hujus
767 2760 829 2816 festi
848 2770 875 2817 et
891 2763 1039 2827 theatrica,
1051 2759 1156 2813 scilicet
1181 2759 1399 2828 acceptationem
1418 2760 1484 2824 Dei,
1508 2761 1737 2827 benedictionem,
1770 2783 1882 2822 conver·

141 2869 145 2880 ·
193 2848 273 2921 panis
294 2847 446 2903 conscerati
465 2845 689 2917 circumgestntio
710 2848 746 2903 sit
761 2848 934 2913 introducta,
964 2834 1155 2971 ideolsionem
1181 2863 1198 2899 a
1220 2850 1346 2915 peccato,
1375 2846 1589 2902 defensationem
1612 2849 1647 2903 ab
1667 2851 1795 2906 omnibus
1813 2854 1883 2924 peri·

190 2952 245 3013 pro
270 2933 419 2987 traditione
448 2931 599 3000 apostolica
624 2930 721 2986 haberi
747 2933 792 2987 vel
816 2935 955 3005 acceptari
978 2953 1025 2991 ne·
1052 2931 1120 2985 culis
1145 2937 1173 2984 et
1195 2931 1290 2994 malis,
1319 2931 1560 2988 fructificationem
1580 2934 1737 2990 meritorum
1757 2945 1784 2993 et
1802 2956 1883 2993 exau-

115 3080 118 3085 ,
195 3019 264 3095 quit.
307 3019 425 3074 Azoriru
447 3016 509 3074 libr.
535 3024 559 3073 8.
580 3018 665 3075 instit.
683 3019 778 3072 moral.
796 3035 819 3073 c.
839 3026 863 3077 6.
882 3020 953 3075 inter
970 3026 1025 3076 tra·
1052 3019 1192 3084 ditionem,
1211 3017 1285 3088 quod
1302 3022 1370 3070 tunc
1388 3018 1477 3089 magis
1496 3021 1641 3074 exauditur·
1659 3022 1753 3088 oratio.
1773 3025 1884 3093 quando

196 3106 313 3164 ditiones
344 3103 631 3175 circumgestationem
661 3104 737 3157 illam
770 3105 869 3160 refert:
924 3108 1026 3162 Tradi·
1052 3109 1252 3159 sacramentum
1264 3121 1393 3174 praesens
1408 3105 1644 3177 circumgestatur,
1656 3116 1687 3162 ut
1698 3109 1726 3162 in
1738 3110 1881 3167 incendiis.

194 3178 283 3250 dona
293 3199 407 3247 nostrae
421 3188 623 3245 ecclesiasticae
636 3189 754 3258 (scribit)
767 3202 831 3244 sunt
848 3192 1025 3262 hujusmodi:
1052 3191 1088 3245 Et
1104 3208 1185 3262 quam
1198 3196 1403 3262 praeposterum
1418 3198 1468 3259 est,
1482 3192 1747 3263 quodBellarminus
1760 3197 1885 3267 disputat

194 3289 260 3337 eota
280 3278 446 3347 dissolvere,
468 3276 658 3346 juramentum
679 3277 823 3342 relaxare,
854 3281 1026 3335 canonizatio
1038 3274 1041 3281 ’
1052 3277 1069 3330 l.
1082 3284 1106 3333 4.
1120 3278 1154 3332 de
1167 3276 1244 3332 cuch.
1257 3294 1280 3330 c.
1298 3283 1336 3332 18.
1349 3287 1551 3332 sacromentum
1563 3281 1757 3349 eucharistiae,
1770 3287 1884 3351 quaudo

195 3375 370 3430 adadorum,
398 3364 550 3419 aravatio
569 3364 769 3434 eucharistiae,
794 3367 1026 3436 circrrmqestatio.
1047 3367 1133 3433 ,juxta
1145 3363 1251 3417 Christi
1267 3364 1468 3417 institutionem
1485 3383 1553 3419 vero
1570 3368 1627 3428 ride
1644 3368 1790 3437 coemitur,
1809 3389 1885 3423 anan-

196 3453 283 3526 Atqui
305 3452 328 3506 si
352 3452 420 3505 haec
440 3456 512 3505 esset
530 3448 642 3505 traditio
661 3452 825 3522 apostolica,
850 3470 905 3508 non
923 3454 1027 3524 potuis·
1055 3454 1175 3504 (lucatur
1199 3468 1233 3502 ac
1255 3450 1370 3517 bibitur,
1398 3469 1453 3503 non
1473 3453 1602 3515 conferre
1619 3454 1807 3508 remissionem
1820 3474 1886 3526 pcc·

197 3547 239 3596 ast
255 3554 315 3594 csse
333 3543 375 3591 tot
393 3535 493 3590 seculis
512 3536 628 3605 occulta,
647 3554 710 3592 cum
724 3545 872 3593 concernat
886 3540 1024 3609 publicam
1054 3545 1178 3590 eoronam
1196 3536 1371 3599 mortalium,
1388 3553 1451 3589 cum
1469 3540 1561 3590 tamen
1579 3536 1632 3590 hoc
1651 3539 1828 3595 celebrationi
1847 3542 1885 3597 fe·

198 3630 226 3680 et
250 3623 390 3678 solennem
413 3621 477 3676 festi
499 3620 720 3679 celebrationem.
763 3629 785 3678 3.
805 3623 960 3679 Celebratio
979 3596 1089 3721 Ιηι-ἱεῐί
1122 3624 1158 3677 ab
1189 3620 1346 3675 hominihus
1378 3622 1550 3692 excogitatae
1581 3622 1713 3680 tribuant.
1761 3636 1784 3680 9.
1815 3628 1884 3681 Cum

193 3714 241 3783 jus
268 3710 347 3772 festi,
375 3714 457 3778 prout
487 3707 516 3761 in
538 3716 643 3778 papatu
670 3710 772 3765 usitata
798 3718 851 3775 est,
884 3711 1029 3766 confirmat
1054 3709 1190 3764 theatrica
1213 3708 1435 3778 circumgestatio
1462 3714 1491 3762 et
1519 3709 1665 3764 ostentatio
1687 3711 1765 3779 panis
1792 3730 1886 3768 conse-

197 3797 447 3867 normannensis,
471 3793 560 3847 altera
582 3794 654 3849 enim
674 3801 782 3848 tantum
801 3797 914 3866 species,
934 3799 1028 3853 videli·
1055 3797 1124 3850 erati
1146 3795 1313 3849 destituatur
1336 3795 1467 3848 mandato
1495 3793 1561 3861 Dei,
1593 3795 1655 3851 ideo
1680 3814 1735 3850 non
1752 3798 1886 3854 immerito

197 3887 242 3939 cet
266 3879 347 3952 panis
372 3885 560 3946 consecratus,
589 3888 686 3935 contra
709 3881 907 3937 institutionem
927 3883 1029 3940 Christi
1040 3904 1044 3977 ι
1056 3883 1195 3938 confertim
1220 3900 1282 3935 cum
1305 3885 1508 3953 μοσχολατρείᾳ
1531 3881 1719 3936 Israiilitarum
1737 3883 1825 3941 Exod.
1845 3892 1876 3940 32

199 3966 369 4041 proponitur.
415 3974 439 4023 4.
462 3964 611 4020 Theatrica
633 3965 682 4020 illa
703 3967 784 4036 panis
805 3970 957 4023 consecrati
978 3971 1105 4055 cir-:per
1132 3986 1214 4040 quam
1235 3985 1304 4023 uero
1329 3968 1390 4021 Deo
1420 3965 1543 4032 Israelis,
1572 3967 1674 4037 quiex
1691 3968 1822 4040 Aegypto
1840 3989 1886 4026 eos

200 4053 383 4126 cumgestatio
401 4057 429 4108 ct
446 4051 593 4106 ostentatio
610 4051 638 4104 in
657 4051 710 4107 hoc
728 4052 799 4108 festo
820 4057 921 4109 usitata
942 4066 1029 4112 mans·
1041 4058 1044 4187 q
1056 4057 1201 4111 eduxerat.
1229 4055 1329 4109 servire
1347 4053 1505 4120 voluerunt,
1524 4053 1571 4107 sed
1591 4055 1657 4124 quia
1675 4054 1720 4109 hic
1737 4057 1827 4110 cultus
1848 4059 1887 4110 di·

199 4142 254 4199 fcrt
290 4144 492 4195 sacramentum
526 4154 559 4192 ex
596 4155 647 4191 usu
684 4138 814 4194 divinitus
845 4143 971 4199 instituto
1001 4144 1029 4198 in
1056 4142 1119 4196 rino
1146 4142 1277 4195 mandato
1306 4140 1432 4195 carebat.
1460 4139 1522 4192 ideo
1548 4139 1601 4192 fuit
1624 4141 1778 4195 idololatria
1804 4151 1831 4197 et
1852 4146 1887 4197 ad

200 4228 335 4283 actionem
374 4225 457 4296 plane
492 4224 628 4278 diversam
661 4242 679 4278 a
712 4224 813 4280 Christi
843 4227 1124 4297 iustitutionepiram
1144 4227 1235 4280 Deum
1256 4224 1424 4296 provocavit.
1454 4223 1525 4278 Item
1538 4243 1600 4280 eum
1612 4226 1724 4281 historia
1743 4235 1764 4283 t.
1779 4228 1851 4282 Sam.
1863 4239 1886 4285 t.

200 4312 280 4387 panis
306 4311 377 4367 enim
404 4315 579 4376 consecratus
597 4327 651 4364 non
671 4311 857 4381 distribuitur,
882 4332 936 4369 non
955 4334 1030 4370 man·
1057 4314 1104 4368 ubi
1132 4329 1224 4367 arcam
1258 4310 1370 4364 Domini
1402 4315 1511 4380 praeter
1539 4311 1653 4366 verbum
1678 4320 1706 4367 et
1728 4310 1886 4368 mandatnm

200 4398 332 4465 ducatur,
359 4397 407 4451 sed
433 4396 673 4468 circumgestatur,
698 4401 851 4453 ostentatur
874 4401 954 4454 etad
973 4402 1031 4472 cul-
1057 4400 1207 4455 intentione
1232 4415 1286 4451 non
1310 4395 1383 4449 mala
1403 4402 1430 4450 et
1447 4399 1644 4468 consequentia
1663 4399 1810 4454 admodum
1827 4419 1887 4471 pro·

198 4490 258 4540 tum
291 4481 459 4537 adorationis
494 4482 661 4553 proponitur.
710 4490 731 4539 5.
764 4482 919 4539 Celebratio
947 4486 1031 4559 hujus
1057 4485 1143 4542 babili
1164 4484 1306 4539 Israelitae
1326 4482 1482 4548 adducunt,
1510 4492 1542 4538 ut
1562 4486 1715 4540 subsidium
1736 4486 1773 4542 sit
1791 4488 1886 4542 adver·

200 4568 263 4626 festi
287 4568 384 4624 nititur
407 4567 489 4623 unice
510 4566 562 4622 hac
580 4567 739 4639 hypothesi,
767 4572 841 4641 quod
860 4570 984 4627 Christus
1003 4573 1030 4629 in
1057 4591 1103 4626 sus
1121 4571 1241 4625 hostium
1256 4569 1390 4638 impetus,
1411 4569 1460 4623 sed
1477 4569 1538 4625 Deo
1557 4573 1585 4626 id
1602 4573 1712 4627 minime
1732 4572 1838 4642 placuit
1855 4591 1886 4626 nc

199 4671 273 4726 pane
304 4654 367 4722 illo,
398 4652 509 4725 quando
536 4654 778 4727 circumgestatur‚
819 4664 972 4712 ostentatur
1004 4667 1031 4714 et
1058 4658 1130 4712 male
1154 4657 1221 4727 ipsis
1250 4655 1338 4709 cessit.
1385 4661 1423 4711 10.
1448 4655 1534 4713 Recte
1556 4657 1641 4728 igitur
1665 4659 1760 4713 scribit
1784 4659 1884 4729 Georg.

201 4740 344 4809 adoratur,
363 4756 419 4794 non
436 4739 525 4792 minus
545 4755 609 4794 vers
628 4741 714 4809 adsit,
743 4759 826 4812 quam
844 4742 873 4796 in
893 4761 945 4798 usu
963 4744 1031 4799 divi·
1058 4742 1212 4798 Cassander
1235 4741 1292 4811 (qui
1316 4740 1493 4797 Ferdinando
1517 4750 1546 4798 et
1570 4743 1757 4799 blaximiliano
1782 4745 1818 4801 ll.
1838 4747 1885 4799 im-

200 4826 275 4881 nitns
304 4825 447 4889 institut03
473 4825 533 4894 Jam
564 4841 629 4879 vero
658 4825 764 4880 nullum
790 4834 880 4882 exstat
907 4828 1031 4898 verbum,
1057 4825 1230 4900 peratoribus
1253 4844 1334 4880 carris
1359 4833 1386 4881 et
1408 4836 1504 4899 gratus
1526 4829 1589 4895 fuit)
1613 4829 1641 4881 in
1661 4831 1805 4885 consultat.
1825 4850 1885 4902 cap.

200 4911 278 4967 nulla
300 4910 458 4983 promissio,
485 4910 559 4980 qnod
584 4908 708 4965 Christus
732 4912 760 4965 in
784 4913 836 4967 tali
856 4914 963 4969 actione
982 4932 1031 4969 suo
1057 4915 1092 4967 de
1118 4912 1319 4980 circumgestat.
1355 4932 1381 4984 p.
1409 4921 1470 4970 174:
1504 4913 1693 4979 Consuetudo,
1721 4936 1776 4985 qun.
1800 4920 1886 4988 punis

201 5014 314 5068 corpore
335 5003 363 5052 et
380 4996 514 5069 sanguine
532 4997 629 5051 adesse
649 4997 722 5067 velit,
741 4998 812 5054 sicut
831 5000 858 5054 in
874 5016 1031 5056 ususaerae
1057 4999 1241 5052 eucharistiae
1268 5000 1296 5052 s'n
1320 5001 1436 5069 publiea
1455 5017 1562 5072 pompa
1580 5003 1745 5068 conspicuus
1769 5007 1885 5057 cirrum-

201 5100 303 5137 coenae
327 5101 357 5137 se
382 5084 542 5138 adfuturum
561 5083 695 5154 promisit.
733 5085 815 5140 Fides
833 5085 930 5140 nititur
946 5086 1031 5141 verbo
1049 5087 1148 5153 fertur
1167 5102 1201 5136 oc
1214 5084 1323 5154 passim
1341 5088 1462 5141 omuirsm
1480 5085 1617 5141 nominum
1635 5089 1723 5141 002112'8
1741 5091 1886 5156 tripertito,

201 5168 403 5237 promissionis,
434 5169 612 5224 institutionis
644 5176 672 5225 et
703 5171 881 5226 ordinationis
914 5172 1030 5227 divinae.
1052 5178 1171 5241 practer
1196 5180 1315 5225 ceterum
1337 5191 1440 5227 morem
1467 5179 1493 5226 ct
1511 5176 1624 5222 meatem
1647 5172 1725 5227 houd
1742 5176 1783 5227 itu
1800 5178 1885 5245 leupo

201 5254 264 5309 dam
291 5272 356 5309 vero
381 5256 416 5308 de
443 5258 598 5326 praesentia
618 5256 721 5311 Christi
742 5257 859 5329 inpane
880 5258 1031 5328 circumge-
1057 5264 1178 5325 tempore
1201 5258 1316 5312 inducta
1343 5268 1368 5312 ct
1395 5264 1505 5325 recepta
1528 5253 1655 5319 uidetur,
1683 5260 1731 5312 illi
1746 5262 1816 5314 carim
1835 5263 1886 5316 hoe

200 5344 273 5395 stato
298 5345 326 5393 ct
347 5346 483 5396 ostentato
510 5342 616 5396 nullum
634 5349 724 5397 exstat
738 5342 852 5397 verbum
873 5342 1031 5413 promissio·
1057 5344 1217 5410 mysterium
1242 5346 1272 5396 io
1294 5351 1373 5397 tanta
1395 5341 1528 5410 religione
1549 5345 1575 5390 ct
1593 5331 1767 5399 ueneratione
1787 5349 1885 5402 habue-

200 5425 244 5480 nis
270 5441 303 5479 ac
326 5424 512 5481 institutionis.
548 5428 624 5501 Ergo
648 5428 711 5483 talis
736 5429 809 5484 actio
829 5445 884 5482 non
903 5429 1031 5501 procedit
1056 5436 1133 5484 mint.
1162 5436 1192 5482 ut
1215 5447 1248 5482 nc
1275 5431 1315 5483 ool
1337 5427 1531 5496 inspectionem
1549 5424 1659 5491 qrtidem
1677 5433 1738 5499 ejus
1757 5435 1884 5487 admitte·

201 5529 235 5568 ex
258 5511 329 5582 fide,
357 5514 433 5580 quod
458 5518 549 5567 autem
572 5533 628 5570 non
640 5518 673 5581 fit
691 5533 723 5569 ea
735 5516 811 5586 fida,
838 5515 902 5569 Deo
915 5516 1030 5585 placere
1057 5522 1127 5583 rent,
1147 5518 1204 5570 nisi
1217 5516 1322 5580 fideles,
1344 5531 1413 5585 quos
1432 5510 1539 5567 t'trs'sts'
1555 5514 1676 5567 menstra
1694 5526 1719 5572 et
1737 5520 1812 5574 tanti
1828 5538 1884 5589 my-
