4004 6022
208 217 270 291 las
762 216 1325 280 nocuswcssruussscuunus

207 377 329 448 mdbus,
358 381 451 434 nmen
480 379 575 449 purior
606 383 648 433 est
677 394 760 451 quam
787 376 925 446 Romans,
951 380 983 433 at
1008 392 1041 432 ex
1070 375 1173 430 endum
1203 391 1262 432 esso
1292 374 1433 446 apostolus
1462 373 1606 446 praedicit.
1652 372 1823 446 Cumprimis
1853 373 1906 430 hus

209 464 396 536 superioribus
436 464 553 537 intelligi
591 470 690 536 potest.
747 464 790 519 De
829 464 952 518 conciliis
988 463 1042 517 illis
1069 463 1188 533 pertinet
1206 462 1369 518 vaticinium
1387 462 1423 518 de
1440 461 1611 518 Antichristo
1631 469 1653 518 2.
1672 461 1772 519 'lbera
1791 467 1821 528 2,
1839 466 1905 518 nt

208 551 354 624 papalibus
398 551 465 622 quid
508 551 685 606 statuendum
727 549 780 618 sit,
822 549 889 604 alibi
931 549 1042 620 exponi·
1070 552 1146 618 quod
1168 551 1198 602 in
1225 550 1328 618 templo
1349 550 1410 603 Dei
1429 549 1466 603 sit
1483 565 1621 618 sessums,
1646 549 1699 604 hoc
1719 554 1764 604 est
1781 547 1904 604 domina·

209 642 263 694 tur.
310 637 459 692 Praeterea
494 637 518 691 si
554 653 587 692 ex
622 636 733 692 defectu
773 636 954 691 successionis
987 652 1042 690 uon
1070 635 1172 690 tionem
1196 636 1225 690 in
1252 635 1368 690 ecclesia
1393 634 1446 690 sibi
1470 641 1649 705 arrogaturos
1674 641 1825 706 praetextu
1848 651 1904 691 suo

209 729 300 796 potest
325 729 421 778 contm
443 721 581 779 Graecam
606 723 751 778 ecclesiam
774 722 880 794 aliquid
906 723 1043 787 concludi,
1071 723 1202 777 cessionis
1220 722 1256 777 ab
1276 722 1416 793 apostolis.
1455 726 1477 777 2.
1494 721 1635 792 Exemplis
1652 719 1842 777 historiarum.
1875 719 1905 775 In

210 827 276 882 ergo
311 826 362 864 nec
396 815 494 864 contra
529 816 650 865 noemam
688 811 839 882 quidquam
879 826 911 864 ex
948 811 1043 866 eodem
1071 811 1187 865 ecclesia
1209 811 1385 865 Antiocheno
1407 826 1424 864 a
1447 809 1530 864 Petro
1553 809 1680 879 plantata
1706 807 1848 879 episcopis
1867 823 1904 862 or·

210 896 347 968 principio
366 895 494 950 concludi
513 901 614 966 potest.
652 898 681 953 si
700 898 775 952 dicat
792 897 990 960 Bellarminus‚
1015 898 1045 949 in
1071 895 1199 952 thodoxis
1232 896 1364 951 successit
1390 894 1586 950 Samosatenus
1618 894 1829 962 haeresiarcha,
1857 893 1905 949 Pe-

210 982 328 1038 conmlio
356 983 521 1036 Tridentino
546 1001 596 1036 nos
620 1001 678 1038 esse
697 986 860 1050 damnatos,
883 984 1047 1038 remittimus
1073 988 1131 1036 trus
1160 979 1330 1052 Gnaphaeus
1360 979 1563 1051 Eutychianus,
1599 979 1737 1035 Macarius
1766 979 1904 1035 Morcus

210 1087 273 1127 cum
302 1068 338 1122 ad
364 1068 466 1123 librum
483 1068 627 1137 eximium,
656 1070 704 1141 qui
723 1069 835 1139 exponit
855 1086 953 1124 causas
971 1087 1046 1125 recu·
1073 1067 1129 1122 leta
1155 1075 1206 1123 etc.
1250 1066 1284 1121 In
1307 1066 1495 1122 Alexandrina
1520 1065 1637 1121 ecclesia
1660 1067 1696 1120 ab
1721 1065 1857 1136 apostolis
1873 1069 1906 1132 et,

210 1156 264 1212 sati
283 1154 392 1210 concilii
411 1154 585 1218 Tridentini,
609 1173 627 1209 a
645 1156 807 1227 proceribus
824 1156 933 1227 imperii
950 1156 1048 1228 Augu·
1073 1159 1106 1208 ut
1127 1159 1235 1209 veteres
1259 1155 1387 1220 tradunt,
1415 1153 1544 1208 aMarco
1569 1152 1696 1223 plantata
1716 1157 1906 1207 successerunt

210 1249 307 1298 amnas
332 1240 498 1296 confessioni
523 1241 640 1297 addictis
664 1259 736 1297 anno
758 1248 830 1298 1584.
858 1243 887 1296 in
905 1242 1047 1312 publicum
1074 1238 1211 1311 Georgius
1236 1247 1264 1295 et
1280 1240 1384 1294 Lucius
1404 1239 1516 1304 Ariani,
1539 1238 1689 1293 Dioscorus
1708 1237 1906 1309 Eutychianos

210 1329 324 1397 aditum,
344 1328 413 1398 ipsis
430 1326 580 1382 inferorum
593 1328 679 1397 portis
694 1328 835 1382 invictum.
862 1334 888 1383 5.
902 1329 1047 1383 Ecclesiae
1076 1327 1163 1398 Cyrus
1202 1327 1388 1382 Monotheleta
1422 1333 1473 1382 etc.
1530 1326 1564 1381 In
1602 1323 1907 1393 Constantinopolitano

210 1415 279 1472 illas
311 1415 521 1484 patriarchales
556 1414 685 1467 hamam
714 1432 767 1484 por
807 1416 892 1484 lonpa
921 1423 1048 1485 tempora
1075 1413 1191 1467 ecclesia
1217 1413 1348 1469 Andreas
1371 1417 1563 1468 successerunt
1586 1412 1782 1479 Macedonian,
1813 1410 1906 1466 Nesto·

210 1502 376 1564 manifestos
403 1501 558 1555 haereticos
582 1501 701 1570 ideoque
725 1502 912 1572 interruptum
930 1518 987 1555 esse
1006 1519 1046 1556 uc·
1074 1500 1131 1552 rius
1154 1505 1183 1554 et
1209 1499 1350 1568 Eutyches
1376 1498 1591 1554 haeresiarchae.
1627 1497 1764 1552 Eusebius
1783 1497 1907 1552 Nicoma

124 1580 127 1585 ’
212 1597 301 1644 terum
332 1594 479 1658 pastorum
506 1588 713 1640 successionem.
760 1587 983 1658 Respondemus:
1019 1588 1047 1641 id
1076 1586 1191 1654 diensis,
1218 1586 1380 1639 Eustathiua
1404 1590 1432 1640 et
1454 1585 1501 1639 alii
1526 1582 1623 1639 Ariani
1647 1583 1771 1654 episcopi
1789 1583 1908 1638 locorum

212 1676 303 1746 ipsam
334 1675 368 1730 de
393 1672 524 1728 Romanis
549 1673 726 1744 pontificibus
752 1673 939 1730 demonstrare
958 1675 1047 1745 parati
1075 1672 1236 1743 aediumque
1254 1671 1454 1727 successionem
1473 1672 1509 1726 ab
1527 1670 1659 1741 apostolis
1678 1669 1848 1726 habuerunt.
1879 1669 1909 1725 ln

212 1779 316 1817 sumus.
363 1760 536 1832 Zepherinus
568 1759 622 1816 suit
653 1760 845 1829 Montanista,
871 1761 1048 1816 Marcellinus
1074 1759 1192 1813 ecclesia
1218 1757 1343 1813 Romana
1366 1775 1383 1813 a
1406 1758 1493 1813 Paulo
1515 1763 1543 1813 et
1568 1758 1651 1812 Petro
1672 1755 1792 1811 fundata
1817 1756 1908 1828 quales

213 1849 371 1916 idololatra,
406 1846 533 1902 Liberius
558 1847 691 1912 Asianus,
710 1847 831 1919 vigilius
849 1847 1048 1919 Eutychianus,
1075 1845 1197 1916 episcopi
1220 1845 1417 1914 successerint,
1442 1851 1538 1916 postea
1559 1843 1805 1900 demonstrabitur.
1844 1842 1908 1898 Vin·

103 1943 140 1984 x1.
153 1940 200 1984 tat·
213 1935 352 1991 Honorius
382 1933 571 1990 Monotheleta
597 1940 650 1989 etc.
695 1933 844 1988 Pontifices
869 1934 917 2006 qui
944 1939 1049 2005 tempo·
1075 1931 1182 1986 centius
1202 1931 1294 1988 Lerin.
1314 1932 1377 1989 adv.
1393 1932 1500 1987 haeres.
1520 1949 1544 1986 e.
1564 1936 1611 1987 st:
1638 1932 1665 1985 A
1687 1931 1802 1986 Simone
1822 1931 1908 1998 Moyo

213 2022 290 2077 ribus
316 2020 447 2091 proximis
474 2020 616 2089 vixerunt,
646 2020 741 2092 quales
767 2019 885 2088 fuerint,
918 2018 1049 2075 historiae
1075 2025 1151 2070 uetus
1169 2018 1218 2071 illc
1237 2018 1443 2088 turpitudinum
1462 2035 1563 2089 parpes
1582 2035 1668 2087 usqam
1684 2019 1714 2071 in
1732 2017 1909 2070 noomsiman

213 2107 365 2179 loquuntur
401 2112 428 2162 et
456 2105 648 2162 Hotomannus
677 2106 706 2159 in
737 2105 819 2161 bruto
849 2104 965 2161 fulmine
994 2106 1049 2161 late
1076 2105 1295 2165 Priscillianum,
1318 2106 1451 2159 continua
1479 2113 1504 2160 et
1529 2106 1638 2160 occulto
1660 2105 1836 2158 successione
1856 2121 1908 2157 na·

215 2193 343 2249 ostendit
1076 2191 1160 2247 nouit.
1208 2191 1392 2246 Bellarminus
1421 2191 1481 2262 ipse
1513 2191 1653 2264 agnoscit,
1697 2190 1910 2244 haeresiarchas

87 2291 107 2332 a.
121 2290 176 2331 stus
253 2284 310 2334 192.
346 2283 369 2334 3.
400 2278 457 2335 Ubi
484 2294 538 2332 non
569 2283 612 2332 est
640 2278 778 2334 successio
806 2277 980 2348 doctrinalis,
1011 2278 1049 2332 ibi
1075 2280 1138 2344 sere
1170 2295 1263 2332 omnes
1291 2286 1340 2333 out
1368 2280 1513 2349 episcopos
1537 2287 1586 2332 out
1609 2278 1787 2348 presbyteros
1814 2278 1910 2341 fusiss,

88 2344 201 2435 mic.
215 2365 316 2419 nullius
340 2364 471 2420 momenti
496 2370 538 2418 est
555 2364 692 2420 successio
713 2364 815 2420 localis.
853 2362 941 2436 Atqui
958 2369 1050 2434 potest
1077 2365 1125 2421 lib.
1148 2370 1171 2421 1.
1196 2365 1231 2420 de
1248 2364 1326 2420 Rom.
1351 2365 1473 2435 pontific.
1493 2383 1516 2422 c.
1536 2371 1565 2422 8:
1601 2365 1671 2418 Jom
1690 2382 1757 2418 vero
1776 2382 1835 2418 non
1852 2371 1910 2417 sust

89 2447 194 2537 {iffim
216 2469 276 2508 esse
301 2451 437 2506 successio
461 2450 571 2520 localis,
598 2456 630 2506 ut
651 2452 674 2505 ei
693 2467 749 2505 non
768 2452 804 2506 sit
822 2453 972 2521 conjuncta
990 2468 1050 2506 suc·
1078 2453 1139 2505 ueri
1169 2453 1308 2521 episcopi,
1345 2454 1403 2506 nisi
1432 2455 1481 2523 qui
1513 2454 1711 2507 successionem
1743 2452 1847 2505 hahent
1878 2451 1911 2503 al

89 2546 157 2590 vales.
216 2538 304 2594 cessio
322 2537 492 2606 doctrinalis,
529 2537 605 2609 Ergo
624 2538 720 2594 localis
741 2538 791 2592 illa
812 2536 949 2592 successio
969 2537 1051 2591 desti·
1079 2540 1232 2608 apostolis,
1250 2544 1281 2592 ut
1301 2539 1329 2591 in
1349 2538 1402 2593 hoc
1422 2540 1513 2609 capite
1532 2539 1664 2609 disputat.
1701 2537 1779 2610 Ergo
1795 2537 1848 2607 illi,
1867 2535 1910 2609 qui

217 2630 278 2679 tuta
296 2622 443 2678 doctrinali
462 2625 635 2679 successione
653 2624 756 2678 nullius
770 2629 837 2678 tunc
850 2624 902 2679 erit
913 2622 1051 2690 momenti,
1079 2625 1182 2679 habent
1218 2629 1251 2678 ab
1287 2625 1418 2694 apostolis
1455 2625 1669 2695 successionem,
1705 2631 1826 2695 possunt
1855 2622 1911 2680 fieri

217 2717 245 2767 et
271 2727 320 2781 per
348 2727 518 2780 consequens
545 2716 666 2765 nonest
693 2717 759 2766 nota
788 2712 928 2766 ecclcsiae.
974 2709 1054 2764 Prior
1079 2710 1296 2767 haeresiarchae.
1357 2711 1398 2764 Ex
1435 2711 1534 2781 quibus
1571 2710 1698 2765 omnibus
1735 2709 1911 2766 manifestum

217 2795 430 2868 praemissarum
467 2795 670 2849 demonstratur
708 2813 740 2851 ex
776 2797 829 2852 hoc
863 2796 1051 2852 fundamento.
1079 2805 1134 2867 est,
1165 2797 1366 2851 successionem
1391 2797 1506 2851 localem
1531 2815 1548 2850 a
1573 2797 1746 2852 successione
1768 2795 1912 2851 doctrinali

217 2884 293 2940 Vera
322 2881 439 2937 ecclesia
462 2899 516 2935 non
544 2886 712 2952 potestesse
731 2899 776 2949 ea,
802 2899 874 2954 quae
895 2883 1054 2938 nonhabet
1079 2884 1203 2955 separari
1227 2899 1323 2954 posse,
1350 2898 1384 2937 ac
1408 2883 1523 2953 proinde
1546 2900 1563 2938 a
1586 2883 1760 2938 successione
1777 2883 1860 2938 locali
1878 2882 1911 2938 ad

218 2969 371 3025 doctrinam
398 2984 491 3023 ueram
516 2973 545 3023 et
569 2968 764 3039 apostolicam,
794 2969 897 3041 quippe
921 2976 1055 3041 quaeest
1079 2971 1223 3026 veritatem
1242 2969 1389 3038 ecclesiae,
1410 2986 1482 3041 quae
1500 2970 1559 3026 sine
1577 2971 1722 3025 doctrinali
1741 2971 1913 3026 successione

219 3056 299 3129 quasi
325 3054 417 3110 anima
442 3055 583 3110 ecclesiae.
627 3055 703 3128 Ergo
724 3056 794 3111 nihil
818 3057 893 3112 valet
916 3057 1054 3112 successio
1079 3056 1242 3113 nonhabet
1265 3056 1369 3121 locum,
1397 3056 1612 3128 haudquaquam
1637 3063 1834 3129 argumentum
1852 3059 1912 3114 duci

218 3142 329 3211 localis,
358 3142 412 3196 nisi
443 3144 618 3214 conjunctam
644 3143 747 3198 habeat
772 3159 866 3199 veram
892 3143 1053 3198 doctrinam.
1079 3161 1168 3215 posse.
1486 3151 1489 3158 “

218 3232 384 3302 Agnoscunt
404 3228 457 3283 hoc
482 3229 595 3299 quidum
620 3246 652 3284 ex
671 3229 738 3300 ipsis
757 3229 936 3296 adversariis,
957 3237 989 3283 ut
1006 3245 1053 3301 po·
1116 3235 1174 3286 193.
1204 3229 1282 3284 ldem
1301 3228 1465 3284 confirmant
1484 3229 1523 3299 pii
1542 3236 1656 3293 veteres,
1676 3229 1725 3300 qui
1740 3230 1836 3284 nudae
1855 3247 1911 3302 per·

218 3322 277 3370 stea
298 3313 451 3386 apparebit.
488 3314 628 3369 Posterior
647 3317 858 3386 praemissarum
877 3314 1054 3370 confirmatur
1079 3317 1166 3373 sonuli
1200 3333 1233 3370 ac
1264 3315 1346 3370 locali
1378 3315 1545 3370 successioni
1581 3315 1723 3369 doctrinae
1756 3315 1913 3372 sinceritate

220 3410 241 3458 l.
260 3401 495 3472 praedictionibus
514 3402 681 3473 apostolicis.
706 3403 769 3456 Act
784 3408 825 3472 20,
843 3421 869 3456 v.
882 3408 922 3460 29.
947 3403 1052 3457 Paulus
1080 3403 1229 3458 desutmae
1255 3401 1325 3456 nihil
1352 3401 1515 3456 tribuerunt.
1557 3401 1688 3455 irenaeus
1715 3401 1766 3456 lib.
1801 3409 1825 3458 4.
1853 3403 1955 3460 adasa

217 3487 374 3555 Ephesinae
394 3487 527 3542 ccclesiae
545 3489 724 3559 presbyteros
744 3489 782 3543 sic
804 3489 969 3560 alloquitur:
990 3491 1053 3560 Epo
1079 3489 1152 3544 haer.
1180 3505 1203 3542 c.
1229 3494 1270 3543 43.
1297 3503 1361 3558 pag.
1389 3493 1451 3542 tlt:
1488 3487 1557 3555 Eis,
1585 3488 1683 3556 quiin
1704 3488 1826 3543 ccclesia
1845 3497 1913 3558 urst,

217 3574 295 3627 illud
313 3576 381 3638 scio,
400 3575 482 3642 lupos
499 3591 599 3641 praees
616 3591 672 3627 non
688 3581 836 3644 parcentes
854 3577 935 3645 prepi
948 3577 1053 3647 ingres·
1075 3575 1247 3646 presbyteris
1278 3574 1391 3627 obedire
1420 3581 1528 3642 oportet
1549 3574 1609 3643 his,
1641 3575 1691 3644 qui
1714 3578 1914 3630 successionem

218 3676 300 3713 suros
326 3675 384 3712 esse
411 3660 441 3712 in
462 3677 512 3713 cos
536 3668 599 3728 post
619 3660 769 3713 discessum
784 3677 889 3730 meum,·
921 3679 946 3714 v.
966 3667 1008 3718 34).
1028 3670 1054 3716 et
1079 3664 1178 3717 habent
1211 3662 1247 3715 oh
1274 3661 1423 3730 apostolis,
1457 3661 1530 3714 sicut
1555 3663 1740 3731 ostendimus,
1775 3663 1828 3731 qni
1855 3679 1914 3716 cum

220 3762 252 3799 sn
270 3744 347 3797 robis
365 3745 436 3814 apsis
455 3753 600 3813 essars-pent
618 3746 674 3798 uiri
691 3746 834 3815 loquentes
850 3765 999 3817 peruersa,
1024 3757 1054 3802 nt
1081 3750 1258 3819 episcopatus
1287 3747 1461 3802 successione
1489 3747 1631 3802 charisma
1658 3748 1786 3802 ueritatis
1813 3759 1915 3804 ces-tm

220 3831 362 3884 obducant
381 3830 537 3900 discipulos
554 3839 621 3900 post
638 3847 674 3884 se.
711 3831 765 3885 Hic
784 3832 929 3888 manifeste
947 3835 1053 3905 praedi·
1080 3837 1229 3889 secuudum
1262 3834 1403 3904 placitum
1436 3835 1534 3888 Patris
1565 3843 1748 3905 occeperunt,·
1790 3838 1916 3907 reliquos

220 3916 299 3980 citur,
319 3916 348 3970 in
366 3916 482 3972 ecclesia
500 3915 642 3985 Ephesius
660 3916 796 3987 episcopis
817 3918 975 3973 orthodoxis
994 3937 1053 3974 sue·
1080 3938 1160 3989 vero,
1180 3921 1228 3990 qni
1245 3921 1381 3973 obsistunt
1400 3936 1418 3971 a
1438 3921 1598 3990 principali
1615 3922 1788 3976 sccccessions
1807 3932 1834 3977 et
1852 3941 1915 3993 quo-

220 4017 344 4057 cessuros
364 4020 424 4058 esse
444 4003 528 4058 falsos
543 4002 693 4073 prophetas
706 4012 734 4057 et
745 4004 903 4059 seductores
915 4006 1054 4077 pessimos,
1081 4023 1187 4077 cunque
1205 4007 1266 4062 loco
1287 4007 1468 4077 colliguntur,
1487 4015 1628 4076 suspectos
1642 4008 1752 4074 hahere,
1772 4011 1818 4064 sel
1836 4009 1917 4081 quasi

221 4090 295 4161 quod
307 4090 397 4160 ipsum
411 4095 525 4145 eventus
540 4089 716 4160 postmodum
730 4091 925 4161 comprobavit.
949 4100 970 4149 1.
982 4092 1054 4151 Tim.
1081 4095 1234 4150 haereticos
1252 4101 1277 4147 ct
1296 4093 1388 4146 molae
1408 4093 1573 4158 sententias,
1596 4093 1641 4146 nel
1658 4095 1743 4164 quasi
1759 4096 1915 4151 scindentes

220 4183 251 4242 4,
273 4193 299 4232 v.
322 4183 349 4231 l:
380 4177 563 4246 Temporibus
589 4178 747 4230 nouissimis
774 4180 918 4232 discedent
939 4182 1054 4248 quidam
1081 4190 1107 4235 et
1126 4181 1215 4234 elatos
1232 4188 1259 4233 et
1278 4181 1333 4234 sibi
1345 4180 1507 4249 placentes,
1526 4188 1575 4232 out
1591 4197 1691 4233 rursus
1708 4182 1915 4251 uthppocritos

221 4281 239 4318 a
266 4264 339 4329 fide,
375 4266 547 4317 attendentes
570 4265 716 4334 spiritibus
740 4267 846 4319 erroris
871 4274 896 4319 ct
918 4268 1055 4322 doctrinis
1081 4274 1211 4336 quaestus
1248 4266 1344 4336 pratia
1375 4274 1400 4319 et
1432 4281 1521 4318 ranae
1547 4266 1657 4335 ploriae
1681 4265 1733 4320 hoc
1760 4277 1913 4337 operantes.

221 4351 439 4419 doemoniorum,
459 4367 484 4408 v.
507 4356 530 4407 l.
550 4352 580 4403 in
599 4351 743 4421 hypocrisi
761 4353 929 4421 loquentium
942 4356 1053 4406 menda·
1082 4355 1182 4407 Omnes
1206 4361 1296 4406 autem
1322 4352 1352 4405 hi
1368 4353 1504 4405 decidunt
1523 4369 1541 4404 a
1559 4353 1682 4406 ueritate.
1723 4355 1764 4408 Et
1781 4355 1916 4411 haeretici

220 4438 293 4490 cium
312 4448 364 4493 etc.
395 4455 421 4493 v.
445 4442 477 4493 3:
505 4437 712 4506 prohibentium
736 4439 850 4505 nubae,
876 4440 1014 4493 abstinere
1036 4459 1054 4493 o
1081 4441 1192 4509 qrrs'slem
1222 4439 1345 4492 alienum
1371 4439 1462 4504 ionem
1491 4441 1637 4509 offerentes
1664 4441 1705 4493 ad
1730 4440 1827 4496 altare
1850 4443 1912 4506 Dei,

220 4525 289 4577 cibis
315 4533 365 4579 etc.
394 4524 443 4577 ubi
468 4541 520 4578 vox
542 4525 706 4579 soluimus
732 4526 866 4591 ostendit,
899 4527 1054 4596 pseudodo·
1080 4528 1131 4580 hoc
1149 4533 1188 4579 est
1207 4525 1317 4578 alienos
1336 4525 1493 4592 doctrinas,
1511 4541 1530 4576 a
1546 4525 1660 4579 coelesti
1679 4526 1742 4594 ipss
1759 4530 1914 4582 combures·

220 4619 309 4664 atores
338 4611 400 4664 illos
430 4627 492 4665 curn
525 4611 645 4682 quadam
672 4612 837 4666 auctoritate
854 4617 892 4667 '²et
917 4600 1133 4682 potestate'tur,
1151 4611 1384 4682 quensadmodum
1403 4611 1511 4664 Nudol
1529 4618 1554 4665 et
1569 4611 1672 4666 Abila.
1698 4611 1767 4681 (Ubi
1784 4613 1914 4670 lrenaeus

221 4698 388 4754 coelibatum
407 4703 435 4752 et
455 4699 602 4754 discrimen
623 4698 746 4753 ciborum
766 4699 794 4752 in
812 4700 956 4754 ecclesiam
970 4701 1053 4755 iutro-
1080 4699 1141 4753 illos
1160 4700 1270 4753 demum
1288 4715 1367 4752 seros
1388 4698 1574 4769 apostolorum
1593 4715 1765 4754 successores
1781 4703 1914 4772 agnoscit,

221 4784 365 4852 ducturos,
391 4800 424 4838 ex
445 4801 500 4855 quo
520 4785 700 4857 intelligitur,
729 4785 802 4856 quod
819 4784 906 4840 futuri
925 4785 980 4840 sint
996 4786 1053 4841 illo·
1081 4785 1128 4855 qui
1154 4802 1216 4839 cum
1242 4784 1416 4854 episcopatus
1443 4785 1615 4841 successione
1639 4785 1777 4840 charisma
1793 4787 1914 4843 veritatis

219 4890 280 4925 rum
301 4887 486 4936 successores,
516 4872 563 4943 qui
588 4871 779 4926 auctoritatem
800 4878 828 4926 et
844 4878 1007 4942 potestatem
1026 4872 1055 4926 in
1081 4878 1185 4925 certum
1205 4878 1382 4941 acceperunt,
1409 4887 1443 4925 ac
1462 4871 1557 4941 docet,
1576 4872 1638 4925 illos
1657 4889 1674 4926 a
1691 4872 1841 4943 principali
1858 4890 1914 4929 suc·

220 4958 335 5015 ecclesia
358 4958 492 5014 obtinent.
528 4963 552 5014 2.
578 4956 651 5012 Petr.
680 4962 709 5024 2,
734 4974 759 5010 v.
781 4963 807 5011 1:
848 4961 973 5013 Fuerunt
991 4976 1055 5013 vcro
1082 4958 1205 5012 cessione
1226 4957 1368 5025 absistere,
1388 4958 1436 5028 qui
1454 4975 1553 5012 novam
1569 4964 1597 5012 et
1615 4958 1800 5014 adulterinam
1820 4960 1915 5016 doctd·

220 5053 245 5099 et
278 5044 543 5114 pseudoprophetae
573 5044 602 5096 in
631 5044 755 5114 populo,
781 5046 853 5097 sicut
880 5053 906 5098 et
935 5046 964 5099 in
980 5047 1055 5100 uobis
1080 5061 1144 5097 nam
1162 5043 1321 5114 proferunt,
1342 5044 1414 5099 sicut
1432 5043 1530 5099 Nadab
1548 5051 1576 5099 et
1593 5042 1688 5099 Abihu
1708 5052 1788 5100 erant
1807 5047 1917 5117 quidem

221 5139 302 5185 nsunt
318 5132 450 5199 mopistri
466 5132 622 5199 mendaces,
642 5131 690 5201 qui
704 5132 881 5186 introducent
892 5139 982 5184 sectos
991 5149 1055 5201 per-
1082 5130 1201 5184 Aaronis
1221 5146 1400 5198 successores,
1420 5130 1468 5185 sed
1488 5131 1555 5202 quia
1571 5130 1690 5185 alienum
1709 5131 1805 5202 iguem
1823 5132 1917 5189 offera-

222 5218 346 5272 ditionis.
392 5216 630 5281 Quemadmodum
659 5217 687 5271 in
712 5217 816 5288 populo
838 5217 989 5273 Israiilitico
1014 5236 1055 5274 sa·
1081 5217 1163 5280 bant,
1195 5217 1230 5272 ab
1261 5217 1325 5289 igne
1354 5217 1453 5271 furoris
1481 5216 1566 5271 divini
1594 5218 1847 5288 consumebantur.)
1872 5220 1918 5276 lib.

221 5304 345 5358 cerdotes
364 5304 530 5358 ordinariam
549 5304 749 5358 successionem
765 5304 896 5359 habentes
920 5312 947 5360 et
965 5305 993 5360 in
1012 5321 1055 5359 ca·
1082 5301 1169 5374 ejusd.
1189 5319 1211 5360 c.
1232 5310 1273 5360 44.
1294 5320 1358 5374 pag.
1381 5308 1445 5359 tlt:
1482 5305 1647 5357 Adhaererc
1668 5313 1778 5374 oportet
1796 5308 1849 5376 iis,
1871 5306 1920 5379 qui

221 5391 322 5445 thedra
345 5392 463 5445 Aaronis
487 5391 613 5446 sedentes
637 5391 747 5461 saepius
771 5390 1010 5462 degeneraverunt
1027 5390 1056 5446 in
1083 5397 1108 5444 et
1132 5391 1325 5460 apostolorum
1349 5391 1510 5444 doctrinam
1535 5392 1695 5446 custodiunt
1716 5400 1742 5446 et
1762 5410 1826 5447 cuns
1838 5408 1919 5465 pres·

222 5476 490 5550 pseudoprophetam
526 5477 567 5532 ita
595 5492 705 5549 quoque
722 5476 797 5532 idem
814 5477 844 5531 in
862 5476 895 5534 N.
915 5476 950 5533 Τ.
968 5483 1054 5533 metu·
1085 5478 1186 5548 hyterii
1209 5478 1309 5533 ordine
1333 5494 1484 5533 sermonem
1511 5496 1611 5533 sonum
1636 5486 1663 5533 st
1681 5482 1920 5538 consmats'onsm
