3998 6024
824 195 876 264 bn
893 194 1083 267 iactastis
1122 246 1126 251 -
1732 210 1793 275 ιιι

109 352 272 431 ¹Vincentio,
288 367 400 418 auctora
417 353 548 433 llarialis,
566 359 701 434 discipulo
719 363 754 420 ds
771 369 893 436 tompore
909 369 937 419 st
967 363 1041 417 osias
1059 362 1133 418 adeo
1150 357 1310 436 reiipiasae,
1332 359 1387 420 imo
1407 372 1504 421 eontra
1520 365 1608 421 multa
1618 365 1757 421 scandala
1770 370 1799 441 st

109 447 171 503 aliis
196 448 341 503 collectum
366 448 429 504 vide
448 450 524 520 apud
547 449 582 506 D.
602 450 751 506 Binderum
770 451 798 506 in
815 451 936 522 theolog.
965 451 1068 504 multas
1084 449 1253 521 impietates,
1272 453 1347 506 sande
1365 453 1484 520 uidetur,
1504 455 1580 524 quad
1596 452 1698 522 relisis
1718 451 1795 505 Clari·

110 534 274 590 scholastica
297 552 319 591 c
337 540 360 591 9.
382 554 409 607 p.
428 541 487 593 213.
510 542 538 590 et
560 538 649 608 seqq.)
668 554 731 591 cum
748 555 804 593 non
818 538 856 592 ad
873 555 936 593 con·
964 536 1060 589 utana
1077 554 1133 592 nan
1151 537 1188 591 sit
1205 538 1242 590 iis
1260 538 1331 591 satis
1350 540 1491 592 commode
1511 548 1537 593 ct
1552 540 1602 609 pie
1614 538 1795 608 praedicata,

108 621 290 678 firmationem
304 623 633 694 doctrinaepropheticae
650 631 679 679 et
696 625 870 695 apostolicae,
889 623 938 679 sed
965 629 994 673 ut
1021 623 1070 676 ills·
1093 632 1240 677 teneantur
1262 624 1445 693 acquiescere.
1484 625 1544 691 Quo
1568 624 1689 696 pertinet
1711 623 1795 681 ctiam

110 709 202 782 potius
220 708 256 762 ad
274 709 496 779 depravationem
512 709 586 764 illius
603 709 679 766 lacta
696 709 806 779 fuerint,
823 710 939 766 dubium
964 705 1033 761 illud
1052 708 1173 765 Acestae
1198 708 1244 763 lib.
1265 715 1289 766 6.
1309 709 1346 765 de
1363 727 1471 782 procur.
1505 711 1596 765 lndor.
1615 710 1705 766 salute
1722 726 1747 764 c.
1765 713 1854 765 4:112
1869 715 1912 761 tta

109 811 164 849 non
188 800 242 864 eat,
267 801 330 850 utut
353 796 423 851 mira
439 796 597 864 videantur,
619 795 687 867 quin
704 795 740 850 ab
757 795 817 866 ipso
835 795 939 851 Satana
969 792 1046 854 stae
1067 804 1107 848 est
1130 796 1309 865 praedicatio
1328 799 1448 850 nostra!
1475 815 1545 867 quae
1557 797 1687 866 fiducia!
1711 796 1795 866 siqua

50 896 95 926 ιιι·
109 880 165 936 sint
185 881 318 950 proiecta.
362 887 386 939 6.
407 881 536 954 Denique
558 881 582 936 si
604 882 649 936 vel
667 881 784 937 maxima
801 883 937 953 quaedam
965 879 1046 934 nulla
1067 881 1181 936 edimus.
1207 882 1793 952 c122Nosprodipia,quibuseuanpe·

50 948 96 1030 ’ἔξω
109 983 174 1022 vera
198 975 226 1021 et
248 968 342 1024 divina
365 968 498 1023 miracula
516 968 544 1022 in
566 967 682 1022 ecclesia
698 966 835 1037 Romana,
859 984 938 1039 prae·
965 965 1036 1021 licam
1056 986 1134 1022 uoces
1153 971 1358 1037 confirmemus,
1383 970 1464 1023 uuila
1478 969 1669 1038 producimus.
1700 986 1723 1024 o.
1744 959 1793 1025 ll:

50 1053 67 1133 s,
108 1052 202 1109 satim
228 1055 303 1124 apud
329 1053 414 1110 indos
437 1071 470 1109 ao
496 1054 561 1108 novi
588 1053 662 1108 orbis
691 1054 807 1124 populos
832 1052 937 1122 fierent,
965 1052 1061 1121 Neque
1090 1071 1153 1108 uero
1182 1064 1222 1109 est
1248 1071 1331 1125 opus3
1367 1053 1445 1109 bonis
1474 1056 1604 1125 operibus
1633 1056 1675 1110 ita
1701 1055 1792 1109 lucere

51 1146 79 1185 d·
108 1141 230 1195 nondum
248 1147 340 1197 tamen
359 1139 480 1196 evictum
496 1139 580 1206 foret,
606 1138 698 1193 omnia
715 1147 743 1195 et
761 1140 871 1212 singula
890 1140 936 1195 do·
964 1155 1059 1193 coram
1075 1141 1237 1208 hominibus,
1253 1149 1283 1195 ut
1300 1142 1424 1196 videntes
1438 1142 1593 1212 plasticam
1602 1142 1726 1210 Patrem,
1743 1142 1795 1211 qui

50 1208 94 1237 Μ
107 1227 211 1282 ctriuae
228 1228 340 1296 capita,
368 1243 439 1298 quae
459 1227 487 1280 in
506 1226 623 1282 eodesia
638 1225 764 1280 Romana
780 1243 937 1297 proponun·
963 1225 1168 1292 incoctum,
1192 1229 1226 1282 id
1241 1236 1281 1282 est
1298 1229 1419 1282 omnium
1437 1230 1477 1282 ad
1492 1231 1721 1298 persuadendum
1742 1228 1793 1282 mi·

106 1320 165 1380 tur,
191 1330 250 1367 esse
273 1319 364 1368 certae
387 1329 422 1368 ac
442 1313 573 1368 immotae
589 1312 726 1377 veritatis,
749 1313 885 1384 siquidem
902 1313 937 1367 dc
961 1312 1090 1365 rametam
1109 1314 1339 1382 potentissimum.
1375 1320 1399 1370 3.
1419 1312 1449 1369 Si
1474 1313 1598 1370 Jesuitae
1618 1315 1690 1370 dono
1709 1315 1791 1369 mira·

105 1400 244 1454 miraculis
263 1399 319 1453 illis
337 1399 410 1455 idem
428 1400 484 1454 dici
501 1406 607 1470 posset,
626 1399 700 1471 quod
718 1399 753 1455 dc
768 1398 937 1455 Novatiano-
963 1397 1086 1452 culorum
1108 1399 1235 1455 instructi
1261 1408 1364 1471 essent,
1388 1401 1457 1456 illud
1477 1400 1636 1472 cumprimis
1660 1400 1792 1455 divinitus

104 1503 165 1540 rnm
190 1486 329 1540 miraculis
352 1486 537 1542 Bellsrminus
560 1485 641 1549 dicit,
662 1487 732 1555 fieri
752 1486 859 1540 scilicet
882 1486 936 1539 itia
963 1485 1002 1538 eis
1020 1486 1145 1556 daretur,
1171 1487 1244 1558 quod
1262 1488 1299 1543 ad
1319 1487 1516 1544 convertendos
1533 1486 1658 1543 infideles
1675 1486 1793 1543 maxima

104 1574 146 1625 ad
171 1572 406 1636 continuationem
428 1571 521 1639 itlius,
545 1574 622 1641 qsaad
643 1573 674 1625 in
699 1573 827 1626 doctr-ism
845 1573 937 1630 adhuc
963 1571 1159 1640 necessarium,
1183 1574 1314 1629 videlicet
1337 1574 1528 1631 miraculosum
1549 1573 1687 1629 charisma
1704 1572 1812 1628 varia·-

105 1665 145 1711 est
164 1675 264 1711 sanum
282 1666 364 1726 atque
381 1659 528 1728 inteprum,
545 1666 575 1712 ιιι
592 1659 720 1722 infideles
736 1676 768 1713 eo
780 1659 859 1711 citius
872 1674 935 1711 cau·
963 1675 1023 1712 rum
1043 1657 1216 1729 linguarum,
1241 1661 1470 1732 quemadmodum
1491 1660 1609 1731 apostoli
1628 1660 1664 1714 ad
1684 1660 1793 1732 ignotas

103 1752 247 1798 vertantur
278 1746 320 1798 ad
344 1747 427 1810 fidam
456 1745 575 1809 Christi,
606 1760 780 1817 nequaquam
806 1761 871 1801 vero
898 1745 935 1798 ad
962 1749 1059 1815 gentes
1090 1745 1269 1814 praedicandi
1297 1747 1435 1819 evangelii
1462 1764 1528 1820 ergo
1557 1746 1631 1801 missi
1661 1745 1793 1800 divinitus

103 1829 338 1887 confirmationem
366 1829 456 1898 illius,
487 1831 561 1902 quod
587 1831 616 1885 in
645 1831 769 1887 doctriua
794 1831 935 1887 Romanae
962 1830 1009 1884 illo
1029 1830 1101 1885 dono
1118 1830 1325 1887 instruebantur
1346 1832 1411 1890 Act.
1430 1838 1459 1900 2,
1483 1851 1509 1888 v,
1528 1839 1553 1890 l.
1597 1831 1651 1888 Sed
1667 1831 1793 1888 Jesuitss
1888 1902 1890 1909 Ι

103 1917 237 1972 ecclcsiae
261 1923 302 1971 est
323 1918 502 1987 depravatum
522 1923 551 1972 et
572 1925 738 1989 corruptum.
773 1917 934 1984 ”Constat
961 1914 1014 1985 ipsi
1033 1923 1253 1988 conqueruntur,
1280 1936 1310 1973 ss
1332 1919 1404 1975 dono
1423 1919 1470 1974 illo
1491 1918 1638 1975 destitutos
1657 1925 1740 1989 atque
1758 1932 1792 1972 ex
1857 1955 1860 1959 .

103 2003 168 2058 olim
185 2002 308 2059 iudaeos
332 2010 360 2059 ct
376 2004 577 2073 samaritanos,
599 2021 669 2075 quos
693 2021 739 2060 rex
756 2004 933 2074 Assyriorum
964 2018 996 2056 eo
1015 2018 1070 2056 non
1087 2003 1237 2059 mediocres
1249 2021 1370 2060 remorae
1387 2005 1417 2059 in
1429 2004 1620 2061 convertendis
1636 2001 1793 2059 infidelibus

103 2090 232 2145 abductis
249 2090 343 2146 decem
362 2090 491 2144 tribubus
508 2089 538 2145 in
556 2090 637 2146 tenis
655 2090 712 2145 suis
730 2090 856 2161 reliquit,
880 2107 934 2145 non
962 2087 1015 2142 sibi
1040 2088 1130 2159 objici.
1172 2088 1260 2146 Niool.
1279 2091 1408 2147 Pimenta
1432 2091 1461 2144 in
1486 2091 1566 2161 epist.
1592 2090 1628 2145 ad
1646 2089 1792 2145 Claudium

104 2176 235 2233 babuisse
258 2192 356 2246 puram
377 2177 537 2247 religionem
557 2181 585 2232 et
603 2177 706 2231 cultum
724 2176 780 2231 rori
800 2175 868 2246 Dei,
894 2176 934 2231 ni·
961 2173 1070 2244 Aquas.
1098 2194 1126 2246 p.
1146 2182 1191 2232 ll:
1217 2178 1338 2232 Nostrae
1357 2176 1499 2232 societatis
1517 2184 1603 2246 pater
1624 2176 1793 2230 Flanaisaus

104 2262 161 2317 hilo
188 2268 281 2317 tamen
303 2262 393 2316 minus
410 2262 488 2317 Deus
509 2261 584 2316 misit
602 2262 694 2318 leones
713 2263 741 2317 in
759 2262 889 2333 Assyrios
908 2267 936 2317 et
962 2257 1046 2315 Corsi
1065 2263 1367 2334 sicscsibitadsuos,
1388 2272 1468 2333 totus,
1487 2263 1710 2334 imperitissimis
1723 2263 1793 2316 Pes·-

104 2347 172 2402 alias
196 2347 315 2403 exoticas
338 2355 435 2419 gentes
460 2349 489 2401 in
507 2348 658 2409 Samariam
678 2348 863 2418 introductas,
887 2366 933 2419 pe·
960 2347 1018 2400 sico
1039 2348 1172 2403 idiomate
1191 2351 1373 2405 adducendo.
1407 2349 1479 2405 Ibid.
1498 2368 1524 2422 p.
1537 2355 1582 2406 80:
1607 2348 1792 2413 dessviom

104 2435 194 2505 percit
212 2450 276 2489 vero
294 2433 446 2505 indigenis3
464 2451 536 2490 aune
553 2433 591 2488 ad
608 2433 841 2490 confirmationem
857 2435 935 2507 impii
961 2434 1002 2487 ad
1018 2435 1223 2490 conversionem
1240 2437 1351 2505 attinet,
1374 2437 1441 2491 uitio
1459 2455 1518 2491 meo
1536 2444 1629 2507 utpote
1648 2436 1792 2491 idiomatis

104 2520 214 2575 cultus?
231 2537 414 2592 nequaquam.
434 2520 482 2575 ssd
499 2519 779 2577 adconfirmationem
793 2521 935 2594 religionis
961 2519 1074 2589 tanaro,
1105 2522 1195 2591 inquit
1216 2531 1302 2593 pater
1327 2519 1507 2589 resumam,
1537 2540 1641 2593 parum
1666 2524 1791 2593 effectum

103 2606 241 2662 iudaicae
259 2607 288 2661 in
304 2607 368 2678 lege
384 2605 644 2677 comprehensas.**
961 2614 1009 2660 est.
1045 2608 1150 2662 Acosta
1175 2606 1221 2663 lib.
1246 2615 1269 2665 1.
1296 2608 1331 2664 ds
1355 2609 1449 2665 Indor.
1474 2610 1552 2664 salut
1576 2625 1684 2681 procur.
1710 2626 1733 2664 c.
1760 2613 1789 2662 ιι

50 2727 65 2758 ι.
140 2698 197 2749 285.
236 2692 418 2748 Bellarminus
439 2692 605 2747 enumeratis
624 2691 701 2763 prius
720 2692 875 2764 quindecim
894 2709 935 2749 se·
962 2693 1081 2762 Ferunt,
1106 2694 1174 2748 olim
1201 2697 1378 2765 septuapinta
1404 2697 1507 2765 linquis
1533 2697 1679 2760 sentimum
1700 2695 1792 2760 fuisse

50 2821 82 2862 ω
103 2781 227 2835 culorum
250 2780 390 2834 miraculis
416 2779 583 2850 (dequibus
603 2797 636 2834 cx
653 2786 736 2834 antea
753 2779 834 2835 dictis
851 2778 934 2834 facile
961 2797 1046 2848 penus
1072 2781 1250 2851 mortalium,-
1279 2789 1309 2836 at
1328 2783 1398 2837 Indi
1421 2783 1601 2852 septinpentis
1627 2790 1651 2836 ιι
1678 2798 1709 2836 ιι
1734 2798 1791 2834 am·

50 2888 61 2907 r
100 2866 222 2938 judicari
243 2868 347 2937 potest)
365 2874 460 2920 nostro
480 2866 629 2918 etiamnum
642 2866 806 2934 temporeis
817 2866 934 2919 ecclesia
955 2866 1037 2934 plius
1053 2865 1127 2920 inter
1150 2884 1180 2921 se
1203 2870 1365 2939 discrepant
1383 2869 1494 2936 linquis.
1512 2868 1563 2926 lib.
1582 2874 1605 2925 4.
1629 2885 1653 2924 c.
1672 2873 1715 2924 83ι
1730 2867 1791 2931 Qua

50 2934 91 3019 ir„
102 2954 233 3008 Rornanu
246 2953 386 3006 miracula
398 2952 462 3016 tisri
478 2952 628 3020 gloriatur.
657 2952 827 3006 Hocnostro
841 2952 934 3006 seculo
960 2970 992 3006 eu
1019 2969 1050 3005 re
1074 2956 1269 3022 praedicando
1294 2955 1377 3009 serbo
1402 2956 1462 3009 Dei
1486 2955 1684 3024 impedimenta
1711 2954 1791 3008 nobr's

50 3039 73 3069 ¹¹·
102 3041 215 3112 (inquit)
241 3040 347 3095 claruit
372 3040 520 3093 miraculis
541 3040 676 3108 plurimis
701 3039 872 3093 stancr'scus
898 3040 933 3092 de
959 3039 1059 3106 prusia
1088 3040 1166 3106 fiunt.
1198 3057 1222 3096 c.
1249 3046 1278 3096 9:
1311 3043 1378 3096 Nom
1403 3041 1491 3111 ipitur
1518 3041 1655 3095 immerito
1678 3048 1791 3095 amaras

101 3128 213 3195 Paula,
240 3135 270 3180 ιιι
293 3134 383 3179 exstat
410 3127 439 3179 iu
464 3126 543 3178 bulla
568 3127 648 3194 apud
674 3124 803 3194 Surium,
830 3125 933 3178 claruit
959 3125 1099 3178 societatis
1122 3127 1262 3190 fundator
1282 3127 1412 3195 Ipnatius
1426 3127 1546 3181 Indicae
1564 3127 1678 3196 linquae
1696 3126 1789 3181 lectio·

100 3216 187 3268 etiam
214 3214 244 3267 in
271 3213 365 3266 indiis
391 3213 467 3265 omui
494 3228 594 3281 ponere
622 3212 822 3266 miraculosum
850 3219 932 3280 pater
959 3228 1006 3264 uss
1029 3212 1160 3281 publicas
1181 3215 1340 3283 praecepit,
1364 3222 1427 3267 sunt
1452 3213 1524 3268 anim
1541 3231 1681 3283 perquam
1698 3227 1789 3267 neces·

100 3300 273 3353 Franciscus
284 3298 423 3352 Xaeers'us
442 3297 581 3353 sociastis
594 3298 665 3350 Jesu
679 3298 832 3367 presbyter.
864 3297 933 3352 Can·
958 3297 1039 3351 saria
1056 3298 1111 3351 ista
1125 3300 1283 3368 praesidia,
1301 3308 1332 3353 ut
1340 3301 1472 3366 facultas
1481 3308 1598 3370 paretur
1610 3299 1688 3354 verbi
1700 3299 1790 3354 diuini

100 3395 158 3440 stat
182 3387 254 3440 enim
276 3402 309 3439 su
326 3385 438 3439 Indicis
458 3385 562 3453 literis,
587 3400 657 3453 quas
681 3384 716 3452 ii,
743 3385 793 3453 qai
815 3401 876 3437 cum
899 3400 931 3438 eo
959 3385 988 3436 irs
999 3384 1122 3452 pentibus
1133 3386 1331 3440 annuntiandi.
1354 3384 1653 3457 steriusipssliba.
1670 3385 1786 3455 epistt:

100 3474 297 3541 versabantur,
321 3472 374 3525 Ῑιιιι
391 3472 537 3540 miseruut,
564 3471 599 3524 ab
617 3486 650 3524 eo
664 3471 853 3540 paralyticos,
870 3488 931 3524 sur-
959 3469 994 3523 ss·
1011 3488 1062 3524 nos
1082 3470 1207 3541 linquam
1223 3473 1387 3527 calleremus
1405 3473 1589 3543 doposcimus,
1607 3489 1664 3526 non
1680 3472 1786 3536 dutus,

101 3562 162 3628 dos,
180 3568 277 3623 mutas,
296 3575 391 3612 coecos
409 3574 469 3611 ιιιι
486 3565 607 3622 curatos,
624 3565 762 3610 mortuum
773 3574 879 3627 quoque
892 3559 933 3610 ad
958 3558 1025 3627 quin
1043 3559 1162 3627 plurimi
1179 3559 1276 3622 fierent
1296 3558 1459 3626 Christiani,
1476 3561 1553 3625 fauit
1566 3562 1653 3629 Deus,
1672 3567 1701 3612 ut
1712 3558 1789 3614 treas·

98 3648 187 3700 edom
202 3653 361 3707 reuocatum
383 3653 409 3698 et
427 3662 488 3697 cum
507 3651 633 3697 mortuus
652 3645 813 3708 deferretur
830 3645 871 3697 ad
888 3643 931 3696 in·
959 3660 1020 3695 cam
1045 3644 1239 3711 addiscamus,
1262 3653 1321 3699 tum
1340 3647 1451 3700 demum
1466 3645 1593 3715 aliquam
1610 3643 1788 3700 Christianae

97 3733 191 3786 usiam
215 3731 306 3786 Goam
331 3748 363 3785 ea·
387 3731 538 3798 Maiaeca,
563 3730 651 3782 maris
678 3737 865 3799 tempestatem
889 3747 929 3784 se·
958 3729 1002 3783 rei
1018 3731 1180 3785 meabimus
1197 3749 1325 3803 operam,
1349 3750 1415 3786 uam
1432 3750 1504 3786 nunc
1521 3733 1633 3802 quidem
1650 3732 1723 3786 inter
1740 3749 1788 3788 eos

99 3821 205 3888 datam
226 3817 344 3886 denique
363 3835 465 3886 cuspus
484 3817 546 3885 ejus
559 3822 628 3884 pau
647 3817 681 3867 15
696 3831 800 3868 menses
814 3834 832 3868 a
845 3824 930 3870 nrorte
959 3824 1090 3886 tauquam
1114 3826 1207 3872 mutae
1230 3826 1339 3872 statuae
1363 3836 1508 3873 versamur
1529 3824 1581 3873 etc.
1628 3817 1698 3874 Cum
1720 3830 1788 3891 argo

98 3905 307 3972 inteperrimum
323 3910 349 3956 ιι
366 3904 487 3956 ιιιιίιιι·
504 3902 583 3955 olens
596 3908 745 3969 repartum,
764 3918 824 3953 oum
838 3909 930 3955 tamen
957 3903 1113 3958 necessario
1130 3902 1178 3958 illo
1194 3904 1352 3976 linguarum
1369 3903 1577 3960 donoJesuitas
1593 3904 1787 3974 destituantur,

92 3992 234 4060 jacuisset
247 4007 301 4060 per
320 3990 422 4043 multos
440 4005 545 4042 meuses
565 3989 643 4042 calce
660 3987 794 4057 obrutum,
812 4005 861 4041 uec
880 3991 930 4042 du·
957 3989 1052 4060 ecquis
1069 3988 1248 4045 relationibus
1264 3992 1386 4062 ipsorum
1407 3992 1444 4046 de
1460 3990 1522 4046 aliis
1538 3990 1678 4046 miraculis
1695 3990 1786 4046 minus

98 4077 174 4130 bium
191 4084 238 4140 est,
258 4077 325 4146 quin
343 4092 428 4144 usque
449 4076 489 4128 ad
505 4075 577 4128 baua
598 4073 671 4128 diem
691 4074 827 4143 iutepmsm
846 4083 871 4127 ιι
888 4075 929 4128 in-
956 4074 1116 4129 necessariis
1140 4074 1222 4130 fidem
1240 4077 1374 4132 babebit?
1414 4085 1437 4134 4.
1455 4077 1587 4132 Horatius
1605 4076 1785 4146 Tursellinns,

98 4172 261 4234 corruptum
284 4171 467 4218 conseramus.
513 4161 693 4216 ”Raecius
721 4160 793 4216 dom.
818 4167 843 4217 3.
866 4161 929 4214 adv.
957 4178 989 4216 ex
1008 4178 1063 4232 quo
1081 4162 1213 4217 miracula
1223 4163 1280 4218 ‚illa
1297 4163 1412 4235 Xaverii
1425 4164 1606 4220 Bellarminns
1624 4180 1784 4219 commemo·

97 4268 126 4322 p.
146 4256 209 4305 247:
233 4251 443 4304 Miraculorum
467 4248 623 4303 testimonio
644 4248 724 4301 nulla
748 4265 870 4318 unquam
888 4265 930 4302 ιι·
957 4254 1014 4315 rat,
1038 4246 1086 4301 lib.
1105 4254 1129 4304 2.
1155 4265 1216 4319 cap.
1236 4255 1260 4303 3.
1285 4250 1378 4314 addit,
1401 4251 1632 4319 quoanvsriue
1649 4251 1785 4306 inludia

98 4337 163 4391 culo
180 4338 292 4406 penitus
304 4337 396 4390 caruit
416 4336 534 4390 ιιιὶιιία
552 4343 577 4388 ιι
592 4335 620 4387 si
635 4352 758 4404 umqum
775 4335 860 4400 alias,
877 4336 930 4389 Ιιιι
956 4334 1040 4403 vraiqo
1064 4342 1176 4402 coeptus
1199 4336 1236 4388 sit
1261 4336 1406 4405 appellari
1427 4336 1583 4405 apostolus,
1609 4336 1682 4391 ιὶιιιι
1700 4337 1784 4391 etiam

98 4433 222 4492 tempore
244 4423 362 4476 manime
386 4422 488 4489 claret,
517 4429 616 4474 contra
637 4421 760 4474 ministri
776 4421 931 4492 suanpels'ci
957 4428 1041 4474 antea
1066 4421 1095 4473 in
1120 4421 1284 4490 Lusitania,
1313 4423 1440 4491 idemque
1463 4431 1564 4494 postea
1590 4440 1738 4492 capnomen
1765 4440 1783 4477 a

93 4509 209 4580 penitus
227 4508 347 4562 omnium
364 4517 428 4562 sunt
444 4509 613 4576 fueruntque
631 4525 738 4577 semper
759 4510 930 4578 expertast*
955 4506 1077 4561 Xauerio
1095 4508 1178 4576 quasi
1195 4510 1286 4576 capita
1303 4510 1344 4562 ad
1359 4510 1420 4577 ejus
1435 4510 1526 4563 socios
1543 4526 1680 4574 manasse,
1699 4527 1717 4564 a
1728 4526 1784 4582 qua

96 4594 322 4665 Respondemus:
348 4601 370 4651 l.
392 4612 448 4650 non
471 4593 606 4648 immerito
625 4593 662 4648 ds
680 4592 736 4648 fide
753 4594 861 4648 illorum
881 4593 930 4647 mi·
955 4593 1140 4664 appellatione
1159 4593 1255 4648 merito
1267 4592 1320 4647 sibi
1330 4601 1482 4664 temperare
1493 4594 1660 4653 debuissent.
1680 4595 1742 4652 Lib.
1757 4603 1782 4653 5.

96 4682 253 4737 raculorum
278 4681 399 4736 dubitari
423 4688 529 4752 posset,
551 4697 613 4735 cnm
632 4680 710 4735 nulla
726 4681 756 4734 in
774 4681 849 4736 hisce
867 4697 929 4751 pro·
955 4697 1016 4750 cap.
1038 4685 1077 4734 16.
1102 4677 1200 4748 retem,
1225 4696 1288 4733 oum
1305 4696 1405 4751 corpus
1422 4679 1536 4735 sterii
1553 4680 1643 4736 Goam
1661 4682 1783 4738 delatum

95 4768 210 4840 pinquis
229 4767 388 4839 regionibus
410 4783 427 4822 a
446 4767 560 4822 Jcsuitis
578 4767 712 4821 miracula
728 4763 788 4822 fieri
806 4767 929 4838 experia·
956 4771 1040 4832 esset,
1067 4783 1196 4832 mapsam
1219 4767 1367 4820 candelam
1392 4783 1538 4820 ascensam
1564 4785 1621 4821 esse
1644 4769 1674 4821 in
1698 4769 1784 4822 ulnae

96 4873 174 4923 mur,
198 4860 226 4910 et
243 4860 275 4908 ut
292 4854 407 4909 maxime
425 4854 519 4924 aliqua
538 4853 574 4908 ab
593 4853 646 4907 illis
664 4854 767 4908 fuerint
782 4859 928 4923 attentata,
955 4853 1147 4921 lassitudine,
1181 4869 1251 4922 quoe
1276 4853 1377 4923 utpiuti
1402 4854 1473 4906 duos
1501 4852 1562 4907 dies
1589 4863 1629 4909 ιοι
1655 4856 1787 4925 idemque·

96 4940 245 4996 infeliciter
270 4946 363 4995 tamen
388 4941 526 4996 cesserint
573 4946 596 4996 2.
620 4940 790 4995 Dubitantsr
812 4939 846 4995 ds
872 4939 928 4994 illis
955 4947 1047 4993 nostes
1069 4939 1194 4992 continue
1218 4940 1321 4992 ardeus
1341 4955 1397 4992 non
1416 4945 1506 4992 tamem
1522 4940 1613 5004 fuerit
1631 4949 1781 4995 consumta.

94 5028 258 5100 pronuntiat
278 5027 441 5083 &auciacus
466 5028 501 5082 de
526 5027 650 5085 Victoria
672 5027 812 5099 professor
833 5026 926 5098 regius
956 5025 1010 5081 Sed
1035 5024 1087 5079 hoc
1108 5023 1270 5079 miraculum
1292 5041 1347 5080 nou
1371 5025 1500 5081 convenit
1524 5042 1586 5080 cnm
1614 5027 1779 5097 apostolicis.

96 5113 127 5170 in
153 5114 296 5170 academia
321 5113 530 5171 Salmsnmnsi
560 5114 589 5167 in
617 5112 755 5183 Hispania
784 5112 875 5168 relect.
903 5120 927 5169 5.
957 5120 979 5167 5.
1007 5111 1145 5167 Xarerius
1172 5111 1232 5181 ipse
1262 5112 1297 5166 ds
1325 5111 1400 5167 bisce
1429 5112 1568 5168 miraculis
1599 5130 1616 5168 a
1643 5131 1673 5169 se
1699 5114 1780 5169 editis

94 5216 206 5273 propos,
226 5208 254 5256 5:
272 5201 337 5255 Non
355 5201 426 5254 satis
445 5200 515 5253 maa
534 5199 629 5268 liquet,
647 5218 685 5253 an
700 5200 830 5253 tartaris
843 5200 927 5254 Indis
956 5198 1043 5270 magis
1068 5205 1160 5252 mutus
1187 5204 1230 5252 est
1256 5213 1338 5268 quam
1364 5197 1457 5269 piscis.
1499 5197 1543 5255 Dc
1568 5199 1650 5255 rebus
1675 5199 1779 5254 Indicis

91 5288 169 5355 fides
189 5286 350 5341 Christiana
372 5289 413 5340 ita
431 5303 450 5339 a
464 5287 543 5339 nobis
555 5288 706 5356 proposita
724 5287 812 5350 fuerit
829 5294 857 5340 et
876 5306 926 5342 au·
955 5284 1155 5357 quinquaginta
1182 5283 1312 5354 epistolas
1339 5284 1463 5357 scripsit,
1491 5286 1541 5340 ssd
1572 5285 1601 5339 in
1629 5284 1683 5340 illis
1709 5286 1779 5342 nibil

91 5375 241 5442 sumata,
263 5382 294 5428 ut
320 5381 464 5428 uocantur
489 5375 604 5427 madere
630 5374 680 5426 sub
707 5390 777 5426 noso
798 5381 926 5443 peceato,
954 5371 1104 5444 quidquam
1124 5371 1158 5426 do
1176 5371 1279 5425 sanatb
1299 5370 1397 5439 mutis,
1414 5371 1534 5442 claudis,
1551 5371 1640 5426 oosois
1658 5378 1709 5429 etc.
1735 5371 1780 5429 ssi

91 5480 163 5520 sam
188 5461 328 5517 miranda
353 5468 379 5517 ιι
402 5460 483 5530 sipna
508 5459 590 5514 natta
612 5460 701 5514 audio
725 5475 777 5514 aec
800 5460 928 5531 sasmpta
953 5457 1122 5517 resumitotis
1158 5457 1271 5514 momnis
1305 5456 1433 5535 habetur,
1488 5458 1584 5529 Neque
1618 5458 1799 5530 responderi·
