4004 6022
147 308 205 374 ιιι
691 378 695 387 ¹
740 300 863 361 nocue
879 298 1087 359 mensiune
1100 298 1248 358 rerum

143 461 201 516 rell.
223 465 247 516 2.
276 459 311 514 de
329 463 395 515 utet.
412 457 503 527 prima
520 472 582 527 cep.
604 463 649 514 tt:
673 457 802 512 Materia
819 474 875 511 ιιοιι
894 457 980 509 modo
1008 453 1140 524 disputat,
1152 458 1222 526 fieri
1239 462 1451 527 respuerent
1468 454 1639 510 miraculose
1656 456 1787 520 definitio
1805 458 1852 513 rei

143 545 233 601 omnis
255 543 457 613 recsptleitotr'r
476 552 518 598 est
534 546 636 613 rodis,
662 547 715 599 recl
733 553 759 599 ct
774 546 864 597 osseis
882 560 980 611 corpo·
1008 545 1043 595 ab
1065 544 1165 613 ulique
1180 560 1213 598 re
1234 551 1392 612 separetur.
1427 541 1493 598 Jam
1510 558 1576 597 vero
1594 557 1656 598 esse
1673 541 1703 597 iu
1720 541 1851 613 subjecto

142 632 255 686 scitatis
272 630 364 698 ratio,
388 647 459 699 quoe
477 617 568 698 serit,
591 639 622 684 et
639 648 687 685 res
706 631 854 685 naturales
868 629 980 699 possiet
1009 629 1163 701 ingreditur
1181 627 1369 684 definitionem
1383 627 1578 696 recidentium,
1596 643 1663 699 ergo
1674 644 1732 683 non
1744 629 1850 699 poterit

143 734 347 788 esseccrporo.
374 717 457 774 Unde
469 716 625 788 colligiturr
643 718 741 788 primo,
760 716 836 788 quod
855 715 981 770 sceiden·
1009 715 1045 770 eb
1063 715 1255 770 occidentibus
1272 715 1413 785 seperari).
1452 713 1577 769 Probent
1594 712 1671 784 prius
1690 731 1724 770 ex
1742 715 1849 772 divinis

109 866 112 872 ,
142 805 182 862 tia
206 820 262 861 uon
288 804 396 876 possint
415 819 488 873 esse,
512 804 566 858 nisi
587 804 662 858 adsit
678 804 849 874 subjectum,
877 802 981 872 inquo
1009 801 1157 873 scripturis
1174 801 1230 858 Dei
1251 800 1436 863 voluntatem,
1458 799 1532 872 quod
1560 799 1669 855 scilicet
1686 799 1756 857 velit
1774 802 1848 858 scei-

142 898 254 962 recepta
270 891 473 955 sustineantur,
490 889 520 944 in
539 906 569 944 se
588 890 661 944 eninr
681 889 786 944 nullum
804 887 908 943 babent
924 903 979 942 nra·
1009 889 1103 943 dentis
1127 888 1208 958 penis
1226 888 1328 942 etvini
1349 902 1512 942 conseruere
1531 885 1638 957 absque
1656 885 1800 956 subjecto,
1817 894 1849 945 et

142 977 254 1046 teriam,
278 977 417 1046 secundo,
439 976 515 1048 qnod
541 976 698 1031 accidentis
716 990 771 1030 non
792 975 898 1045 possint
916 990 979 1028 cou·
1008 975 1119 1031 sublata
1141 974 1193 1028 erit
1217 973 1305 1029 omnis
1324 973 1360 1027 de
1378 979 1479 1028 ustura
1497 971 1682 1028 accidentium
1701 977 1731 1028 et
1748 978 1908 1044 poten-xe

142 1063 256 1118 stituere
274 1061 474 1126 substantismr
493 1063 584 1128 tertio,
601 1062 676 1133 quod
693 1061 851 1116 meideeuo
864 1076 978 1114 nosoc-
1008 1061 1047 1115 tie
1065 1061 1160 1115 dirius
1178 1058 1338 1130 disputatio.
1379 1059 1460 1125 Quod
1479 1058 1517 1114 ed
1533 1059 1624 1113 lucem
1643 1058 1847 1131 primogeuiam

144 1151 258 1213 siderei,
274 1151 327 1202 secl
344 1149 517 1202 ιιιὶιιιαιιιίιι
536 1151 676 1212 occident,
696 1155 729 1202 nt
746 1149 869 1218 loquitur
887 1146 979 1200 Philo·
1007 1147 1122 1215 attinet,
1138 1147 1327 1216 discrepantes
1347 1147 1383 1200 de
1400 1162 1435 1202 ea
1452 1151 1519 1200 sunt
1535 1152 1660 1201 veterum
1680 1145 1846 1202 sententies

144 1236 248 1307 sophus
266 1236 315 1293 lib.
328 1241 353 1292 l.
370 1232 492 1305 metaph.
506 1251 529 1291 c.
546 1241 567 1289 1.
595 1234 761 1290 Accidcntie
780 1251 846 1305 ergo
864 1233 914 1288 illa
931 1249 979 1303 pe·
1009 1233 1127 1287 Maxime
1151 1231 1303 1303 prebebilis
1327 1238 1370 1287 est
1386 1247 1481 1287 eorum
1498 1231 1649 1299 sententie,
1664 1231 1716 1302 qui
1733 1247 1750 1286 e
1769 1232 1847 1289 vocis

141 1323 185 1378 nis
222 1327 252 1377 et
286 1320 344 1375 vini
374 1327 438 1391 post
467 1321 702 1376 consecrationem
733 1328 782 1375 aut
809 1320 979 1375 constituent
1008 1318 1184 1389 proprietate,
1202 1334 1237 1373 ex
1255 1335 1339 1389 opere
1359 1317 1414 1372 diei
1434 1317 1541 1389 quarti,
1563 1334 1598 1372 ex
1615 1317 1685 1374 lucis
1704 1317 1798 1375 officio
1816 1323 1848 1376 et

141 1406 341 1471 substantiam,
363 1406 439 1477 quod
464 1414 507 1461 est
528 1416 624 1461 centn
647 1406 815 1476 secundum
842 1417 893 1460 ant
909 1404 977 1460 nulli
1008 1415 1107 1460 ustura
1129 1405 1198 1460 coeli
1222 1405 1308 1459 lucidi
1332 1410 1470 1472 statuunt,
1494 1404 1586 1460 lucem
1611 1404 1688 1460 illem
1706 1404 1847 1478 primoge·

142 1510 254 1566 prorem
277 1493 462 1549 inhaerebunt
489 1494 615 1565 subjecto
637 1494 753 1550 materia
776 1494 856 1565 panis
876 1500 905 1549 et
920 1494 977 1547 riui
1008 1493 1079 1546 ulem
1098 1491 1186 1547 fnisse
1205 1491 1335 1561 corporis
1354 1491 1448 1545 lucidi
1457 1491 1632 1562 qeolstotem,
1651 1493 1729 1562 quod
1742 1509 1848 1562 cerpus

142 1581 265 1637 sublata.
286 1580 361 1652 quod
379 1585 423 1634 est
440 1587 537 1634 centn
557 1581 688 1650 primum3
714 1587 765 1634 sut
780 1581 849 1636 nihil
866 1597 978 1651 prorsus
1004 1579 1106 1648 procul
1132 1580 1217 1633 dudio
1242 1586 1304 1632 erut
1330 1578 1449 1645 eorem,
1473 1578 1535 1646 jorn
1559 1578 1672 1647 quidem
1692 1580 1848 1649 condituri,
1881 1630 1886 1639 ‚

141 1675 230 1726 erunt.
266 1668 416 1723 Praeterea
442 1682 539 1738 sapor,
566 1666 642 1721 color
669 1675 697 1722 et
722 1667 791 1722 odor
816 1667 863 1723 ille
889 1667 978 1721 inesse
1007 1668 1059 1720 red
1087 1666 1169 1735 aquis
1196 1665 1290 1719 adbuc
1317 1665 1492 1731 immersum,
1518 1666 1593 1719 ende
1618 1664 1703 1718 aiom
1721 1665 1771 1720 lere
1786 1667 1849 1731 fuit

141 1754 297 1811 censendus
327 1760 377 1808 eut
404 1750 506 1807 christi
533 1753 653 1824 corpori,
680 1752 709 1806 iu
733 1753 808 1824 qnod
834 1754 914 1824 penis
938 1762 977 1808 est
1007 1753 1122 1821 exilior,
1148 1760 1243 1821 utpote
1259 1752 1383 1806 nomm
1401 1768 1433 1804 ee
1450 1767 1589 1820 equorum
1606 1751 1715 1805 sedulis
1733 1753 1847 1822 eduotq

142 1856 304 1903 conversus,
326 1845 355 1894 et
372 1839 499 1894 sicnora
516 1848 577 1893 eret
593 1838 811 1912 μιιαμόρᾳωσις
829 1841 979 1909 recipiente
1008 1855 1056 1892 nec
1076 1840 1107 1892 ιἰι
1131 1856 1216 1892 ersom
1235 1838 1308 1893 coeli
1319 1846 1444 1908 portem,
1465 1853 1536 1907 quos
1554 1853 1627 1891 esce
1645 1845 1685 1890 est
1703 1836 1763 1906 sol,
1788 1839 1847 1895 ool·

142 1925 245 1984 christi
269 1942 385 1996 corpore
407 1924 488 1995 panis
513 1926 683 1996 occidentia3
708 1927 753 1981 vel
771 1928 976 1982 concedendum
1008 1927 1094 1993 lecto,
1111 1926 1231 1996 reaper
1248 1933 1334 1980 totum
1352 1925 1568 1994 hemispherium
1585 1923 1713 1979 rochetis
1739 1925 1848 1981 morbi·

143 2021 186 2070 est
205 2013 297 2068 inesse
316 2028 350 2068 es
366 2010 560 2066 accidentibus
579 2021 642 2082 post
660 2014 893 2069 consecrationem
913 2013 976 2067 resi·
1007 2029 1059 2066 ιιι
1082 2013 1205 2082 sparsim
1227 2012 1342 2082 diffsus.
1387 2011 1423 2079 D„
1446 2009 1587 2066 Gesneruu
1609 2010 1640 2065 in
1659 2026 1758 2065 corum.
1776 2026 1801 2066 c
1823 2016 1847 2069 l.

143 2100 220 2168 duis,
246 2097 321 2170 qnod
347 2105 390 2152 est
407 2105 505 2152 contre
524 2098 644 2154 tertium.
680 2099 780 2164 ”Quo
799 2101 891 2169 posito
908 2099 978 2154 tolli·
1007 2100 1107 2156 Gencs.
1142 2099 1220 2161 Quos
1239 2100 1277 2152 ιιι
1293 2098 1349 2153 illo
1367 2099 1417 2152 luc
1435 2096 1543 2167 (scribit
1559 2095 1624 2154 doh.
1640 2094 1730 2154 Ferus
1746 2097 1847 2154 Ponti·

142 2193 190 2242 tur
215 2184 362 2238 discrimen
388 2184 461 2239 inter
491 2182 673 2239 substentiem
693 2193 724 2240 et
740 2186 883 2250 accidens,
909 2185 978 2238 illud
1007 2186 1084 2241 licius
1102 2185 1132 2240 in
1146 2185 1225 2240 illurn
1242 2185 1353 2253 locum),
1370 2185 1470 2238 sorios
1486 2191 1550 2237 sunt
1567 2184 1722 2253 opieiom
1741 2184 1848 2254 Aliqui

143 2279 187 2329 est
201 2270 352 2326 absurdum
371 2274 400 2325 et
416 2270 606 2341 rejiciendum.
631 2271 687 2327 Sed
705 2274 805 2342 posito,
824 2271 978 2326 eccidentia
1008 2274 1116 2336 uolunt,
1139 2273 1227 2327 lucere
1244 2272 1316 2326 horto
1327 2272 1425 2340 fuisse
1441 2271 1539 2324 nubem
1559 2271 1741 2340 luminosam,
1768 2273 1848 2327 unde

142 2374 194 2431 per
221 2372 251 2413 se
277 2355 430 2412 subsistere
459 2357 519 2412 siue
542 2356 684 2429 subjecto,
711 2357 818 2412 tollitur
833 2359 978 2415 discrimen
1005 2367 1103 2427 posteo
1129 2359 1172 2413 sol
1192 2360 1340 2428 formatus
1363 2358 1416 2424 sit,·
1439 2356 1495 2410 alit
1517 2357 1629 2426 volunt,
1657 2357 1747 2411 lucem
1770 2357 1848 2413 laec

142 2445 216 2501 inter
231 2442 416 2500 substentiem
433 2447 463 2497 et
481 2443 618 2498 accidens.
647 2443 731 2515 Ergo.
755 2444 880 2517 Scaliger
891 2446 939 2502 lib.
953 2453 978 2504 t.
1007 2447 1096 2506 fuisse
1117 2446 1205 2500 solem
1230 2446 1297 2499 licet
1322 2445 1445 2497 nondum
1460 2444 1632 2512 perfectum,
1654 2442 1727 2497 ciere
1740 2451 1847 2512 posteo

142 2531 179 2588 de
196 2546 270 2586 oeus.
291 2529 352 2584 tec
372 2528 455 2600 linge
475 2529 639 2585 Serdstomio
657 2549 714 2585 sort
728 2535 978 2597 retrorsumlendo
1007 2540 1111 2601 quarto
1135 2531 1182 2585 dle
1207 2533 1321 2601 effeetus
1340 2537 1397 2595 cst,-
1420 2527 1475 2582 olii
1491 2529 1599 2597 volvet,
1627 2530 1706 2598 quod
1722 2528 1773 2584 loe
1789 2528 1848 2585 etta

143 2635 205 2672 cem
220 2617 374 2673 occidente.
410 2616 450 2669 At
466 2616 625 2671 substantie
643 2618 672 2673 in
691 2635 723 2673 eo
742 2617 837 2674 differt
853 2619 890 2673 eb
907 2620 979 2681 acci·
1006 2636 1062 2672 rios
1074 2617 1246 2687 ¹proceseerr't
1263 2635 1283 2670 o
1302 2630 1421 2685 corporo
1441 2615 1538 2684 aliquo
1559 2615 1705 2680 luminoso,
1724 2618 1778 2669 sed
1792 2616 1847 2671 ιἰιι·

141 2704 234 2767 deute,
254 2703 329 2774 quod
345 2701 397 2755 illa
413 2717 464 2772 per
481 2718 512 2757 se
529 2702 670 2763 subsistet,
692 2704 744 2758 hoc
761 2712 854 2760 eutem
867 2715 980 2776 propter
1006 2705 1126 2758 mediate
1141 2721 1160 2757 a
1180 2705 1244 2757 Deo
1263 2709 1360 2755 creato
1378 2701 1423 2755 sit.
1459 2700 1518 2756 Sed
1538 2701 1610 2770 qnid
1621 2718 1692 2770 opus
1703 2702 1846 2758 mbtiliter

142 2787 357 2861 dependentium
372 2803 451 2841 mam
469 2787 521 2841 nisi
539 2787 569 2842 in
587 2787 746 2844 substsutia
762 2791 911 2846 consistere
922 2809 978 2846 non
1007 2793 1075 2845 boec
1100 2790 1172 2844 selle
1196 2791 1351 2857 indecore,
1379 2805 1441 2842 cum
1458 2788 1533 2843 silit
1559 2789 1630 2842 certi
1648 2789 1714 2845 lieo
1731 2789 1846 2846 decere

141 2875 239 2948 possit.
275 2875 513 2945 Argumentamur
529 2873 617 2946 igitur
632 2890 728 2945 porro:
752 2882 773 2932 t.
792 2877 979 2949 Quaecunque
1004 2877 1165 2946 possimus!
1187 2881 1211 2931 ³.
1223 2874 1509 2930 lbenssubstentiatio
1528 2875 1628 2930 evertit
1644 2881 1772 2931 usturam
1783 2891 1846 2933 cor

142 2961 180 3018 sd
204 2959 337 3016 terminos
361 2960 584 3016 contradicentes
608 2967 724 3031 possunt
742 2963 846 3033 redigi,
869 2964 978 3018 illorum
1007 2963 1081 3033 poris
1106 2968 1136 3017 et
1161 2960 1304 3033 sanguinis
1332 2959 1444 3016 Christi.
1492 2960 1573 3017 Idem
1595 2960 1665 3015 illud
1688 2978 1788 3031 corpus
1814 2960 1846 3016 iu

142 3045 272 3120 oppositu
286 3052 329 3101 est
345 3044 424 3101 retie-
464 3045 554 3116 Atqui
570 3045 728 3102 substantie
748 3056 777 3104 et
793 3049 923 3104 accidens
943 3052 978 3106 ad
1006 3065 1085 3104 sacre
1106 3064 1194 3104 ooena
1217 3047 1381 3118 accipimus,
1411 3047 1486 3119 quod
1509 3047 1539 3102 in
1558 3052 1675 3104 mortem
1693 3064 1744 3119 pro
1760 3046 1845 3104 nobis

141 3133 274 3188 terminos
297 3129 519 3187 contrsdiceutes
541 3140 661 3203 possunt
685 3134 784 3207 redigi.
821 3135 897 3208 Ergo
917 3138 979 3193 sub·
1006 3136 1147 3202 traditum,
1165 3135 1284 3189 eundem
1301 3133 1380 3188 illum
1398 3133 1561 3205 sanguinem
1579 3132 1709 3198 bibimus,
1726 3133 1774 3205 qui
1792 3151 1845 3205 pro

142 3217 660 3290 stendeeeteccidentisestopposite
671 3221 751 3276 retio.
775 3221 912 3279 Ulterius:
927 3223 978 3279 Cu·
1006 3221 1250 3294 peccatisnostris
1273 3221 1302 3275 iu
1329 3236 1379 3275 era
1399 3220 1490 3275 crucis
1511 3218 1625 3275 effusus.
1660 3219 1750 3291 Atqui
1770 3219 1843 3277 illud

141 3309 188 3380 jus
204 3306 275 3362 rstio
292 3304 417 3362 formetis
435 3311 478 3360 est
493 3321 545 3376 per
562 3322 591 3362 se
609 3307 766 3374 subsistere,
785 3309 859 3363 illius
871 3311 979 3382 opposi-
1007 3326 1107 3381 corpus
1126 3315 1169 3363 cst
1188 3324 1222 3363 ex
1239 3306 1329 3362 Maris
1345 3305 1454 3378 virgine
1471 3312 1638 3376 essnmtnm,
1657 3322 1713 3361 non
1731 3323 1765 3362 ex
1784 3324 1844 3364 me·

142 3400 203 3450 tum
225 3393 278 3449 boc
301 3391 416 3448 habebit
436 3391 567 3461 female,
590 3398 699 3449 utnon
724 3411 775 3465 per
791 3412 821 3450 se
839 3397 980 3452 subsistet.
1006 3394 1076 3451 teria
1100 3393 1180 3466 penis
1204 3392 1370 3449 confectum.
1405 3392 1509 3447 Filium
1533 3392 1588 3448 Dei
1610 3410 1644 3449 ex
1662 3391 1843 3449 sanctificatis

145 3479 233 3550 Atqui
246 3479 421 3535 substantiae
434 3478 506 3534 ratio
521 3478 647 3534 formalis
665 3487 709 3536 est
718 3499 768 3552 per
779 3500 810 3538 se
822 3483 978 3542 subsistere.
1007 3480 1111 3535 lieriee
1121 3479 1272 3535 visceribus
1283 3496 1376 3534 ruem
1385 3477 1534 3533 humenem
1544 3485 1671 3535 naturum
1680 3479 1844 3536 assumsisse

143 3565 220 3637 Ergo
239 3565 372 3636 oppositi,
396 3565 472 3637 qnod
490 3572 533 3621 est
548 3566 687 3636 eccidens,
705 3569 777 3623 ratio
796 3569 919 3625 formulis
938 3579 981 3626 est
1006 3563 1723 3638 etcorporishebitsculnmsibilormesseScriptura
1731 3565 1844 3636 asserit3

143 3666 201 3707 uon
226 3666 276 3722 per
302 3667 332 3706 se
350 3650 619 3722 subsistere,'qnod
638 3653 707 3707 nihil
726 3653 802 3710 eliud
821 3663 877 3721 est,
896 3675 979 3728 quem
1006 3654 1055 3710 sed
1073 3670 1174 3723 corpus
1192 3659 1220 3706 et
1232 3651 1396 3722 sanguinem
1410 3649 1513 3705 Christi
1525 3668 1641 3721 exparte
1656 3652 1760 3707 etvino
1774 3669 1843 3724 quo·

144 3735 230 3792 elicui
256 3736 411 3808 subjective
435 3735 532 3794 inesse.
578 3736 670 3809 Major
694 3744 738 3794 est
762 3741 922 3812 manifeste,
948 3749 980 3798 nt
1006 3740 1073 3796 tidie
1093 3757 1111 3794 e
1127 3738 1317 3794 sacerdotibus
1328 3738 1450 3795 formeri.
1468 3739 1596 3808 nuspiam
1608 3737 1700 3792 tradit
1730 3737 1845 3810 Excipit

140 3822 253 3879 bonnet
279 3838 314 3879 ex
340 3821 501 3878 inductione
524 3824 641 3880 aliarum
669 3826 825 3896 specierum
850 3830 979 3895 omnium,
1007 3826 1204 3892 Bellarminus,
1219 3840 1272 3894 per
1291 3824 1632 3878 transsubstantiationem
1642 3841 1745 3893 corpus
1760 3822 1843 3880 Cleri·

144 3924 217 3983 quse
253 3907 307 3964 sibi
339 3907 574 3983 ἀνιοδιηρημένως
604 3917 670 3966 sunt
695 3912 846 3983 oppositae
889 3913 981 3970 Minor
1005 3915 1045 3967 sti
1067 3931 1124 3966 ποι
1147 3913 1283 3982 predum,
1309 3913 1361 3966 red
1382 3913 1529 3966 succedere
1551 3913 1724 3967 substantioe
1745 3913 1843 3983 pane.

144 3996 241 4053 itidem
262 4011 315 4050 sus
332 3994 395 4051 luce
412 3996 511 4052 rediet
547 4003 572 4053 t.
589 3997 621 4052 si
637 3997 709 4052 retio
726 3999 909 4056 accidentium
925 4003 979 4058 sor-
1009 3999 1211 4070 Neqorinquit),
1224 3997 1591 4067 Christicorpussslspsum
1600 3999 1843 4054 Cemenelum

144 4083 225 4139 melis
241 4097 297 4137 non
315 4088 359 4137 eet
374 4081 518 4138 inhaerere
534 4083 615 4138 elteri
631 4090 764 4155 tanquam
782 4085 917 4157 subjecto,
936 4089 979 4144 vel
1006 4094 1032 4140 et
1047 4087 1184 4140 lamisem
1202 4086 1327 4139 obsolute
1338 4085 1560 4139 ascendendus
1566 4086 1644 4155 fieri.
1661 4086 1756 4141 Aliud
1768 4086 1843 4142 seim

144 4173 293 4240 propteree
316 4167 369 4224 boe
391 4169 568 4224 statuendum
591 4171 655 4235 erit,
683 4171 750 4242 quia
765 4173 902 4242 quaedam
920 4191 980 4231 esse
1005 4182 1045 4226 est
1060 4172 1168 4227 Christi
1181 4189 1282 4242 eorpus
1294 4173 1428 4237 confirm
1440 4188 1473 4225 err
1480 4188 1566 4240 poue,
1583 4174 1660 4241 quod
1669 4173 1785 4238 socient
1795 4191 1842 4228 so·

142 4259 261 4326 possunt
278 4253 338 4307 sine
357 4251 499 4324 subjecto,
522 4255 567 4309 vel
581 4255 648 4327 quie
664 4256 694 4310 ri
714 4256 804 4312 inesse
822 4258 920 4314 saltem
940 4270 982 4315 est
1006 4261 1148 4328 cerdotes5
1167 4257 1252 4311 eliud
1268 4257 1393 4312 obsolute
1411 4274 1512 4327 corpus
1525 4255 1632 4312 Christi
1644 4259 1765 4327 efficere.
1794 4259 1842 4314 Etr

144 4339 286 4414 proprium
311 4338 405 4402 nultos
432 4357 604 4413 consequens
630 4351 759 4400 netnrem
788 4345 981 4402 recidentium.
1004 4362 1079 4415 porse
1097 4342 1204 4398 Christi
1218 4361 1320 4413 eorpus
1337 4344 1470 4406 conticere
1487 4362 1544 4399 ιιοιι
1562 4352 1602 4398 est
1622 4345 1714 4414 sperem
1730 4346 1842 4415 proder-

145 4429 186 4483 At
208 4432 345 4483 neutrum.
389 4426 472 4499 Ergo.
512 4427 596 4482 Retio
623 4431 736 4501 majoris
762 4437 805 4487 est
826 4432 982 4501 manifesta,
1005 4449 1075 4500 cere,
1093 4433 1144 4486 sed
1160 4429 1191 4485 ιἰι
1208 4431 1302 4500 ipsum
1314 4429 1644 4500 praesistenempasir
1655 4431 1841 4486 ιιιόιιαιιιιαιιι

145 4515 213 4587 quie
229 4512 298 4570 nibil
314 4512 392 4568 uliud
411 4513 523 4570 obstare
542 4515 666 4584 ridetur,
691 4519 852 4589 praesertim
871 4535 933 4574 cnm
952 4521 981 4576 in
1006 4526 1184 4574 commestore.
1231 4515 1270 4571 Et
1301 4522 1411 4586 postes:
1443 4518 1537 4585 Dico,
1560 4534 1663 4588 corpus
1684 4516 1791 4573 Christi
1809 4535 1843 4574 se

145 4598 286 4671 ιοιιίιιιο,
310 4598 444 4672 pleraque
466 4601 622 4657 necessario
645 4601 798 4674 deposcere
815 4604 981 4676 subjectum.
1001 4622 1080 4675 pane
1108 4604 1173 4669 fieri
1188 4621 1244 4657 noe
1271 4611 1404 4672 torquem
1428 4619 1461 4657 ee
1479 4604 1613 4672 malmsb,
1638 4605 1777 4674 quomodo
1792 4605 1842 4669 fu·

145 4684 238 4743 Minor
258 4685 394 4758 probetur
417 4688 509 4758 quoad
536 4688 686 4759 posterius,
710 4690 778 4761 quis
801 4690 824 4746 si
841 4691 871 4746 rb
890 4692 981 4749 inesse
1005 4699 1079 4745 rtem
1101 4698 1142 4745 est
1159 4706 1193 4743 se
1208 4705 1294 4744 curres
1314 4689 1432 4743 Marios
1446 4690 1579 4758 virginis,
1606 4692 1791 4759 ecquomodo
1808 4707 1842 4746 se

146 4779 189 4828 est
214 4773 356 4844 proprium
384 4773 515 4828 accidens
541 4772 664 4843 ipsorum
691 4774 894 4846 accidentium,
925 4796 979 4835 non
1005 4779 1082 4846 ligno
1097 4780 1129 4843 fit
1148 4779 1241 4843 seder,
1257 4777 1310 4830 red
1325 4783 1459 4845 tonqrusm
1477 4793 1510 4830 ce
1527 4775 1646 4831 termino
1661 4792 1755 4846 aquo,
1773 4794 1841 4847 quo·

119 4931 122 4940 ,
144 4856 236 4914 minus
261 4858 346 4915 etiem
372 4857 589 4914 substantiarum
611 4861 753 4931 proprium
775 4863 905 4919 accidens
929 4866 982 4920 erit
1004 4865 1088 4919 modo
1107 4880 1140 4917 se
1158 4861 1247 4916 eslrilo
1263 4863 1373 4927 foetum
1391 4870 1430 4916 eat
1448 4863 1563 4929 eoelum,
1580 4879 1613 4917 ee
1632 4864 1679 4917 die
1697 4863 1729 4927 fit
1742 4877 1798 4917 noe
1815 4870 1842 4918 st

142 4958 194 5016 per
218 4959 248 4999 se
277 4944 429 5002 subsistere
454 4959 489 4999 ex
516 4951 618 5000 nature
647 4946 836 5017 oppositionis.
881 4947 980 5014 Quoad
1004 4951 1089 5005 ctiam
1117 4965 1150 5003 ee
1180 4965 1256 5017 aquo
1280 4950 1388 5009 factum
1410 4957 1450 5003 est
1474 4950 1577 5004 oinrrm.
1614 4947 1843 5020 Respondemus:

142 5028 227 5102 prius
264 5029 293 5086 Si
311 5030 406 5103 eliqua
425 5035 542 5101 possunt
560 5046 621 5086 esse
640 5032 700 5087 sine
719 5032 854 5103 subiecto,
873 5036 979 5107 quaeri·
1004 5035 1141 5091 Desinunt
1158 5050 1226 5106 ergo
1245 5034 1324 5089 abuti
1343 5034 1474 5104 vocibus,
1500 5035 1524 5090 si
1542 5051 1600 5089 rem
1617 5035 1706 5107 ipsum
1724 5035 1842 5092 vocibus

135 5130 213 5187 vstus,
230 5130 267 5173 sn
284 5115 335 5172 ille
348 5132 399 5188 per
416 5131 446 5171 se
462 5116 624 5182 subsistunt,
642 5134 677 5173 en
692 5134 759 5175 vero
772 5119 847 5176 non?
867 5095 1165 5180 tertiumldenotersm
1188 5136 1245 5175 non
1271 5128 1435 5192 agnoscunt.
1476 5121 1505 5178 Si
1531 5136 1632 5193 corpus
1657 5121 1761 5178 Christi
1785 5139 1843 5179 uon

142 5216 199 5259 uon
216 5202 308 5261 detur.
343 5202 374 5260 Si
392 5219 442 5275 per
457 5218 490 5258 ss
507 5201 674 5270 subsistant,
702 5213 784 5261 erunt
800 5207 980 5278 substantioe,
1003 5207 1037 5263 tit
1059 5225 1093 5263 ex
1109 5223 1197 5278 pane,
1222 5211 1356 5279 tauquam
1374 5224 1407 5263 ex
1425 5207 1556 5274 meterie,
1582 5225 1631 5263 cur
1650 5224 1718 5280 ergo
1736 5207 1860 5280 dicunt,·.

61 5314 64 5321 ·
143 5287 220 5362 qnod
249 5287 375 5359 implicet
400 5289 674 5357 connecterem
713 5293 757 5349 sin
786 5295 894 5364 miuus,
925 5302 981 5351 stet
1003 5309 1104 5365 penem
1126 5293 1385 5350 uenuubstuntisri
1408 5302 1437 5350 et
1463 5294 1645 5351 essentialiter
1668 5294 1793 5350 converti
1812 5294 1843 5350 iu

143 5383 238 5433 ιιιιῑιι
258 5376 448 5434 mundet*
489 5376 588 5450 Neque
610 5392 676 5434 vero
695 5380 855 5451 judicemus
878 5398 980 5456 operae
1005 5381 1108 5437 Christi
1137 5382 1256 5454 corpus?
1287 5381 1383 5437 dicent
1409 5379 1516 5451 potius,
1546 5379 1627 5450 penis
1656 5381 1843 5438 substantium

143 5461 270 5545 pretium
280 5462 432 5536 disputare,
451 5480 487 5518 sn
506 5465 639 5522 mircenlo
657 5465 752 5522 divino
761 5465 980 5526 inhaerentiaab
1004 5469 1151 5540 perirest
1175 5469 1324 5526 succedere
1349 5467 1380 5523 in
1405 5467 1466 5538 ejus
1493 5465 1586 5523 locum
1609 5465 1712 5524 Christi
1732 5484 1842 5539 corpus.

143 5548 337 5608 wettendbus
353 5550 589 5624 separeripossst
604 5551 738 5622 t‘lbow
755 5558 828 5629 pert
845 5558 871 5617 e.
890 5562 979 5635 q.·tt.
1003 5554 1189 5633 Nequaquam
1210 5570 1278 5623 rsro
1295 5568 1398 5625 panem
1415 5551 1673 5613 csmubruntiari
1690 5551 1720 5609 in
1737 5552 1843 5615 christi
