4004 6022
730 231 781 289 na
801 231 924 291 sauss
942 233 1080 294 conus
1338 256 1346 276 ·
1690 243 1748 306 ιιι

57 386 139 462 bant,
155 388 348 448 embaristiam
366 389 450 446 etiem
469 390 499 445 in
518 389 629 445 actione
648 388 812 458 condamm,
836 404 888 443 nec
916 388 966 444 nis.
1002 389 1241 454 Quemadmodum
1258 407 1323 447 vcro
1342 408 1376 448 ex
1393 404 1435 462 eo,
1456 392 1532 464 quod
1552 392 1707 464 baptismus
1720 394 1750 449 in
1762 345 1787 448 a
1800 405 1845 450 aaa

50 473 146 535 iocum
168 478 273 534 babere
291 483 495 532 monumentum
512 475 695 532 eucharistiae
714 481 889 533 extremm
915 477 1025 533 acione
1047 477 1186 547 comittit,
1213 494 1390 550 nequequam
1415 479 1512 534 inferri
1541 484 1648 551 potest,
1674 479 1750 554 quod

42 563 187 621 divisim
213 563 380 619 institutum.
426 561 508 626 Quod
535 568 658 620 vetmum
690 561 889 633 appellationes
915 564 967 619 hoc
992 570 1194 620 sacramentum
1217 570 1360 620 mutuetur
1385 565 1516 621 rimumm
1536 583 1617 622 suam
1640 567 1678 622 ab
1697 583 1750 622 usa

40 653 170 717 tttiuet,
199 650 301 722 quibus
326 666 428 719 penem
451 650 655 706 auctificatum
672 655 773 704 uocant
789 665 890 719 corpur
916 665 1023 719 eorum,
1048 651 1096 722 qui
1121 651 1315 722 baptizantem
1342 651 1382 707 ita
1408 667 1519 723 quoque
1545 669 1578 707 ex
1601 669 1649 722 eo,
1676 653 1750 725 quod

33 736 175 806 Domini,
194 737 263 793 illae
278 744 390 792 noemae
407 737 559 793 munuae
577 737 690 792 minime
707 736 830 793 omnium
840 735 890 790 ed·
916 743 1120 792 sacramentum
1139 738 1324 793 eucharistiae
1341 738 1370 792 in
1388 736 1497 792 actione
1516 737 1657 793 eChrirto
1670 756 1751 811 prae·

34 830 213 891 vmnnurr,
239 824 391 895 loquuntur
414 823 488 880 euim
512 824 547 879 de
566 840 639 894 pane
659 821 843 877 eucharistico
860 820 890 874 in
916 823 1019 894 scripta
1042 823 1192 879 consistere
1217 823 1350 892 dicimur,
1375 840 1552 896 nequequam
1577 824 1673 880 iniemi
1690 832 1750 896 pot

33 927 105 967 usu
124 910 328 980 mentali,
347 916 379 965 ut
395 910 456 981 ipse
472 909 620 966 verborum
637 927 720 964 sonus
734 914 763 964 et
774 908 889 963 circum
916 918 965 975 est,
983 915 1109 965 nostrum
1125 929 1205 965 usum
1222 909 1333 967 efficere
1345 918 1546 967 sacramentnm
1559 911 1750 967 eucharistiae

35 999 176 1054 dandae
197 997 321 1054 locorum
345 997 491 1053 manifeste
516 997 680 1065 ostendunt;
709 1013 742 1050 ar
766 1011 800 1051 eo
824 1011 889 1050 vero
917 996 1044 1052 Diximus
1066 997 1207 1067 superius,
1232 1013 1284 1052 nec
1308 1013 1406 1065 unam,
1432 1014 1483 1052 nec
1508 999 1602 1069 piures
1629 998 1751 1053 wtiouar

33 1101 106 1141 mon
130 1085 217 1141 debet
239 1083 349 1152 inferri,
374 1084 449 1154 quod
473 1099 575 1155 panem
600 1080 803 1138 sanctificatum
822 1097 888 1152 qua·
916 1090 1024 1139 nostras
1043 1082 1162 1152 efficere,
1181 1089 1213 1137 ut
1231 1100 1331 1154 corpus
1344 1083 1447 1138 Christi
1465 1084 1502 1138 sit
1520 1084 1550 1138 in
1569 1100 1649 1139 sacre
1665 1098 1752 1139 coena

37 1188 165 1243 cunque
195 1171 303 1226 ratione
331 1176 499 1239 macutum,
529 1170 615 1226 etiarn
648 1175 727 1225 extra
741 1159 840 1222 'usum
873 1183 891 1222 a
916 1187 1061 1239 praesens,
1084 1169 1134 1224 sed
1153 1169 1301 1224 insolidum
1319 1169 1389 1225 iilud
1407 1168 1549 1226 efficaciae
1570 1177 1598 1226 et
1615 1168 1751 1225 voluntati

39 1257 164 1315 cursio
197 1257 371 1326 institutum,
410 1258 498 1312 velint
531 1275 591 1314 esee
628 1273 730 1328 eorpus
767 1253 889 1309 Domini.
916 1255 1020 1312 christi
1045 1264 1087 1312 est
1108 1261 1254 1329 acceptum
1273 1255 1432 1326 ferendum,
1458 1256 1584 1312 Christus
1609 1263 1703 1313 autem
1721 1255 1751 1311 in

41 1345 146 1401 Actor.
171 1350 202 1414 2,
224 1361 251 1397 r.
277 1349 319 1400 te.
345 1344 513 1399 eucharistia
536 1349 651 1399 vocatur
670 1344 783 1410 fractio
801 1341 890 1411 pouit
916 1343 1088 1400 institutione
1116 1344 1287 1399 voluntatem
1316 1360 1394 1399 ruam
1426 1342 1479 1399 boc
1505 1343 1587 1399 modo
1609 1341 1749 1415 patefecit,

37 1431 132 1501 juxa
161 1429 329 1486 smtentiam
357 1430 518 1485 Bellermini
546 1429 594 1487 lib.
619 1437 644 1486 t.
676 1430 712 1484 dc
742 1426 889 1483 eucharist
916 1431 991 1502 quod
1008 1430 1159 1487 debeamus
1178 1431 1231 1487 hoc
1250 1430 1354 1501 facere,
1373 1430 1448 1503 quod
1467 1430 1528 1502 ipre
1545 1429 1627 1494 iecit,
1645 1427 1751 1485 scilicet

48 1534 76 1575 a
95 1523 136 1575 24.
156 1521 181 1582 i.
203 1516 302 1571 Tertia
317 1516 402 1581 rutio;
421 1516 450 1570 id
468 1516 607 1588 quomodo
625 1514 755 1572 convenit
772 1531 836 1569 oum
848 1529 890 1580 eo,
917 1517 1093 1586 benedicere,
1120 1517 1297 1584 distribuere,
1322 1517 1491 1572 manducare
1516 1523 1546 1572 et
1571 1515 1676 1572 bibere
1720 1513 1749 1571 ii

52 1604 130 1676 quod
151 1603 337 1659 Beliarminur
357 1602 385 1657 h.
403 1603 422 1660 t
440 1603 550 1666 scribit:
571 1602 605 1658 ut
622 1620 740 1671 opomus
759 1603 794 1655 dc
806 1601 889 1656 ruodo
918 1622 974 1660 nna
997 1604 1096 1659 harum
1116 1605 1256 1660 actionum
1273 1603 1421 1671 omittitur,
1444 1621 1502 1660 non
1525 1609 1649 1660 servatur
1671 1600 1749 1657 insti·

53 1691 205 1761 loquendi,
230 1702 309 1745 nemo
334 1708 459 1760 coquom
485 1692 594 1745 uocauit
619 1688 819 1744 tucius-istium
846 1687 890 1742 ccl
916 1692 988 1747 tutio
1008 1691 1128 1761 christi,
1152 1691 1201 1747 ubi
1218 1709 1356 1748 veronen
1374 1698 1501 1748 senetur
1518 1690 1623 1747 Christi
1640 1688 1749 1745 insutu

56 1794 158 1847 corpus
175 1778 296 1832 Domiri
305 1776 498 1848 fractionem,
519 1776 615 1834 teor.
632 1768 672 1846 tu,
690 1795 715 1832 v.
737 1782 777 1833 le.
792 1776 890 1846 penu,
916 1781 969 1848 tio,
994 1779 1033 1836 ibi
1050 1778 1134 1835 etiarn
1153 1796 1208 1834 non
1226 1787 1269 1835 est
1287 1785 1497 1836 euronotum.
1532 1777 1664 1846 Quamvis
1683 1792 1749 1848 ergo

57 1881 136 1934 mem
152 1864 327 1933 scorpiones,
346 1864 409 1934 (hoc
429 1870 472 1920 eet
487 1864 568 1934 panis
585 1864 690 1918 fractus
709 1879 743 1918 ac
761 1860 890 1917 distribu·
916 1865 1101 1922 Bellarmiuua
1120 1867 1217 1937 polypi
1234 1867 1322 1921 instar
1339 1884 1370 1923 se
1387 1866 1492 1923 formas
1504 1871 1594 1923 vmtet
1607 1867 1637 1920 in
1649 1879 1751 1928 omnes.

56 1957 100 2006 tus
116 1950 177 2007 sive
195 1949 272 2022 quod
289 1950 363 2006 idem
386 1957 430 2006 est
452 1950 533 2022 punis
554 1950 655 2005 tractio
671 1967 704 2006 ac
722 1948 890 2016 distributio)
917 1969 1060 2025 nunquam
1081 1959 1175 2009 umen
1193 1954 1249 2008 rim
1274 1954 1431 2026 argument
1452 1971 1486 2010 ex
1503 1952 1683 2008 similitudine
1703 1949 1751 2006 ba·

57 2045 99 2093 ut
115 2043 251 2092 roecurte
270 2037 393 2107 corporis
411 2036 529 2102 Christi3
552 2036 582 2091 id
602 2035 741 2108 quomodo
764 2034 892 2090 convenit
916 2041 1012 2112 ptismi
1034 2047 1063 2097 et
1089 2039 1274 2097 eucharistiae
1296 2040 1421 2114 effugere
1445 2039 1555 2112 poterit
1592 2039 1629 2094 Ιιι
1653 2037 1751 2092 cacio-

57 2139 119 2178 eum
137 2139 185 2189 eo,
212 2123 287 2194 quod
306 2123 492 2178 Beliarminue
510 2122 557 2177 hic
575 2128 675 2195 nem,
693 2121 891 2177 eucharisticon
916 2129 1000 2181 mua
1020 2128 1134 2199 (inquit)
1158 2128 1240 2182 putta
1259 2137 1299 2182 m
1318 2127 1751 2197 aoe1'0‚0uie0mraeioeaoeo·

57 2212 214 2280 ”lempna
229 2211 350 2264 Domini
361 2211 459 2265 uocari
473 2212 643 2273 fractionem
657 2210 702 2264 eci
717 2208 890 2263 omnemo-
917 2214 1002 2268 menti
1028 2214 1192 2283 conuentum
1222 2212 1300 2285 etqui
1327 2213 1458 2282 dicimus,
1488 2230 1544 2268 uon
1572 2228 1671 2282 unam,
1701 2209 1752 2266 aad

57 2301 140 2352 mr
166 2297 278 2364 Quanto
303 2298 406 2352 rectim
429 2296 586 2352 Cmsunder
604 2296 634 2351 in
653 2296 757 2352 consul.
775 2311 837 2366 cap.
857 2295 892 2349 de
917 2301 1024 2372 plures,
1050 2300 1181 2357 videlicet
1204 2307 1261 2356 tres
1286 2301 1431 2356 Moneo
1458 2301 1581 2356 nouenos
1605 2299 1643 2355 ed
1661 2297 1751 2370 legiti-

57 2399 144 2440 coena
160 2382 274 2440 Domini
292 2402 321 2455 p.
341 2390 390 2439 tu:
420 2383 775 2446 Ouaunia-accrementum
793 2382 891 2436 rocho
918 2406 990 2443 mam
1015 2388 1199 2443 eucharistiae
1223 2387 1488 2443 administrationem
1513 2387 1630 2458 requiri,
1657 2399 1751 2440 coma

57 2461 179 2540 nume,
197 2473 307 2525 rotiorm
333 2472 514 2540 promamus
538 2472 667 2540 corporis
690 2478 718 2525 et
745 2469 893 2538 samaia&
917 2477 1068 2532 cretionem
1086 2474 1200 2542 scilicet,
1221 2473 1444 2530 distributionem
1462 2480 1491 2529 et
1510 2473 1676 2528 emtionem
1694 2470 1752 2526 sira
1832 2504 1838 2524 .

59 2557 179 2628 merei,
206 2575 239 2613 oo
260 2559 325 2626 ipro
347 2559 556 2612 oooooorotr'ooo
572 2574 669 2612 voram
687 2566 892 2611 remanentem
918 2562 1160 2619 manducationem
1177 2577 1210 2616 ac
1228 2560 1404 2626 bibitionem
1429 2561 1547 2632 proinde
1570 2559 1642 2614 ratio
1661 2572 1751 2612 secra·

58 2644 186 2716 morio
211 2653 236 2698 oi
260 2645 408 2713 tortuoso&
431 2644 537 2698 Chfl'rir‘
561 2646 720 2715 officiam&
751 2651 845 2697 ‘amori
866 2643 894 2696 of
918 2651 1003 2707 menu'
1029 2666 1085 2704 non
1111 2648 1237 2704 consistit
1252 2648 1283 2702 iu
1303 2665 1358 2702 une
1375 2655 1483 2703 tantum
1502 2647 1626 2715 acione,
1655 2645 1705 2701 sed
1723 2644 1753 2700 'n

57 2733 186 2786 meren
203 2738 230 2785 ot
249 2731 409 2801 efficacium
427 2739 548 2801 motor,
572 2748 630 2800 quoa
651 2730 762 2785 oerore
779 2729 892 2783 unimur
918 2737 1046 2792 omnibus
1070 2735 1227 2791 actionibus
1250 2750 1269 2789 a
1292 2734 1402 2792 Cbnsto
1421 2735 1555 2790 institutis
1575 2741 1603 2790 et
1618 2730 1751 2805 praesori-

58 2826 84 2871 ἀ
105 2819 338 2888 incorporamur,
365 2819 416 2873 boo
440 2827 646 2872 sacamentum
668 2826 698 2871 ot
716 2818 829 2887 rolr'ooo
846 2834 891 2870 ro·
917 2824 981 2895 ptis.
1017 2822 1196 2879 Consecretio
1213 2822 1273 2876 eine
1290 2819 1485 2878 distributione
1503 2825 1532 2874 ot
1546 2818 1751 2876 sumtioueuon

59 2912 201 2958 mommo
221 2905 253 2957 ιἰι
277 2905 341 2974 ipso
363 2922 417 2957 usu
439 2913 465 2958 et
489 2905 613 2975 actione,
642 2921 712 2974 qaue
734 2912 774 2958 art
790 2903 892 2957 metio
918 2919 960 2965 est
984 2908 1165 2974 eucharistia,
1198 2909 1247 2964 aed
1276 2914 1334 2963 tres
1355 2907 1396 2962 illi
1422 2913 1501 2962 mma
1529 2904 1751 2975 mcmmcntales,

58 3008 106 3048 m
128 2991 312 3046 motatio
337 2998 364 3043 oi
383 2992 464 3061 potio
485 2993 651 3061 perficitor,
679 3008 751 3061 otoo
777 2999 892 3046 emmo
918 2997 1097 3066 consecratio,
1117 2994 1276 3051 distributio
1295 3002 1324 3050 et
1341 2995 1456 3062 sumtio,
1475 2993 1572 3049 eadem
1590 2992 1698 3047 ratione
1714 2990 1752 3046 sd

59 3079 158 3134 antio
175 3085 382 3133 momerium
400 3086 441 3132 ori
458 3079 583 3133 interum
603 3077 802 3148 rtopr'rr'toolr'o
814 3096 891 3131 mou·
919 3084 1065 3140 eseentiem
1096 3091 1125 3139 et
1147 3082 1335 3154 integritatem
1362 3079 1547 3136 eucharistiae
1576 3083 1751 3134 concurrunt.

60 3165 219 3221 drentem
235 3172 261 3219 et
276 3163 402 3232 potioutit
421 3166 550 3234 corporis
568 3166 759 3233 conspuistis
777 3163 891 3233 Cicirri,
918 3171 1107 3226 Manducotio
1125 3168 1230 3239 (inquit
1248 3167 1442 3234 Bellarmiuua)
1462 3166 1542 3219 sollo
1560 3167 1643 3220 modo
1658 3170 1751 3234 potest

60 3270 114 3323 pru
133 3253 178 3321 fit,
202 3257 233 3305 ut
252 3249 363 3308 Obristo
380 3251 513 3305 uniamur
531 3261 557 3306 et
574 3252 792 3322 incorporemur.
828 3252 892 3306 Hoo
917 3274 976 3312 aas
999 3264 1217 3320 sacramentum,
1238 3272 1307 3307 eam
1331 3255 1387 3308 tato
1406 3262 1447 3307 eet
1465 3253 1540 3307 actio
1559 3252 1647 3307 adiere
1663 3251 1751 3305 mc&

59 3338 131 3394 ι’ἀω
154 3355 175 3392 o
197 3338 334 3407 tbwlopt'c
360 3338 526 3407 quibusdem
552 3338 728 3394 scholasticis
745 3339 891 3405 macrim,
914 3345 1033 3414 mutia,
1057 3361 1113 3398 uon
1135 3342 1195 3396 Dct'
1211 3349 1261 3394 aaut
1280 3339 1409 3395 minuet
1445 3341 1486 3393 At
1501 3346 1676 3393 cotronense
1693 3354 1750 3391 ³0¹·

60 3426 95 3493 (in
115 3425 243 3497 margine
265 3425 370 3479 citetur
384 3422 498 3479 Henric.
517 3424 553 3480 de
570 3424 714 3498 Gorghem
734 3426 768 3481 de
788 3424 891 3481 effectu
915 3439 979 3485 sunt
1008 3430 1131 3484 comem
1157 3429 1348 3496 sucipientis,
1385 3426 1515 3496 alioquin
1542 3433 1632 3480 meet
1661 3439 1750 3492 opero

60 3514 157 3569 nene
173 3528 252 3583 prop·
272 3513 308 3577 5.)
330 3519 413 3579 atquo
438 3511 490 3565 boo
514 3512 624 3565 rcttiouo
648 3530 668 3564 o
684 3511 822 3566 cruribus
838 3512 890 3565 boo
915 3526 1021 3572 nostra
1056 3514 1281 3586 Respondemus:
1308 3513 1486 3569 manducatio
1502 3511 1689 3568 eucharistiae
1707 3515 1750 3565 est

61 3606 264 3676 mammos
281 3597 438 3651 ”intirim
455 3598 890 3668 “dionomoftm'fioaoit'buoop-
916 3603 1029 3677 quidem
1055 3601 1128 3657 actio
1153 3600 1360 3665 manducantis,
1386 3601 1496 3657 interim
1519 3599 1586 3672 quie
1609 3597 1751 3669 objectum

57 3687 194 3756 pellatur,
217 3692 247 3738 ut
265 3693 329 3737 sunt
348 3685 475 3753 aynano,
498 3687 727 3756 communicatio,
744 3687 890 3756 perceptio
916 3690 1000 3762 huJ'us
1026 3688 1248 3744 manducationis
1274 3693 1318 3743 est
1342 3689 1422 3759 panis
1448 3690 1639 3750 emmonem,
1670 3685 1750 3756 eujus

60 3774 186 3846 mosne
210 3780 235 3825 et
258 3773 406 3842 nepesinis
432 3771 544 3828 otene
584 3775 611 3825 2.
635 3773 727 3827 Notio
750 3781 790 3827 ert
814 3773 889 3826 cotio
916 3776 1140 3832 distributionem
1172 3792 1207 3830 ex
1239 3780 1339 3829 nature
1365 3773 1514 3829 relatorum
1543 3770 1751 3843 praesupponit,

59 3858 157 3932 (inquit
173 3857 445 3926 mimorumque·
461 3858 606 3913 conueniat
625 3867 685 3913 toto
701 3860 776 3913 ratio
794 3876 889 3913 sucro
916 3865 978 3920 ideo
1008 3869 1051 3920 est
1079 3862 1144 3918 telis
1175 3860 1262 3930 acuo,
1294 3877 1366 3932 quse
1397 3876 1455 3915 una
1481 3876 1543 3916 cum
1562 3854 1687 3930 iniquis
1713 3856 1750 3912 ad

59 3949 149 4004 mett.
184 3945 347 4016 Proecipuo
367 3946 441 4000 actio
453 3947 541 4015 jecto
562 3946 744 4000 denserier
761 3955 889 4001 estmoe·
916 3951 1062 4008 essentium
1089 3955 1118 4005 et
1141 3948 1330 4020 integritatem
1348 3947 1432 4019 hujus
1452 3946 1617 4002 mommentr‘
1635 3960 1751 4000 concur·

59 4035 180 4089 Matio·
226 4032 266 4086 At
292 4031 360 4084 horo
384 4032 464 4086 rollo
492 4033 577 4087 modo
605 4040 646 4087 ort
674 4041 889 4090 sacamentum.
915 4040 966 4108 rit3
984 4036 1165 4109 nequeenim
1185 4043 1228 4092 est
1247 4052 1317 4106 opus
1336 4033 1477 4107 quoddam
1496 4038 1620 4090 neruum
1638 4031 1750 4104 proprie

59 4119 132 4176 Nom
149 4120 209 4174 istc
225 4125 267 4172 eet
283 4118 357 4171 cotio
375 4117 464 4171 soiius
481 4119 672 4189 accipientur,
689 4138 746 4174 oon
763 4121 824 4174 Dei
840 4128 891 4175 cut
915 4132 944 4182 et
961 4131 1091 4181 accurate
1110 4122 1257 4195 loquendo,
1276 4121 1326 4177 sed
1343 4119 1466 4191 receptio
1482 4119 1558 4175 iliius
1570 4116 1650 4191 doni,
1669 4119 1751 4190 eujus

58 4206 191 4273 motai,
220 4221 272 4259 ooo
300 4204 373 4258 ort'm
399 4207 479 4260 Dm
503 4214 552 4260 wi
577 4208 703 4261 minimo
728 4211 888 4274 morderet,
916 4210 1192 4270 communicationem
1211 4208 1337 4264 Christus
1354 4207 1383 4262 in
1400 4221 1480 4262 secra
1497 4221 1586 4262 coena
1603 4204 1750 4262 bocmodo

57 4297 106 4351 eea
123 4292 281 4362 mcepieree
299 4293 460 4346 munducat.
496 4292 536 4346 At
556 4301 735 4348 sumomonte
751 4313 809 4349 uon
825 4304 890 4350 cunt
916 4301 1035 4356 imtitruit
1053 4303 1082 4353 et
1101 4295 1242 4369 promisit,
1269 4295 1360 4350 idest
1378 4293 1501 4366 corporis
1519 4291 1629 4351 chrum
1665 4290 1753 4347 Talae

57 4382 180 4436 actim
198 4379 388 4449 moltiori&
412 4379 542 4449 “liwir
559 4387 647 4433 “rori
670 4397 759 4449 orioro
782 4390 889 4450 mira,
915 4387 1037 4443 actiones
1066 4384 1095 4438 in
1122 4381 1236 4453 reliquis
1259 4381 1344 4436 οῒίιιιιι
1367 4379 1547 4449 sacramentis
1573 4383 1750 4447 concurrum,

55 4470 130 4523 ardo
144 4468 177 4522 io
195 4467 332 4537 baptimo
342 4474 546 4520 sacromentum
560 4474 602 4520 est
614 4466 730 4536 oblatio,
747 4475 777 4521 ut
791 4487 810 4521 a
824 4470 889 4522 Deo
915 4472 1046 4528 videlicet
1065 4469 1219 4540 amputatio
1236 4465 1374 4538 praeputii
1391 4466 1421 4521 in
1438 4464 1655 4536 circumcisione,
1672 4479 1749 4519 man-
1846 4493 1876 4521 ,ι

51 4574 106 4632 per
135 4555 294 4610 murrum
323 4553 418 4605 detur.
465 4550 690 4623 Respondemus:
723 4554 889 4625 praestigios
917 4557 1028 4613 dumtio
1045 4558 1076 4611 in
1094 4572 1168 4628 agno
1184 4553 1321 4625 parendi,
1340 4553 1448 4610 ablutio
1464 4551 1494 4607 in
1512 4551 1658 4624 baptismo,
1678 4566 1750 4623 quae
1823 4564 1825 4571 ·

54 4645 139 4702 hsce
153 4639 266 4698 collatio
284 4637 468 4693 eucharistiae
485 4642 514 4692 et
531 4638 661 4710 baptismi
680 4639 764 4696 iecile
783 4641 888 4696 martit
916 4651 982 4700 sunt
1006 4643 1128 4699 aciones
1148 4647 1277 4713 respectu
1295 4639 1413 4696 ministri
1430 4639 1553 4712 mentis,
1576 4637 1749 4709 receptiones

56 4726 296 4798 Quemadmodum
321 4730 522 4780 monumentum
548 4724 679 4797 baptismi
708 4728 834 4782 consuit
859 4728 889 4782 in
915 4737 1008 4787 entem
1037 4735 1167 4802 respectu
1198 4744 1306 4797 sorum,
1339 4727 1387 4799 qui
1415 4725 1595 4783 emramentis
1624 4729 1747 4781 utunmr.
1839 4716 1876 4757 '·'

54 4818 173 4886 done,
191 4812 321 4869 videlicet
337 4811 366 4864 in
384 4809 518 4865 effusione
534 4827 624 4882 aquae
639 4812 716 4868 iectu
732 4814 760 4868 irr
778 4815 889 4870 nomine
914 4817 1080 4873 Invertimus
1104 4815 1191 4887 igitur
1213 4820 1420 4887 argumentum:
1450 4811 1689 4878 Quemadmodum
1712 4810 1749 4866 ad
1839 4810 1879 4883 ,⁹3

54 4903 162 4968 Putris,
181 4898 247 4955 Filii
265 4904 295 4955 ct
313 4898 433 4969 Spiritus
451 4897 552 4962 emoti,
573 4914 646 4971 quae
662 4917 718 4956 non
738 4901 826 4956 solum
844 4908 889 4957 est
914 4904 1063 4960 maeotium
1081 4901 1213 4973 baptismi
1231 4900 1395 4973 requiritur,
1420 4905 1452 4955 ut
1472 4898 1559 4969 adsit,
1580 4898 1629 4971 qui
1645 4895 1749 4969 baptis-

54 4990 129 5047 eeu'o
147 4985 332 5059 baptizantis,
360 4983 409 5039 scd
432 4984 515 5038 etiam
533 4985 655 5056 receptio
672 4984 824 5058 baptizati,
848 4989 889 5044 ita
915 5009 989 5046 mum
1019 4988 1169 5060 suseipist3
1196 4989 1236 5043 ita
1260 5002 1372 5060 quoquc
1399 4987 1435 5041 ad
1461 4984 1609 5042 meantium
1624 4982 1751 5039 euchari·

55 5092 167 5150 quoque
186 5078 390 5128 meromontem
405 5070 587 5126 eucharistiae
601 5073 726 5128 consistit
739 5074 767 5128 in
779 5076 889 5131 actione
915 5079 984 5133 stine
1008 5075 1170 5146 requiritur,
1195 5078 1226 5129 ut
1248 5074 1297 5143 sit,
1321 5074 1370 5146 qui
1389 5072 1540 5127 manducet
1555 5086 1588 5127 ac
1605 5070 1696 5136 bibet,
1720 5069 1749 5124 id

54 5179 75 5219 n
88 5152 201 5220 Quieto
218 5159 404 5231 praescripta,
426 5158 558 5215 videlicet
576 5159 604 5213 in
623 5165 796 5215 externorum
816 5180 888 5233 sym·
915 5172 958 5219 est
983 5178 1084 5234 punem
1108 5169 1137 5216 ct
1155 5161 1251 5215 vinum
1277 5165 1469 5215 consecratum
1487 5174 1535 5213 ore
1552 5156 1683 5228 recipiat3
1709 5157 1751 5213 in·

54 5248 182 5306 boiorum
213 5245 434 5313 consecratione,
464 5245 657 5301 distributione
688 5253 716 5301 et
745 5248 889 5318 sumtione,
915 5251 994 5306 terim
1020 5254 1052 5304 ut
1076 5247 1208 5319 baptismi
1233 5247 1376 5318 susceptio
1401 5263 1456 5302 non
1479 5243 1595 5316 proinde
1614 5243 1647 5300 iit
1664 5254 1750 5302 causa

55 5336 104 5409 qui
122 5341 203 5392 mine
220 5349 276 5388 non
294 5330 382 5387 solum
401 5339 466 5387 sunt
484 5331 600 5386 ministri
617 5332 725 5387 ratione
747 5349 888 5391 consecra·
914 5335 999 5408 hujus
1015 5333 1195 5402 sacramenti,
1221 5334 1262 5388 ite
1284 5350 1397 5406 quoque
1419 5332 1475 5388 cibi
1493 5348 1527 5388 sc
1544 5338 1627 5403 poan
1648 5333 1749 5389 aucha·

52 5422 138 5478 tionis
155 5429 186 5476 et
205 5418 421 5487 distributionis,
450 5418 500 5472 sed
525 5418 606 5472 etiam
627 5420 888 5477 communicantium
914 5422 1001 5478 ristim
1031 5439 1080 5494 per
1105 5421 1346 5476 manducationem
1374 5437 1407 5476 ac
1437 5418 1600 5474 bibitionem
1627 5422 1750 5492 receptio

52 5509 162 5565 ratione
181 5504 342 5574 sumtionis,
360 5504 412 5559 boc
433 5510 475 5560 est
492 5503 713 5561 manducationis
732 5514 761 5563 et
779 5506 889 5565 bibitio
914 5527 970 5565 non
987 5508 1021 5565 fit
1038 5507 1164 5580 ejusdem
1181 5522 1280 5574 causa,
1305 5506 1356 5562 red
1382 5504 1531 5578 utrobique
1554 5506 1654 5563 munit
1671 5507 1749 5564 insti·
