4004 6022
228 274 270 341 98
824 272 946 332 Locus
963 267 1167 333 VIOESIMUS
1183 269 1328 331 PRIMUS

229 428 392 502 longissime
413 435 534 497 remota,
556 427 604 484 sed
625 427 717 507 potius
742 428 822 485 unita
845 436 873 486 et
896 448 948 503 per
971 446 1064 487 conse·
1092 433 1205 486 externa
1230 432 1356 487 vmsauu
1378 426 1452 484 inter
1475 444 1584 496 omnes,
1606 425 1654 497 qui
1679 424 1798 480 eandem
1826 422 1931 480 doctm-

231 532 318 589 queus
360 515 480 572 invicem
523 515 754 587 praesentissima.
806 515 933 574 Observa
972 522 1065 572 autem
1091 535 1154 573 nam
1186 517 1392 589 amplectuutur
1421 520 1449 571 et
1471 513 1569 569 iisdem
1595 510 1773 567 sacramentis
1795 516 1932 578 utuntur3

232 607 255 659 1.
278 602 353 674 quod
371 603 406 658 de
425 602 543 658 externis
562 600 697 673 symbolis
715 603 756 658 rei
776 604 902 660 coelestis
915 604 1064 659 communi-
1089 605 1199 659 interna
1216 608 1342 659 versatur
1360 601 1433 657 iuter
1448 600 1521 656 solos
1532 616 1596 656 vere
1607 597 1759 667 credentes,
1777 597 1826 671 qui
1841 596 1930 668 Spiri-

230 688 302 744 catio
321 688 503 760 praedicetur,
522 687 588 758 pani
607 687 680 743 enim
696 688 785 746 fracto
803 696 832 744 et
850 690 997 745 distributo
1018 689 1064 743 tri·
1089 695 1149 746 tum
1162 688 1265 745 Christi
1284 688 1395 745 babent
1422 687 1545 743 Externa
1559 686 1681 758 corporis
1699 683 1835 741 ecclcsiae
1852 699 1929 738 com·

230 774 334 839 buitur,
354 774 429 848 quod
448 774 485 828 sit
503 774 715 830 communicatio
728 776 849 846 corporis
861 775 978 843 Christi;
999 774 1063 830 vino
1091 777 1185 832 munio
1203 775 1290 831 oritur
1308 791 1342 830 ex
1361 779 1493 844 κοινωνίᾳ
1511 771 1720 839 sacramentali3
1737 771 1849 826 interna
1864 786 1933 824 vero

230 860 376 916 benedicto
396 866 425 915 et
443 858 588 916 distributo
607 860 746 932 tribuitur,
766 863 841 935 quod
862 863 899 917 sit
915 861 1064 917 communi-
1091 880 1125 918 ex
1141 868 1274 932 κοινωνίᾳ
1291 860 1437 933 spirituali
1473 860 1571 916 Potest
1591 859 1674 914 etiam
1693 855 1834 913 observari
1847 855 1933 928 phra-

231 946 303 1002 catio
331 946 473 1018 sauguinis
491 945 608 1018 Christi3
634 946 758 1018 loquitur
777 964 842 1021 ergo
860 965 915 1003 uon
933 948 967 1003 de
987 949 1065 1021 spiri·
1092 949 1130 1003 sis
1149 947 1314 1021 apostolica:
1333 949 1436 1016 Panic,
1461 964 1541 1017 pacm
1552 946 1737 1015 frangimus,
1758 942 1871 1015 (inquit)
1892 949 1934 996 cat

229 1031 299 1087 tuali
321 1032 442 1102 corporis
466 1038 495 1086 et
518 1031 661 1104 sanguinis
686 1032 788 1088 Christi
809 1032 1065 1100 communicatione,
1091 1034 1304 1089 communicatio
1327 1033 1457 1104 corporis
1477 1033 1600 1102 Christi5
1619 1031 1702 1099 calin,
1724 1031 1772 1084 cui
1790 1029 1933 1083 benedici·

230 1133 302 1190 quae
326 1116 358 1173 fit
376 1117 516 1173 mediante
534 1117 603 1183 fide,
635 1119 685 1174 sed
704 1119 738 1176 de
758 1121 950 1177 sacramentali
969 1138 1065 1177 eorun-
1091 1140 1167 1187 mcc,
1194 1129 1234 1176 cst
1258 1119 1471 1175 communicatio
1489 1118 1637 1185 sanguinis
1660 1117 1773 1174 chricti.
1808 1115 1935 1182 Quidam

178 1256 182 1266 ,
230 1203 293 1260 dem
316 1205 543 1276 participatione,
571 1221 643 1276 qnae
669 1205 701 1260 fit
725 1207 865 1263 mediante
884 1207 965 1279 panis
984 1207 1066 1263 fracti
1091 1209 1263 1278 existimant,
1283 1224 1342 1263 esse
1359 1206 1389 1261 in
1408 1205 1451 1260 his
1468 1204 1560 1260 serbis
1578 1204 1788 1260 antonomasiam
1805 1203 1933 1274 Scriptu-

229 1290 441 1346 manducatione
463 1296 493 1346 et
514 1289 572 1344 vini
590 1291 730 1348 benedicti
748 1292 891 1350 bibitione.
932 1295 1065 1362 ”Quod
1091 1312 1139 1351 rae
1151 1295 1289 1363 usitatam,
1305 1294 1388 1365 juxta
1399 1309 1483 1365 quam
1494 1291 1589 1363 phrasi
1603 1289 1745 1346 Hebraica
1757 1289 1932 1345 abstractum

230 1394 340 1448 cunque
359 1378 444 1449 igitur
461 1383 503 1433 est
521 1395 572 1450 per
589 1385 737 1435 κοινωνίαν
754 1380 875 1454 aliquid,
892 1381 922 1436 id
942 1399 1004 1436 cum
1024 1397 1065 1446 eo,
1091 1398 1142 1453 pro
1174 1388 1302 1437 concreto
1331 1385 1451 1452 ponatur
1477 1377 1531 1433 hoc
1556 1395 1651 1433 seusu:
1674 1377 1763 1448 panis
1788 1383 1830 1430 eet
1855 1393 1932 1430 com·

230 1464 305 1535 quod
322 1481 373 1535 per
391 1470 539 1520 κοινωνίαν
558 1482 617 1521 esse
632 1465 741 1537 dicitur,
759 1466 870 1522 realiter
887 1474 931 1523 est
947 1467 1064 1537 unitum,
1091 1469 1245 1525 manicatis
1270 1469 1398 1538 corporcis
1423 1465 1542 1534 otram
1570 1464 1624 1519 hoc
1649 1471 1692 1520 eat
1712 1465 1804 1535 ipsum
1828 1479 1932 1535 corpus

230 1549 356 1622 adeoque
379 1549 409 1604 id
435 1550 488 1605 sibi
513 1550 600 1607 habet
621 1569 759 1622 praesens.
804 1552 845 1609 At
867 1554 947 1624 panis
966 1553 1065 1609 eucha-
1091 1555 1332 1612 communicatum.
1356 1553 1481 1609 Hilarius
1499 1542 1547 1609 lih.
1567 1557 1590 1607 8.
1610 1551 1767 1607 de'l'riuit.:
1785 1552 1840 1604 Ενί
1855 1568 1931 1621 cons·

229 1636 339 1690 risticus
356 1655 406 1708 per
423 1644 573 1692 κοινωνίαν
590 1637 743 1694 secundum
754 1639 910 1710 apostolum
925 1646 953 1697 et
965 1657 1064 1711 corpus
1091 1643 1251 1712 manicata,
1267 1643 1301 1696 id
1319 1648 1359 1695 cat
1379 1640 1531 1694 distributa
1549 1657 1617 1693 caro
1638 1636 1752 1693 Christi.
1788 1635 1932 1692 Lutberus

228 1716 342 1777 Domini
355 1730 383 1777 et
397 1723 491 1778 vinum
510 1742 560 1796 per
583 1731 733 1782 κοινωνίαν
752 1734 795 1782 est
812 1726 925 1800 sanguis
942 1726 1065 1783 Domini.
1091 1729 1121 1784 in
1136 1729 1184 1786 lib.
1201 1728 1316 1784 visitat:
1343 1726 1406 1783 boe
1425 1727 1514 1791 Crob,
1539 1725 1590 1781 bui
1616 1724 1666 1781 tuit
1690 1724 1805 1794 breden,
1834 1723 1867 1793 itt
1887 1724 1933 1779 het

228 1808 391 1882 Ergopanis
401 1809 599 1867 eucharisticus
610 1829 673 1866 cum
685 1829 801 1890 corpore
809 1812 922 1869 Domini
934 1813 1065 1870 etrinum
1093 1815 1266 1886 uutqctbtiltt
1290 1814 1350 1873 itii
1375 1814 1486 1885 Christi,
1512 1829 1584 1887 quae
1611 1811 1803 1883 interpretatio
1827 1827 1933 1883 nequa·

229 1894 442 1952 eucharisticum
461 1914 524 1952 cum
545 1899 681 1971 sanguine
699 1898 812 1956 Domini
824 1901 935 1956 realiter
948 1908 991 1955 eat
1005 1900 1065 1954 uui·
1093 1919 1176 1975 quam
1193 1905 1285 1973 potest
1303 1899 1459 1973 repudiari,
1479 1900 1529 1956 sed
1547 1899 1614 1972 quia
1630 1899 1764 1954 terminus
1783 1903 1934 1960 κοινωνίας

229 1985 303 2051 tum,
321 1982 447 2054 adeoque
464 1983 545 2055 panis
565 2002 672 2056 corpus,
690 1987 784 2042 vinum
799 1987 962 2060 inguinem
981 1986 1068 2042 habet
1093 1996 1135 2045 est
1168 1988 1301 2043 relativus
1338 1993 1367 2042 et
1396 1987 1463 2059 quia
1494 1985 1651 2057 subjectum
1682 1986 1712 2040 in
1742 1984 1934 2057 propositione

231 2075 412 2139 praesentem.
441 2068 531 2142 Major
543 2069 685 2142 probatur.
716 2071 829 2130 Namin
842 2089 874 2128 eo
886 2073 1066 2146 distinguitur
1093 2075 1244 2149 apostolica
1261 2080 1337 2130 certo
1355 2074 1437 2130 modo
1455 2073 1589 2129 limitatur
1609 2089 1642 2127 ac
1659 2071 1850 2143 restringitur,
1867 2072 1933 2128 ideo

233 2153 348 2226 simplex
366 2160 395 2210 et
405 2154 482 2212 nuda
493 2156 658 2229 significatio
670 2175 688 2213 a
701 2157 911 2232 significatione,
927 2176 998 2232 quae
1009 2179 1066 2213 κοι-
1093 2160 1243 2233 simplicius
1261 2160 1377 2229 dicitur,
1403 2176 1503 2232 panem
1521 2159 1735 2214 eucharisticum
1754 2157 1876 2213 describi
1894 2157 1932 2213 ah

232 2241 389 2297 restaurai
402 2242 730 2314 adjunctamhabetsive
743 2246 772 2301 in
785 2262 818 2302 ea
831 2245 950 2302 fundata
963 2245 1067 2313 est,ch
1094 2246 1185 2302 officio
1213 2254 1241 2302 et
1266 2246 1336 2312 fine,
1363 2262 1446 2316 quem
1473 2245 1504 2300 in
1525 2261 1579 2299 usu
1603 2242 1795 2299 sacramentali
1814 2243 1932 2300 obtinet

232 2328 343 2402 signum
354 2328 460 2385 nudum
473 2330 510 2386 ab
522 2331 657 2403 ejusmodi
670 2332 758 2405 signo,
770 2332 845 2405 quod
856 2350 907 2404 per
917 2339 1069 2389 κοινωνίαν
1093 2333 1192 2405 Ροοὶε,
1216 2333 1260 2388 cui
1278 2332 1480 2401 benedicimus,
1507 2336 1590 2402 quem
1606 2329 1771 2402 frangimus,
1788 2329 1932 2385 distribui·

232 2416 335 2488 signati
347 2415 457 2488 signum
468 2422 518 2487 est,
530 2416 605 2490 quod
619 2417 669 2473 illa
678 2417 845 2491 significatio
857 2419 916 2475 sive
927 2419 1068 2492 signuma
1095 2437 1155 2474 mus
1178 2427 1206 2476 et
1229 2420 1442 2486 manducamus,
1466 2422 1508 2473 est
1530 2422 1661 2473 κοινωνία
1679 2417 1800 2488 corporis
1819 2416 1933 2484 Christi,

231 2520 262 2559 re
270 2503 380 2575 signata
388 2503 487 2560 abesse
494 2512 594 2576 potest,
609 2504 678 2561 haec
687 2523 752 2563 sero
763 2505 943 2562 realissimam
952 2506 1069 2580 requirit
1094 2506 1124 2561 id
1151 2511 1195 2562 est
1218 2506 1298 2578 panis
1321 2505 1520 2561 eucharisticae
1543 2504 1574 2558 in
1597 2520 1651 2558 usu
1673 2502 1867 2559 sacramentali
1890 2509 1934 2558 est

134 2598 160 2641 x.
174 2597 218 2642 1⁷2
230 2588 458 2660 praesentiant*
483 2595 507 2644 2.
516 2589 596 2654 Quod
607 2597 737 2647 notanter
746 2600 852 2648 assuat
860 2593 1009 2664 apostolus,
1019 2610 1068 2664 pa·
1094 2609 1242 2666 organum,
1265 2592 1388 2648 medium
1409 2596 1438 2647 et
1454 2588 1563 2663 ὄχημα,
1590 2607 1641 2660 per
1660 2588 1734 2661 quod
1755 2588 1933 2645 distribuitur

231 2691 295 2729 nem
307 2672 521 2729 eucharisticum
535 2690 594 2731 csse
603 2677 879 2733 communicationem
896 2678 1066 2735 nonbeuefi-
1095 2686 1123 2735 et
1152 2679 1371 2735 communicatur
1400 2695 1500 2749 corpus
1522 2675 1632 2735 Christi.
1677 2673 1763 2732 Panis
1792 2683 1835 2731 est
1857 2693 1931 2732 com-

232 2759 345 2828 ciorum,
356 2758 406 2816 sed
414 2761 501 2831 ipsius
512 2761 633 2829 corporis
645 2761 754 2829 Christi,
764 2781 847 2835 quam
858 2764 1002 2837 emphasin
1013 2783 1068 2821 me·
1094 2765 1258 2835 municatio,
1282 2765 1312 2819 id
1341 2764 1430 2821 estin
1449 2780 1503 2835 quo
1521 2762 1601 2819 nobis
1620 2761 1852 2830 communicatur,
1875 2762 1930 2817 dis·

232 2846 286 2903 rito
307 2852 389 2918 urget
406 2844 545 2918 Apologia
559 2848 745 2919 Augustanae
762 2850 964 2919 confessionis,
978 2869 1012 2908 ex
1035 2869 1068 2907 eo
1093 2851 1237 2922 tribuitur,
1264 2850 1348 2906 datur
1370 2857 1400 2906 et
1416 2867 1434 2905 a
1449 2848 1529 2904 nobis
1547 2848 1682 2918 accipitur
1701 2864 1800 2919 corpus
1818 2846 1930 2917 Christi,

230 2946 351 3005 namque
359 2934 470 2988 immote
479 2932 628 3006 colligitur,
638 2951 738 3005 corpus
749 2935 852 2991 Christi
860 2954 924 2993 vere
934 2955 1067 3009 praesens
1094 2955 1178 3010 quam
1207 2937 1419 3009 explicationem
1443 2935 1545 3006 repetit
1567 2933 1713 3005 Philippus
1738 2933 1768 2987 in
1792 2938 1932 2989 conventa

230 3019 432 3090 esseincoena,
441 3034 497 3074 uon
504 3022 613 3074 tantum
621 3019 726 3076 ratione
734 3016 929 3079 beneficiorum
939 3030 967 3080 et
974 3023 1066 3080 effica-
1094 3023 1292 3081 Wormatiensi
1305 3040 1377 3078 anno
1394 3027 1469 3078 1557.
1492 3021 1576 3076 Panis
1588 3019 1762 3077 eucharistici
1770 3017 1893 3075 officium
1903 3026 1932 3077 et

231 3104 300 3171 ciac,
312 3104 361 3164 sed
374 3104 456 3161 etiam
469 3106 576 3161 ratione
589 3104 770 3164 substantiae.
803 3114 827 3166 3.
840 3108 920 3174 Quod
936 3110 1067 3167 disdncte
1093 3110 1157 3166 linis
1183 3118 1226 3166 est
1252 3109 1384 3166 exhibere
1412 3113 1440 3164 et
1468 3107 1670 3165 communicare
1695 3124 1794 3179 corpus
1819 3104 1931 3177 Christi,

233 3190 402 3262 exprimatur
425 3191 638 3250 communicatio
664 3195 787 3267 corporis
809 3203 838 3252 ct
855 3198 1067 3254 communicatio
1094 3198 1198 3270 quippe
1228 3197 1303 3268 quod
1326 3195 1562 3251 sacramentaliter
1586 3193 1612 3250 ei
1637 3190 1679 3248 eit
1704 3193 1821 3247 unitum.
1864 3192 1932 3250 iam

234 3278 377 3352 sanguinis
389 3278 500 3334 Christi.
529 3279 619 3352 Atqui
637 3280 661 3336 si
679 3282 890 3340 communicatio
903 3283 952 3341 illa
965 3285 1067 3341 intelli·
1093 3301 1159 3340 vero
1173 3283 1284 3357 quando
1303 3282 1358 3337 duo
1377 3289 1443 3338 sunt
1459 3281 1540 3337 modo
1560 3280 1681 3353 quodam
1698 3279 1785 3348 unita,
1804 3284 1873 3335 tunc
1889 3279 1932 3335 al·

233 3366 326 3437 ganda
342 3373 415 3422 esset
432 3365 468 3421 ds
485 3366 623 3438 spirituali
639 3367 728 3426 solum
740 3371 994 3444 communicatione,
1012 3391 1068 3429 non
1093 3378 1183 3426 terum
1212 3360 1352 3425 mediante
1379 3368 1465 3423 altero
1493 3366 1727 3430 communicatur,
1757 3373 1785 3421 et
1809 3366 1931 3423 alterum

233 3469 302 3525 opus
322 3452 420 3508 fuisset
439 3451 569 3510 distincte
587 3453 731 3513 nominare
749 3474 849 3530 corpus
862 3458 1068 3532 etsanguinem
1095 3463 1137 3514 est
1159 3456 1273 3513 alterius
1297 3453 1508 3510 communicatio
1531 3459 1644 3524 propter
1667 3451 1796 3507 unionem
1818 3452 1997 3525 utriqueU

232 3536 351 3609 Christi,
375 3537 441 3611 quia
462 3538 531 3595 fides
551 3538 691 3598 Christum
709 3560 764 3599 uno
785 3552 850 3600 actu
868 3546 1068 3617 complectitur,
1093 3542 1317 3599 intercedentem.
1353 3538 1412 3597 Neo
1430 3538 1550 3594 absurde
1568 3537 1712 3604 statuitur,
1737 3538 1863 3609 quamvis
1880 3555 1932 3609 pa-

232 3629 266 3679 ut
292 3643 324 3680 ex
348 3622 470 3682 dohann.
495 3631 519 3683 6.
545 3626 731 3683 manifestum.
772 3637 795 3686 t.
824 3630 904 3696 Quod
927 3632 1068 3702 apostolus
1093 3631 1137 3684 nis
1157 3627 1356 3685 eucharisticae
1374 3626 1411 3682 sit
1427 3633 1485 3680 tam
1497 3624 1600 3700 μετοχὴ
1621 3641 1704 3695 quam
1723 3630 1854 3680 κοινωνία
1871 3642 1933 3681 cor·

234 3711 268 3766 de
287 3710 339 3766 tali
358 3715 489 3779 κοινωνίᾳ
506 3713 627 3783 corporis
645 3721 674 3768 et
691 3714 835 3786 sauguinis
854 3715 956 3773 Christi
973 3719 1067 3792 loqna·
1093 3715 1169 3789 poris
1187 3714 1303 3784 Christi,
1326 3712 1482 3784 apostolum
1504 3715 1597 3766 tamen
1620 3709 1683 3766 ideo
1700 3727 1767 3769 voce
1784 3718 1933 3773 κοινωνίας

216 3801 287 3869 tur,
304 3812 375 3867 qnae
392 3795 520 3851 omnibus
538 3813 641 3859 coenas
657 3800 781 3855 convivis
804 3798 897 3874 dignis
916 3804 1021 3874 pariter
1040 3811 1069 3860 et
1094 3819 1177 3875 quam
1198 3802 1316 3875 μετοχῆς
1339 3798 1381 3854 uti
1399 3797 1542 3861 maluisse,
1568 3796 1635 3868 quia
1648 3803 1758 3868 praeter
1775 3815 1931 3856 samaraeu-

232 3880 354 3954 indignis
371 3882 532 3945 conveniat,
557 3884 624 3954 quia
642 3900 735 3940 omnes
754 3903 835 3942 sacra
853 3905 940 3945 coena
957 3897 1067 3947 utentes
1094 3889 1178 3944 talem
1202 3886 1324 3958 corporis
1349 3890 1377 3940 et
1399 3881 1540 3956 sanguinis
1563 3880 1666 3938 Christi
1688 3882 1932 3955 participationem

234 3971 263 4020 et
293 3966 452 4038 hypocritas
481 3966 593 4040 quidem
614 3971 776 4026 nominatim
802 3975 882 4045 quasi
908 3975 1068 4047 alloquitur,
1093 3974 1176 4029 simul
1204 3972 1355 4045 exprimere
1380 3969 1468 4026 voluit
1493 3968 1666 4040 spiritualem
1694 3969 1771 4024 illam
1797 3970 1931 4030 unionem

203 4055 206 4060 ’
233 4052 346 4107 eosdem
363 4053 400 4109 ab
417 4072 471 4109 usu
486 4053 703 4126 idolothytarum
715 4058 744 4112 iu
756 4060 1067 4130 sequentibusveaibus
1093 4079 1157 4117 cum
1175 4059 1283 4129 Christo
1301 4063 1330 4113 et
1348 4056 1462 4128 reliquis
1481 4054 1554 4109 veris
1567 4053 1702 4110 ecclesiae
1718 4055 1864 4129 membris,
1881 4075 1931 4115 cu-

233 4136 413 4195 dehortando.
449 4140 484 4196 ln
511 4142 638 4214 sequenti
662 4144 747 4201 etiam
774 4146 865 4219 capite
881 4151 1066 4207 communica-
1090 4149 1138 4218 jus
1156 4146 1278 4202 medium
1297 4150 1325 4199 et
1344 4142 1467 4215 sigillum
1484 4140 1513 4195 iu
1531 4140 1708 4196 credentibus
1720 4149 1762 4198 est
1775 4159 1931 4200 sacramen-

231 4223 336 4281 tionem
356 4226 534 4300 indignorum
561 4229 671 4285 disertis
696 4231 789 4286 verbis
807 4232 940 4306 adstruit,
966 4242 998 4291 ut
1016 4253 1066 4292 suo
1093 4232 1157 4289 tulis
1175 4232 1223 4287 illa
1239 4235 1372 4286 κοινωνία
1390 4244 1423 4283 ac
1441 4226 1626 4298 participatio.
1658 4227 1740 4284 Unde
1750 4229 1930 4300 postmodum

231 4310 293 4368 loco
309 4311 477 4384 videbimus,
490 4315 550 4386 jam
573 4332 639 4371 vero
658 4316 809 4388 spiritualia
829 4321 1006 4377 manducatio
1025 4338 1067 4378 so·
1093 4319 1252 4374 immediate
1269 4315 1395 4387 subjicit:
1422 4315 1497 4368 Unus
1511 4316 1607 4383 panis,
1625 4334 1710 4369 unam
1727 4334 1830 4386 corpur
1847 4317 1932 4372 multi

232 4397 266 4454 lis
291 4416 356 4456 vere
378 4399 431 4471 piis
455 4407 483 4455 et
506 4399 636 4457 fidelibus
665 4404 801 4462 convenit.
842 4405 957 4479 Triplex
980 4407 1068 4481 igitur
1094 4424 1199 4475 snmus,
1225 4404 1293 4474 quta
1312 4404 1348 4456 dc
1365 4418 1421 4457 nno
1434 4418 1512 4471 pane
1526 4402 1748 4473 participamus,
1764 4407 1929 4479 μετέχομεν.

232 4491 366 4541 κοινωνία
388 4485 425 4542 ab
447 4487 573 4556 apostolo
601 4491 790 4546 constituitur:
819 4498 841 4549 1.
859 4495 1067 4551 sacramentalis
1093 4486 1352 4562 Chrysostomusin
1369 4487 1422 4542 boc
1440 4486 1515 4543 loco:
1533 4485 1567 4542 οὐ
1586 4490 1624 4559 τῷ
1641 4488 1930 4563 peregrinamini

232 4573 353 4644 corporis
381 4580 409 4629 ct
435 4573 578 4645 sanguinis
595 4573 697 4632 Christi
723 4576 916 4651 participatio,
943 4599 1015 4655 quae
1035 4581 1068 4637 fit
1094 4581 1130 4650 τῷ
1151 4573 1377 4653 μεταλαμβάνειν
1399 4578 1603 4647 κοινωνοῦμεν,
1625 4571 1695 4628 ἀλλὰ
1719 4579 1764 4626 καὶ
1794 4579 1830 4648 sq]
1850 4576 1930 4632 ἑνοῦ·

232 4659 372 4715 mediaute
388 4658 534 4715 benedicto
552 4678 625 4732 pane
642 4669 671 4717 et
688 4662 767 4729 vino,
788 4672 810 4721 1.
826 4665 888 4722 Cor.
910 4674 955 4734 1⁰,
975 4686 1001 4723 v.
1021 4673 1066 4738 163
1094 4673 1171 4720 σθαι.
1219 4660 1356 4735 Καθάπερ
1386 4661 1440 4735 γὰρ
1470 4659 1499 4716 τὸ
1533 4665 1613 4731 σῶμα
1646 4661 1734 4715 ἐκεῖνο
1763 4660 1866 4728 ἥνωται
1891 4666 1930 4735 rqi

232 4750 257 4802 2.
275 4743 425 4819 spiritualis
448 4745 533 4801 totius
551 4746 654 4803 Christi
681 4755 709 4804 et
729 4744 851 4805 omnium
869 4750 1067 4811 beneficiorum
1096 4755 1220 4822 Χριστῷ,
1237 4749 1324 4812 cisne
1341 4751 1387 4803 xci
1404 4746 1568 4824 ἡμεῖςαύτῷ
1580 4747 1626 4802 διὰ
1639 4743 1723 4822 ἄρτου
1736 4748 1834 4806 τούτου
1847 4749 1930 4808 ivoni·-

232 4833 292 4904 ojus
318 4830 511 4904 apprehensio,
543 4851 615 4905 quae
639 4833 672 4889 fit
699 4852 766 4890 vera
787 4836 857 4906 fide,
886 4845 909 4896 1.
933 4839 996 4896 Cor.
1026 4845 1066 4905 ll,
1092 4847 1176 4914 μεθα.
1211 4836 1297 4892 Hisce
1322 4833 1410 4906 probe
1435 4835 1588 4891 observatis
1611 4840 1743 4889 corruunt
1759 4835 1930 4907 objectiones

230 4933 256 4972 r.
275 4923 326 4983 263
351 4924 374 4975 3.
398 4918 554 4973 communio
578 4920 700 4992 corporis
723 4919 869 4988 ecclesiae,
896 4930 918 4981 1.
941 4924 1003 4984 Cor.
1025 4933 1065 4998 10,
1093 4924 1313 4984 adversariorum
1351 4926 1449 4978 contra
1489 4922 1564 4978 bunc
1602 4918 1695 4974 locum
1736 4922 1929 4993 apostolicum.

229 5019 256 5058 r.
275 5010 321 5060 tt:
346 5003 421 5060 Unus
433 5006 529 5076 panim
549 5024 634 5060 unam
653 5024 756 5078 corpas
775 5009 860 5063 multi
877 5029 982 5083 ewnua,
999 5031 1065 5068 nam
1097 5020 1118 5070 1.
1140 5011 1260 5076 Quidam
1276 5014 1384 5081 putant,
1403 5014 1553 5065 κοινωνίαν
1570 5005 1730 5074 ιὶροίήοονο
1748 5008 1831 5062 illam
1842 5009 1929 5064 socie·

230 5107 323 5144 omncs
341 5093 377 5146 de
394 5110 450 5147 ano
465 5108 543 5162 panc
556 5092 775 5163 participamus.
820 5095 915 5152 Prima
932 5104 1064 5155 κοινωνία
1093 5107 1188 5167 tatem,
1207 5115 1291 5167 ροοοι
1311 5095 1410 5160 fideles
1430 5097 1503 5149 intes·
1521 5110 1550 5146 ee
1567 5091 1675 5150 babent.
1715 5093 1882 5150 Marloratus
1899 5094 1930 5151 in

229 5182 272 5230 est
286 5175 497 5234 fundamentum
515 5178 698 5251 reliquarum,
721 5181 788 5253 quia
807 5181 960 5254 spiritualis
979 5182 1065 5255 parti·
1093 5183 1241 5241 hocloco:
1272 5182 1350 5255 atqui
1369 5181 1510 5255 apostolus
1529 5178 1652 5246 loquitur
1669 5180 1705 5237 de
1722 5185 1853 5251 κοινωνίᾳ
1871 5200 1930 5239 cor·

229 5261 331 5332 cipatio
353 5262 455 5320 Christi
479 5271 507 5322 ct
530 5264 726 5322 beneficiorum
753 5270 815 5339 ejus
841 5269 1020 5327 confirmatur
1036 5278 1066 5328 et
1092 5269 1167 5342 poris
1186 5268 1289 5325 Christi
1307 5285 1363 5323 non
1380 5266 1497 5340 mystici,
1518 5264 1568 5320 sed
1585 5267 1726 5333 naturalis,
1746 5285 1810 5323 cum
1826 5285 1929 5340 panem

227 5346 391 5419 obsignatur
407 5350 437 5406 in
454 5351 629 5408 credentibus
647 5370 699 5424 per
718 5363 868 5411 κοινωνίαν
880 5364 1065 5414 sacramenta·
1093 5355 1215 5428 appellet
1232 5361 1380 5411 κοινωνίαν
1398 5351 1534 5422 corporis,
1551 5351 1646 5409 unum
1665 5360 1759 5409 autem
1776 5363 1929 5412 κοινωνίαν

228 5432 290 5489 lem.
333 5434 495 5494 Communia
524 5438 645 5511 corporis
672 5440 806 5496 ecclesiae
834 5440 952 5500 docendi
978 5461 1065 5501 cansa
1093 5441 1237 5515 sanguinis
1265 5440 1377 5498 Christi.
1424 5446 1448 5497 2.
1471 5435 1589 5502 Quidam
1615 5447 1764 5497 κοινωνίαν
1788 5443 1931 5514 explicant

226 5525 319 5594 potest
335 5522 421 5578 statui
441 5523 556 5596 duplant
586 5524 710 5583 Externa
738 5526 844 5607 scilieet
874 5534 903 5585 at
933 5528 1062 5601 interum
1093 5546 1150 5586 non
1168 5545 1225 5601 per
1246 5531 1354 5587 realem
1370 5544 1405 5583 ac
1423 5529 1655 5586 swamcmctcm
1669 5530 1930 5603 ρανίίοἰραίίοοιοι,
