4004 6022
261 317 321 374 506
829 310 952 368 LOCUS
964 309 1173 367 ,wensinus
1192 311 1390 370 SECUNDUS

260 462 287 516 in
306 462 379 517 illius
398 463 515 533 gratim
535 464 682 532 repudient
699 481 732 519 ao
753 465 884 520 damnent
901 481 950 530 aa,
967 481 1039 536 quae
1057 480 1091 518 ex
1120 464 1245 518 bitcrunt
1274 467 1329 519 alii
1344 467 1559 536 philosophicae
1583 483 1613 521 se
1637 468 1753 519 tradere
1775 467 1950 535 discipliuae.

259 549 334 602 clara
350 565 488 602 sacrarum
506 550 646 603 literarum
665 549 727 604 luce
745 556 943 622 cognoverunt.
1120 551 1254 618 (morters
1273 569 1331 605 esse
1349 553 1478 606 baermes
1492 555 1673 621 praedictum
1689 561 1730 605 est
1751 571 1770 603 a
1791 553 1916 604 Domino
1929 562 1950 604 et

132 639 164 679 Aa
180 642 203 680 in
294 640 352 688 tit.
389 636 546 687 Mcmbrum
570 637 690 689 tertimn.
725 636 799 690 Num
820 636 848 689 in
869 634 991 690 ecclesiis
1011 651 1092 689 evan-
1117 638 1182 698 sieri
1204 655 1258 690 non
1277 647 1385 707 potest,
1408 648 1438 691 ut
1462 658 1518 693 non
1529 642 1595 709 fiat,
1621 641 1698 708 quod
1714 640 1901 707 praedictum
1916 646 1950 690 est

130 701 236 782 ἦζῖῗῧξᾷ.
259 718 355 789 geliois
374 720 410 773 sit
427 735 495 773 rara
508 720 607 774 unitas.
642 723 733 793 Negat
745 723 799 776 hoc
813 715 1055 777 Bellarminus‘lib.
1067 727 1093 775 t.
1118 739 1176 774 csse
1198 725 1340 790 futurum,
1361 725 1446 792 liujus
1470 743 1558 777 causa
1582 733 1636 787 cst,
1660 727 1737 792 estod
1756 724 1902 792 qrsidquid
1917 733 1952 775 est

132 794 230 885 fflf'ye'm
259 806 294 860 de
318 805 414 860 eccles.
439 823 463 862 c.
491 813 513 861 t.
537 804 557 878 ξ
591 809 710 877 denique
729 808 838 863 duobus
860 807 1031 878 potissimum
1050 823 1092 859 ar·
1114 808 1587 878 putcbrum‚sequiturmamusetc.
1610 810 1713 865 Postea
1725 809 1950 864 similitudinibus

133 897 214 938 ustus.
258 892 410 960 gementis:
429 895 453 947 1.
475 894 590 946 Constat
608 894 724 962 (inquit)
739 911 772 946 ea
785 894 936 947 Friderico
956 892 1093 960 Stapbpio
1118 892 1283 962 quibusdam
1313 895 1462 963 respondet
1486 894 1533 948 isti
1557 895 1719 964 objectioni:
1752 897 1787 948 si
1811 896 1951 962 oppositus

259 977 288 1028 in
307 977 378 1032 libro
398 980 434 1030 de
453 979 607 1031 concordia
625 980 829 1046 discipulorum
850 978 974 1044 Latiari,
993 978 1094 1030 Lutic-
1118 986 1158 1030 cst
1175 980 1286 1041 fructus
1304 996 1384 1032 versu
1401 989 1428 1033 et
1449 988 1589 1042 maturius,
1609 981 1685 1033 alius
1703 982 1824 1044 fructus
1842 996 1875 1033 aa
1892 997 1952 1031 cera

258 1079 345 1114 ranos
369 1064 482 1116 niodum
506 1071 588 1117 natos
612 1065 705 1116 diuidi
733 1065 857 1132 coepisse
884 1065 913 1115 in
943 1036 1200 1131 bachaffi-[quam
1228 1066 1347 1118 maxime
1372 1066 1488 1130 similis,
1516 1084 1581 1118 num
1601 1075 1721 1134 propter
1739 1066 1950 1119 similitudinem

258 1156 326 1215 stas,
347 1150 586 1211 Confessionistos
605 1159 631 1203 et
651 1152 803 1218 Sectarios,
823 1160 849 1204 ct
866 1168 978 1202 mersum
997 1151 1092 1214 sinpu-
1116 1150 1309 1202 abstinendum
1327 1158 1368 1203 cst
1384 1151 1419 1202 ab
1431 1154 1570 1220 utroque!
1587 1160 1612 1204 ct
1631 1154 1782 1221 quomodo,
1802 1152 1831 1203 si
1849 1170 1905 1203 una
1916 1159 1951 1202 est

257 1235 303 1287 ias
326 1244 417 1289 sectas
436 1237 466 1288 in
486 1238 563 1290 alias
584 1246 666 1307 atquc
685 1239 863 1305 otiosusque
883 1238 924 1290 ad
941 1239 977 1289 et
995 1244 1021 1288 ct
1040 1237 1091 1289 boc
1102 1218 1104 1309 i
1116 1235 1162 1286 via
1176 1236 1257 1304 sepia
1275 1243 1301 1288 et
1321 1236 1397 1289 oliae
1418 1237 1531 1305 multae,
1550 1255 1582 1289 eu
1600 1238 1699 1306 quibus
1713 1239 1861 1305 quaedam
1873 1238 1950 1289 etiarn
1961 1247 1995 1287 m

258 1321 369 1388 arautem
393 1330 516 1391 tempore
541 1323 686 1391 Stapispii,
708 1341 780 1375 nrsnc
797 1331 889 1375 aretem
909 1316 1213 1396 nrcmcranturiferunt
1241 1322 1270 1372 in
1295 1323 1512 1391 praecipitium,
1539 1324 1616 1375 aiios
1638 1323 1668 1375 ia
1687 1323 1826 1391 firmium,
1852 1330 1901 1375 aut
1925 1323 1951 1374 ia

255 1408 391 1471 sere-litt
410 1409 616 1461 diversissimae
633 1417 724 1462 sectae
745 1411 781 1461 ab
801 1426 855 1461 uno
870 1401 1193 1497 Lutberaprod·1marc
1211 1409 1405 1476 profundum,
1426 1427 1482 1460 noa
1505 1409 1644 1462 dubitabit
1662 1410 1814 1476 qumquam
1835 1427 1867 1460 sss
1882 1409 1952 1461 orba

259 1500 360 1545 euntes.
397 1493 474 1546 Idem
493 1493 573 1547 nobis
591 1493 688 1564 objicit
709 1494 835 1548 Caninius
859 1495 887 1547 in
907 1492 1022 1563 praefat
1041 1491 1089 1547 lib.
1116 1493 1228 1559 inps-edi
1255 1495 1288 1545 ab
1309 1494 1523 1558 dissensionem,
1548 1496 1599 1546 sed
1623 1494 1735 1563 qrsaerit
1760 1495 1890 1562 sepiam
1916 1495 1953 1545 ita

257 1576 353 1648 Vegee
372 1578 407 1632 dc
424 1578 528 1647 justit:
549 1580 741 1632 Pratcstantes
761 1597 790 1632 sc
803 1581 921 1648 bpdram
935 1581 1091 1644 ostendunt,
1117 1596 1172 1630 non
1190 1587 1229 1631 est
1244 1589 1362 1648 propter
1382 1581 1569 1633 dissensiones
1582 1598 1600 1632 a
1613 1580 1730 1633 ueritate
1743 1581 1953 1643 discedendum,

256 1679 306 1714 neo
323 1663 407 1716 tinius
424 1674 488 1716 sunt
506 1665 585 1730 labii,
603 1673 632 1716 nt
646 1666 802 1734 propbetas
819 1666 910 1719 uerbis
928 1673 1001 1719 utar.
1037 1663 1090 1718 Re·
1116 1667 1167 1718 sed
1185 1667 1307 1718 coactius
1325 1674 1351 1718 ct
1369 1668 1529 1732 ‹liiipentias
1547 1667 1752 1734 inquirendum.
1778 1666 1861 1721 Idem
1873 1683 1952 1735 eppa·

178 1738 180 1742 ⁴
257 1750 437 1818 spondemus:
459 1756 480 1806 t.
501 1751 628 1821 Staphyli
647 1758 790 1820 apostatae
808 1751 960 1805 calumnias
980 1756 1009 1804 et
1028 1766 1091 1803 con·
1116 1756 1159 1803 ret
1185 1768 1218 1805 ex
1245 1751 1454 1821 chrysostomo,
1481 1752 1528 1822 qui
1558 1751 1629 1806 hom.
1651 1756 1692 1806 ³³.
1710 1753 1740 1805 in
1758 1752 1825 1807 Act
1852 1770 1881 1823 p.
1898 1759 1952 1806 ete.

258 1835 330 1888 vicia
348 1853 402 1888 non
423 1835 564 1890 debuisset
582 1837 662 1890 nobis
681 1838 778 1891 iterum
802 1836 984 1891 Bellarmiuus
998 1836 1091 1889 obtru·
1117 1835 1181 1890 edit
1200 1836 1249 1890 Gr.
1271 1837 1311 1890 sio
1329 1837 1438 1891 scribit:
1465 1837 1543 1898 Quid
1559 1839 1791 1906 respondebimus
1810 1839 1953 1904 pentibus!

259 1920 337 1982 dara,
364 1938 427 1974 cum
455 1921 551 1975 iisdem
572 1923 684 1976 vixdum
703 1923 730 1976 in
748 1922 837 1977 lucem
859 1923 940 1976 editis
958 1921 1044 1977 solide
1064 1926 1092 1975 et
1123 1921 1200 1973 Venit
1223 1923 1336 1989 pentilus
1363 1939 1399 1975 ac
1425 1923 1509 1975 dicit:
1542 1922 1646 1975 Vellem
1670 1922 1738 1987 fieri
1764 1921 1951 1988 Cbrs'stsaaus,

258 2023 374 2061 nervose
391 2007 477 2061 nostri
497 2009 697 2078 responderint.
728 2011 1090 2077 ”amasim-auersam-
1115 2009 1167 2059 sed
1194 2009 1300 2076 nescia,
1327 2010 1374 2061 cui
1392 2009 1578 2073 adbaereum,
1604 2009 1709 2062 multae
1729 2009 1807 2062 inter·
1824 2019 1952 2062 noscunt

258 2092 356 2144 datum
376 2101 416 2146 tot
434 2102 571 2146 sectarum
590 2112 623 2147 ae
641 2096 713 2147 inter
727 2096 900 2165 praecipuos
918 2095 1029 2162 quidem
1047 2109 1090 2144 re·
1114 2095 1407 2161 praemussitantes
1426 2113 1460 2148 aa
1477 2095 1618 2157 tumultus,
1639 2095 1732 2147 nescio
1753 2097 1835 2162 qssod
1853 2097 1952 2163 dopmo

250 2178 437 2243 scrutationis
462 2181 548 2232 duces
568 2198 623 2249 per·
643 2182 736 2235 omnia
753 2183 847 2250 potuit
867 2181 1021 2242 convenire,
1041 2197 1091 2231 cur
1116 2179 1232 2249 stipam,
1255 2182 1332 2248 quod
1352 2182 1528 2249 praeferam.
1570 2179 1816 2248 stipationem,
1843 2198 1895 2247 epo
1913 2197 1952 2233 oc·

258 2265 330 2318 adeo
349 2263 503 2318 miremur?
520 2266 643 2318 bomines
662 2268 758 2335 utique
776 2274 864 2333 erant,
884 2269 939 2328 sia,
957 2265 1091 2336 quamin·
1116 2283 1178 2317 rum
1199 2267 1272 2333 dico,
1292 2267 1340 2319 cui
1353 2268 1467 2319 mesiam
1479 2267 1580 2328 nescio,
1599 2283 1660 2317 crem
1672 2282 1723 2331 epo
1738 2264 1952 2334 Scripturas-urs

257 2349 392 2402 sistebant
406 2360 431 2402 et
445 2354 472 2402 ia
487 2369 544 2419 qua
557 2353 1090 2421 ocrumcupidequaerebantaapruto,
1116 2351 1167 2402 sim
1185 2351 1303 2419 ignarus
1321 2359 1346 2404 et
1365 2352 1412 2404 itti
1430 2353 1560 2419 auinaue
1580 2352 1655 2404 idem
1663 2359 1847 2420 praeterunt.
1881 2351 1952 2404 Sane

257 2435 328 2487 sciet
357 2444 449 2488 aedem
472 2437 526 2488 iter
549 2445 695 2502 arrpustum
712 2439 790 2490 risus
807 2437 1010 2490 transeuntium
1028 2455 1090 2488 coo-
1115 2439 1166 2490 boc
1185 2439 1363 2506 muitumpro
1382 2437 1469 2502 nobis,
1488 2455 1553 2489 nam
1570 2437 1708 2505 siquidem
1722 2438 1892 2499 diceremus,
1905 2454 1952 2489 nos

257 2521 361 2588 citare,
387 2539 449 2574 cum
473 2522 525 2576 iila
547 2524 654 2592 diffusa
673 2531 699 2575 ct
713 2532 815 2592 patens
833 2524 880 2576 via
901 2523 993 2591 cispio
1013 2522 1090 2575 Scri·
1115 2522 1270 2577 rationibus
1289 2511 1527 2586 crederesmerito
1545 2523 1710 2590 turbareris,
1729 2524 1782 2575 ssd
1802 2540 1866 2574 cum
1879 2522 1952 2576 Scri·

254 2615 403 2676 pturaram
433 2611 570 2661 mancia
603 2626 637 2662 ne
668 2610 792 2679 populos
824 2609 936 2677 quidem
962 2609 1090 2663 collidat.
1113 2616 1214 2676 pturas
1237 2609 1390 2676 accipimus
1415 2615 1441 2660 et
1465 2608 1535 2661 iliae
1557 2608 1698 2677 simplices
1722 2616 1789 2660 suist
1810 2625 1847 2661 oc
1863 2625 1952 2671 omae,

261 2693 356 2754 Quid!
379 2711 470 2746 nonne
495 2696 525 2746 in
549 2695 705 2747 seculorum
729 2696 851 2747 omnium
869 2696 989 2748 bistoria
1007 2695 1090 2749 ecclo-
1108 2693 1205 2761 facile
1229 2694 1279 2745 tibi
1302 2694 1392 2755 fuerit
1409 2693 1561 2760 judicare,
1586 2694 1613 2746 si
1638 2694 1701 2760 quis
1725 2693 1787 2746 iilis
1807 2693 1952 2759 commi,

256 2781 373 2833 siastica
403 2781 494 2834 simite
521 2789 616 2848 potest
646 2782 791 2834 obseruari
797 2785 809 2834 ‚²
844 2799 933 2835 rsonae
961 2781 1091 2833 Basilius
1118 2779 1297 2832 Christianus
1318 2787 1373 2845 est,·
1391 2779 1418 2830 si
1435 2780 1498 2847 quis
1515 2786 1615 2832 contra
1634 2779 1702 2831 iilos
1714 2787 1837 2847 pugnat,
1851 2780 1952 2848 promsi

258 2866 383 2935 Mapnus
403 2876 429 2919 ct
448 2867 604 2935 Gregorius
616 2868 818 2934 Nazianzenus,
836 2876 865 2919 ut
882 2867 956 2921 alios
973 2876 1089 2935 taccam,
1116 2874 1155 2918 est
1179 2866 1216 2917 ab
1239 2865 1290 2918 boc
1316 2882 1423 2918 canona
1442 2871 1495 2919 etc.
1530 2864 1566 2920 Et
1583 2869 1693 2935 postea:
1718 2865 1765 2918 Sit
1782 2874 1878 2918 autem
1892 2867 1952 2934 aab

256 2952 397 3018 ejusmodi
421 2954 543 3020 qisereiis
570 2962 596 3006 et
621 2953 757 3021 epistolas
781 2961 807 3005 ct
829 2953 891 3006 clia
910 2970 963 3005 sesa
982 2951 1091 3021 scripta
1115 2951 1190 3004 arilli
1207 2953 1319 3005 omnino
1338 2953 1466 3018 dopmoti
1483 2952 1630 3019 addictus,
1647 2951 1675 3003 si
1692 2952 1776 3004 dmm
1796 2952 1849 3007 iiie
1867 2953 1951 3019 duat,

256 3039 451 3107 complerunt!
475 3046 528 3095 etc,
567 3038 747 3095 Casaubonus
776 3039 805 3092 in
832 3038 948 3108 praefat.
978 3038 1089 3093 exarcit
1116 3037 1149 3088 id
1173 3038 1249 3106 prod
1267 3046 1296 3089 tu
1316 3038 1352 3090 dc
1371 3036 1540 3090 Cbristiams
1560 3038 1654 3090 dicis!
1688 3039 1783 3090 Tanta
1803 3038 1951 3090 mannase

256 3124 292 3177 ad
317 3125 407 3178 annal.
433 3123 597 3178 Beronii.**
639 3130 662 3180 2.
687 3125 734 3179 Ab
758 3124 951 3195 Anabeptistis
974 3131 1002 3177 et
1027 3124 1089 3177 aliis
1116 3123 1256 3175 bominum
1274 3131 1313 3175 cst
1333 3131 1358 3174 ct
1373 3124 1456 3175 uorsa
1474 3123 1573 3175 babeat
1587 3125 1731 3192 dogmata,
1748 3124 1882 3177 mattis
1895 3124 1952 3192 qui·

256 3210 381 3264 sectariis
401 3209 569 3281 Augustino
587 3210 722 3265 confessio
740 3210 872 3265 ecclesias
885 3217 992 3263 nosuas
1006 3209 1089 3263 diser·
1117 3210 1179 3260 dem
1206 3209 1329 3261 etbnicus
1355 3216 1410 3271 est,
1438 3209 1514 3261 alius
1541 3216 1633 3260 arcam
1651 3208 1782 3263 Judaeus
1807 3217 1834 3262 et
1854 3209 1951 3263 iterim

255 3295 291 3348 tis
308 3294 400 3350 verbis
419 3304 546 3367 separat,
572 3312 628 3366 qua
645 3295 731 3366 igitur
747 3295 838 3349 fronte
857 3294 1042 3349 Bellarminus
1061 3294 1089 3347 in
1116 3294 1191 3345 alias
1210 3291 1397 3361 Christianus,
1413 3294 1522 3346 nulium
1540 3296 1644 3362 doymo
1659 3294 1795 3362 ampiecti
1806 3296 1951 3363 oportebit,

255 3381 414 3436 societatem
440 3388 560 3436 nostram
585 3381 692 3437 illorum
718 3397 822 3435 errores
848 3397 881 3435 ac
907 3385 997 3435 sectas
1018 3396 1089 3433 com·
1116 3379 1183 3446 arsia
1208 3379 1281 3430 inter
1304 3394 1333 3430 se
1357 3386 1485 3445 prrpnant
1506 3384 1560 3432 etc.
1599 3378 1724 3432 Fuerunt
1747 3378 1872 3435 Nicaeae
1892 3386 1951 3449 post

256 3467 366 3537 pingit?
422 3474 445 3522 3.
483 3467 527 3520 De
562 3467 687 3521 sectariis
723 3467 839 3521 dicimus
871 3484 933 3520 cum
964 3466 1089 3536 apostolo
1116 3465 1271 3534 symbolum
1289 3465 1402 3530 editum,
1420 3464 1468 3535 qui
1487 3464 1552 3518 licet
1565 3481 1594 3517 se
1608 3464 1774 3518 Asianorum
1787 3464 1883 3520 hostes
1892 3482 1949 3535 pro

260 3560 280 3606 1.
293 3553 356 3608 ioh.
370 3559 394 3613 2,
415 3571 440 3607 r.
463 3559 506 3608 19:
525 3554 571 3606 Ex
589 3553 667 3605 nobis
681 3554 861 3620 prodierunt,
879 3555 997 3605 sednon
1011 3559 1089 3604 eraso
1115 3548 1272 3615 fiterautur,
1296 3549 1432 3602 intestinis
1456 3556 1549 3602 tamen
1576 3549 1798 3604 dissensionibus
1817 3551 1950 3605 unitatem

257 3654 289 3689 eu
311 3639 404 3705 nobis,
427 3656 492 3688 anm
515 3639 542 3689 si
563 3639 683 3700 ficissent
703 3653 735 3690 eu
756 3638 847 3701 rrobb,
867 3640 1089 3706 permansissent
1115 3633 1179 3689 fidei
1202 3653 1257 3689 uon
1282 3652 1380 3705 parum
1398 3632 1573 3697 lacerabant,
1597 3652 1666 3704 quos
1686 3635 1888 3690 Constantinus
1905 3638 1949 3689 im·

257 3726 352 3791 istique
371 3723 521 3779 aomscstm.
558 3723 590 3756 *⁴*
599 3722 672 3777 Vide
689 3723 800 3777 omniuo
814 3724 966 3778 Lutherum
986 3734 1050 3778 tom.
1064 3730 1088 3780 6.
1116 3728 1226 3790 perator
1249 3721 1412 3792 gravissimo
1433 3737 1557 3775 sermone
1578 3721 1748 3792 compescuit
1767 3723 1846 3791 apud
1863 3722 1949 3776 Theo

256 3810 318 3865 Jen.
336 3812 428 3865 Germ.
448 3809 467 3863 f.
487 3809 581 3875 ereb,
601 3809 649 3864 ubi
668 3828 700 3864 ex
720 3811 779 3880 ipsa
799 3811 916 3865 ecclesia
936 3810 1089 3863 haereticos
1116 3807 1240 3861 doretum
1259 3806 1344 3860 libi.
1364 3823 1388 3862 c.
1402 3812 1426 3860 7.
1442 3806 1627 3877 Augustinus,
1648 3807 1696 3876 qui
1708 3813 1809 3877 quarto
1823 3813 1888 3877 post
1904 3824 1948 3860 ns·

256 3904 329 3951 ortos
350 3896 431 3949 docet
448 3901 476 3950 at
493 3902 557 3950 tom.
576 3904 601 3951 t.
619 3897 681 3950 ben.
700 3896 747 3950 fot.
771 3902 826 3950 127.
846 3895 894 3948 ubi
912 3896 998 3949 utitur
1015 3895 1088 3948 simi·
1116 3901 1175 3946 tum
1193 3892 1333 3947 Christum
1351 3892 1445 3947 seculo
1464 3891 1567 3956 floruit,
1586 3898 1619 3948 88
1639 3892 1816 3947 haeresesin
1838 3893 1949 3948 ecclesis

256 3982 372 4036 litudine
396 4000 414 4036 a
439 4000 555 4052 corpore
577 3983 698 4036 humano
722 3983 851 4035 ducta.**
891 3988 915 4035 4.
940 3982 971 4034 ld
998 3982 1087 4050 ipsum
1115 3979 1250 4033 excitatas
1281 3983 1475 4033 commemorat
1510 3978 1537 4031 in
1568 3978 1615 4032 lib.
1650 3979 1686 4032 ad
1718 3978 1948 4042 Quodvultdeum.

255 4071 391 4138 potuisset
413 4069 498 4139 objici
523 4075 551 4123 et
574 4087 637 4124 vere
656 4070 738 4123 etiam
758 4068 898 4139 objectum
918 4068 971 4122 fuit
987 4084 1005 4121 a
1021 4085 1088 4138 gen·
1116 4065 1193 4118 ldem
1220 4071 1284 4118 ante
1307 4065 1497 4134 Augustinum
1518 4064 1644 4118 iecerunt
1662 4063 1830 4119 Philastrins
1847 4072 1876 4120 et
1889 4064 1949 4133 Epi·

255 4153 349 4208 bilibus
375 4155 508 4210 ecclesiae
535 4156 718 4225 apostolicae,
748 4153 800 4208 hoc
827 4161 869 4209 est
896 4154 931 4207 ab
957 4154 1089 4223 apostolis
1115 4151 1241 4219 phanius.
1280 4151 1418 4221 Agnoscit
1443 4151 1494 4204 hoc
1512 4150 1572 4219 ipse
1592 4150 1793 4215 Bellarminus‚
1818 4151 1859 4205 sic
1880 4151 1949 4206 anim

255 4240 404 4309 plantatae,
427 4240 462 4294 de
482 4258 538 4311 qna
553 4240 658 4295 Paulus
676 4242 739 4294 Act.
760 4245 801 4304 20,
820 4258 845 4292 r,
864 4248 905 4292 :ut
922 4240 958 4293 ad
972 4238 1089 4309 Ephesi·
1115 4236 1211 4291 scribit
1229 4236 1275 4290 lib.
1298 4245 1319 4291 t.
1338 4238 1373 4291 de
1392 4237 1488 4292 concil.
1501 4254 1525 4291 c.
1542 4244 1584 4292 lo:
1606 4239 1709 4290 Trade
1727 4229 1871 4305 Isidorus,
1889 4245 1949 4290 ants

255 4342 305 4379 nos
331 4327 475 4396 episcopos
502 4327 583 4380 dicit:
614 4330 658 4379 Es·
682 4326 758 4378 uobis
782 4325 852 4392 ipsis
869 4333 1014 4391 easrsrpent
1033 4326 1090 4378 oiri
1118 4323 1294 4376 Constantini
1335 4324 1439 4391 blapni
1468 4331 1594 4390 tempora
1622 4323 1768 4375 ecclesiam
1794 4321 1903 4376 Obsisti
1921 4323 1948 4374 in

255 4411 396 4479 ioquernes
416 4429 564 4480 peruersa,
589 4420 618 4463 ut
637 4412 777 4463 abducant
797 4411 954 4479 discipulos
970 4421 1033 4479 post
1048 4427 1087 4465 se.
1116 4410 1243 4463 ‹iioersus
1260 4416 1351 4461 sectas
1361 4411 1457 4475 fecisse
1476 4410 1604 4462 dianam.
1641 4408 1746 4473 Quodsi
1764 4416 1949 4479 erguaposto·

255 4493 352 4551 Refert
377 4496 504 4552 Clemens
522 4497 673 4551 Alexandr.
694 4496 741 4550 lib.
762 4503 785 4549 7.
812 4486 935 4550 stromat.
962 4496 1009 4552 iol.
1032 4502 1089 4551 leo.
1115 4495 1186 4548 licae
1211 4501 1240 4549 et
1263 4493 1419 4563 primitivae
1439 4493 1572 4548 ecclesiae
1591 4494 1727 4548 unitatem
1746 4494 1862 4548 minime
1879 4493 1947 4548 labe·

254 4584 382 4636 Judaeos
406 4592 430 4635 et
455 4583 571 4652 pensitas
595 4591 660 4635 tuac
679 4583 813 4651 ternporis
830 4583 915 4635 ualde
932 4584 1089 4648 crepitasse
1114 4580 1244 4646 iactavit,
1270 4579 1344 4650 quod
1369 4596 1401 4633 ex
1419 4596 1452 4633 ea
1468 4578 1573 4650 egressi
1590 4585 1654 4634 sunt
1671 4578 1866 4649 Hymenaeus,
1889 4577 1947 4632 Phi·

255 4669 402 4722 ecetesiam
434 4669 625 4724 curiatorum
657 4669 709 4721 bac
735 4671 912 4737 potissimum
939 4669 1088 4737 caisimnia,
1115 4666 1195 4733 letus,
1214 4664 1368 4729 Corinthus,
1387 4663 1548 4732 Nicolaitae,
1567 4663 1718 4719 Simoniani
1731 4671 1784 4720 eto.
1813 4664 1949 4735 quomodo

255 4758 332 4822 quod
357 4754 514 4807 Christiani
539 4755 611 4805 inter
636 4771 666 4806 sc
685 4755 761 4821 ipsos
780 4755 937 4806 dr'ssidcant
956 4772 990 4806 uc
1008 4755 1090 4809 stulta
1116 4759 1253 4805 sectarum
1271 4752 1348 4822 origo
1366 4751 1488 4805 eeclesiis
1508 4751 1610 4804 nostris
1630 4750 1721 4804 frondi
1746 4766 1808 4805 esse
1832 4749 1948 4820 poterit?

257 4842 330 4893 intes·
349 4859 395 4893 aas
410 4842 447 4893 sit
465 4840 617 4893 maceratio
636 4847 687 4894 etc.
718 4839 805 4893 Erant
819 4840 891 4893 enim
905 4839 952 4893 illo
967 4846 1090 4910 tempora
1115 4836 1194 4891 Haec
1214 4837 1377 4892 estsortnna
1390 4838 1522 4891 ecclesiae
1537 4837 1658 4891 omnium
1673 4842 1839 4906 temporum,
1857 4838 1951 4890 meiat

256 4926 402 4996 plusquam
421 4924 522 4994 viginti
534 4924 752 4990 haeresiarchae,
767 4941 883 4994 quorum
897 4927 1014 4995 quisquc
1026 4943 1090 4980 snos
1117 4926 1146 4976 in
1172 4941 1205 4975 eo
1234 4925 1386 4976 schismata
1415 4933 1443 4977 et
1470 4925 1594 4978 oriamur
1622 4925 1750 4978 haereses
1777 4932 1798 4976 t.
1826 4923 1889 4979 Cor⁴
1917 4929 1951 4987 n,

254 5018 350 5065 coetus
371 5011 570 5066 ecclesiasticos
590 5016 619 5064 et
636 5010 816 5066 scholasticos
829 5010 964 5077 habebut,
982 5011 1012 5064 in
1024 5029 1090 5081 quo·
1116 5028 1141 5064 v.
1169 5018 1203 5063 to.
1222 5010 1271 5064 ubi
1289 5010 1393 5064 bonum
1411 5027 1517 5072 semen,
1541 5010 1580 5065 ibi
1601 5009 1729 5064 diabolus
1748 5011 1952 5080 superseminat

254 5115 315 5152 rum
334 5114 446 5152 numero
465 5096 616 5151 doctissimi
636 5097 687 5149 viri
706 5096 921 5166 reperiebantur.
960 5099 1021 5151 Hoc
1040 5097 1090 5162 tin·
1115 5112 1239 5150 errorum
1264 5103 1293 5150 et
1312 5095 1530 5165 corruptelarum
1550 5094 1657 5150 zizania
1677 5095 1774 5148 Matth.
1799 5103 1843 5157 te,
1867 5115 1893 5150 v.
1912 5103 1952 5152 re.

255 5185 315 5254 quit
337 5185 464 5239 Clemens
490 5184 509 5237 d
538 5183 568 5247 l.)
597 5185 732 5235 actccrsus
749 5200 801 5234 nos
819 5184 962 5236 addensat
982 5181 1164 5235 duciacinbi
1192 5182 1274 5244 ovile,
1302 5181 1341 5235 ibi
1369 5187 1531 5253 grassantur
1560 5182 1618 5251 lupi
1645 5197 1760 5251 rapaces
1787 5182 1887 5239 Actor.
1913 5190 1952 5249 to,

256 5273 393 5336 dicentes,
412 5290 467 5324 nan
485 5280 613 5339 oportere
634 5272 748 5323 crecierc
763 5277 884 5338 prepter
904 5270 1091 5322 dissensiones
1118 5285 1142 5319 r.
1154 5275 1195 5322 ie.
1214 5266 1329 5338 Regerit
1346 5265 1540 5334 Bellarminus‚
1558 5266 1609 5320 lroc
1629 5283 1688 5319 esse
1708 5265 1863 5320 discrimen
1883 5269 1953 5321 inter

255 5359 418 5423 baereseon,
437 5360 604 5410 retardatur
621 5357 733 5422 veritas,
752 5357 819 5409 dum
832 5355 888 5407 atii
905 5355 966 5407 alia
984 5357 1090 5422 siccent,
1102 5394 1105 5415 ,
1117 5353 1282 5406 divisionem
1306 5353 1510 5406 baereticorum
1536 5353 1572 5403 ab
1594 5352 1714 5406 ecclesio
1741 5360 1767 5405 et
1788 5355 1955 5408 diuisionem

256 5445 296 5495 ad
316 5445 393 5510 qaod
415 5443 549 5508 dicimus,
572 5444 649 5512 qrsad
670 5441 750 5510 apud
767 5459 815 5493 sos
833 5441 963 5493 Judaeor
983 5449 1008 5493 st
1024 5441 1092 5494 iilos
1117 5440 1153 5491 ob
1169 5439 1268 5507 aliqua
1283 5438 1400 5505 lroeresi,
1419 5440 1495 5508 quod
1515 5438 1545 5490 in
1563 5438 1682 5492 ecclesio
1699 5437 1861 5493 inueniatur
1879 5448 1956 5494 certa

260 5526 387 5582 &accos
399 5528 546 5596 plurimae
564 5529 683 5592 suerunt
699 5527 843 5588 tamesis,
864 5539 914 5577 nes
932 5533 1023 5578 tamen
1040 5527 1090 5579 du·
1117 5524 1217 5592 reputo
1233 5526 1490 5595 consponeadmum
1506 5524 1772 5592 cmtrooersiosuas,
1789 5525 1825 5579 id
1841 5534 1883 5581 est
1897 5544 1957 5581 sss·
