4004 6022
780 313 833 369 nli
851 311 1044 372 uacuesis.
1698 326 1757 384 sol

56 446 330 538 promisisse,‘quod
353 467 497 522 ecclesiam
516 466 551 525 N.
570 468 602 522 T.
621 470 714 540 quoad
730 474 832 525 statum
851 484 897 522 ex·
926 475 1019 524 catum
1042 469 1219 526 tribueretur.
1255 475 1280 527 8.
1305 472 1335 525 Si
1359 488 1392 526 ex
1411 489 1454 541 eo,
1478 472 1552 544 quod
1573 471 1699 526 Christus
1718 477 1761 527 est

54 558 168 607 ternum
186 567 296 622 semper
314 551 456 607 florentem
475 570 638 609 conservare
655 555 736 620 velit,
761 556 816 610 imo
834 572 897 610 con·
925 554 1057 610 ecclesiae
1084 573 1201 626 sponsus
1227 565 1256 611 et
1280 555 1399 628 Spiritus
1425 561 1537 612 sanctum
1556 563 1660 621 rector,
1687 564 1762 613 recte

54 638 174 693 trarium
193 637 371 706 praedixisse,
392 639 467 709 quod
485 639 538 693 sub
556 640 722 697 Antichristi
740 640 897 708 inseraris
924 639 1071 711 colligitur,
1091 642 1223 696 ecclesiae
1241 659 1296 695 non
1314 660 1396 712 posse
1416 643 1500 715 tribui
1514 659 1642 705 errorem,
1663 659 1761 715 seque-

53 723 237 778 mieerrimam
263 723 423 778 servitutem
453 724 490 779 sit
512 742 643 796 passura,
668 728 712 780 sel
734 729 897 792 referuntur
924 733 981 793 tur,
1003 743 1054 782 neo
1077 727 1263 798 ignorantiam
1289 728 1422 784 ecclesiae
1448 728 1533 783 tribui
1550 745 1639 798 posse.
1676 730 1760 785 Retio

54 812 97 864 aci
115 811 255 863 internam
273 810 441 863 credentiam
461 812 661 866 iustitutionem
680 820 707 865 et
722 814 896 880 qubcmsatio-
924 813 1101 866 connexionis
1132 820 1174 868 eet
1203 813 1358 871 manifesta
1402 815 1433 868 Si
1456 814 1530 869 enim
1555 832 1587 869 ex
1611 815 1760 886 hypothesi

54 913 133 964 uem,
158 884 245 964 atque
264 897 306 949 eie
327 897 501 949 srerissimum
525 906 579 967 est,
607 898 747 954 Christum
767 907 794 954 et
813 899 897 970 Spiri·
923 897 1076 952 collationis
1116 899 1349 954 Bellarminianae
1390 917 1466 955 error
1501 901 1670 955 tribueretur
1706 901 1758 972 ipsi

55 988 117 1036 tum
136 998 159 1035 s.
184 981 238 1052 piis
263 987 292 1036 et
313 981 410 1037 electis
430 982 482 1036 sub
500 1000 586 1055 regno
604 984 768 1040 Antichristi
788 1001 898 1057 semper
925 982 1034 1038 Christo
1063 992 1092 1040 et
1115 984 1220 1055 Spiritu
1250 992 1360 1052 sancto,
1390 987 1502 1056 quando
1530 987 1646 1042 eeclesia
1669 1003 1760 1042 errare

55 1067 181 1123 adfuisse
199 1067 285 1122 duces
302 1074 330 1123 et
348 1068 488 1138 doctores,
508 1086 543 1124 ne
563 1071 592 1125 in
611 1088 716 1127 errores
735 1072 898 1127 seducereu·
925 1069 1076 1137 diceretur,
1095 1071 1191 1142 utique
1210 1072 1296 1126 etiam
1315 1071 1367 1142 ipsi
1387 1072 1497 1127 Christo
1517 1079 1545 1127 et
1565 1073 1681 1143 Spiritui
1698 1091 1759 1128 san·

55 1159 103 1209 tur
121 1158 172 1207 sut
189 1152 297 1207 seducti
315 1152 343 1206 in
362 1153 467 1209 eisdem
489 1163 699 1225 perseverarent
716 1174 750 1213 ac
767 1158 896 1228 perirent.
925 1161 969 1209 cto
987 1154 1145 1227 ignorantis
1163 1157 1340 1221 tribueretur,
1359 1158 1471 1228 quando
1489 1158 1606 1213 ecclesia
1618 1159 1761 1231 quippiam
1775 1160 1809 1202 11·
1824 1159 1866 1202 ¹⁷⁰·

55 1243 83 1294 3.
111 1239 236 1308 Spiritus
261 1258 282 1293 s.
309 1240 368 1309 ipsi
388 1241 542 1295 ministerio
568 1251 680 1297 caterno
704 1244 898 1313 episcoporum
925 1242 1053 1313 ignorare
1072 1243 1216 1300 diceretur.
1251 1244 1339 1316 Atqui
1358 1244 1514 1299 concedunt
1533 1245 1699 1309 adversarii,
1719 1264 1761 1301 ec·

56 1334 83 1380 et
109 1327 335 1396 presbyterorum
363 1327 392 1378 is
420 1328 538 1382 eeclesia
565 1330 741 1397 qssanhmais
767 1338 899 1399 corrupto
926 1327 1038 1382 alesiam
1070 1346 1152 1400 posse
1178 1347 1293 1401 peccare
1321 1338 1351 1384 et
1376 1330 1483 1401 aliquid
1508 1330 1650 1402 ignorare,
1677 1331 1762 1403 idque

48 1413 115 1479 fait
133 1428 273 1480 praesens
290 1420 316 1464 ct
328 1429 385 1480 per
403 1430 512 1482 orporea
530 1430 549 1466 a
564 1416 629 1468 Deo
649 1415 786 1478 instituta,
805 1424 834 1468 st
852 1417 899 1469 ba-
923 1413 986 1468 eine
1010 1412 1112 1469 Christi
1143 1422 1172 1470 et
1197 1416 1318 1487 Spiritus
1349 1416 1437 1470 saneti
1471 1417 1643 1471 contumehs.
1688 1417 1763 1490 Ergo

54 1498 189 1567 ptsbmam
211 1504 237 1550 et
259 1498 371 1550 verbum
396 1496 465 1566 Dei,
495 1499 637 1566 repetiuit,
658 1501 850 1563 sanctificavit
875 1509 900 1554 et
926 1501 1081 1555 concedent
1102 1501 1200 1566 etiam,
1226 1501 1374 1556 ecclesiam
1393 1518 1473 1572 posse
1491 1519 1583 1557 errare
1600 1503 1762 1572 praesertim

58 1583 233 1638 emuesaasit
269 1600 332 1636 sere
368 1585 511 1638 eredentes
549 1588 590 1637 asi
625 1586 711 1639 vitam
746 1595 899 1644 asianam.
927 1585 1034 1654 inillis,
1052 1602 1124 1657 quae
1142 1604 1199 1642 non
1216 1594 1282 1643 sunt
1301 1588 1465 1658 simpliciter
1482 1588 1518 1643 sd
1537 1590 1653 1645 salutem
1669 1607 1763 1646 neees-

58 1668 152 1740 Rung.
172 1668 201 1722 in
221 1685 242 1722 ο
261 1674 304 1725 33.
322 1668 450 1725 Exodi.**
485 1670 725 1736 Quemadmodum
742 1690 807 1727 vero
830 1690 898 1727 uxor
927 1671 1006 1726 saria.
1043 1679 1067 1728 9.
1095 1674 1151 1728 Sed
1175 1673 1279 1744 regerit
1302 1673 1501 1728 Bellarminus:
1528 1675 1607 1729 Sicut
1632 1677 1689 1744 cir,
1713 1676 1764 1744 qui
1824 1686 1827 1691 ’

59 1755 144 1811 iidem
167 1755 300 1826 frangens
322 1756 421 1811 marito
448 1763 476 1812 et
499 1758 665 1813 adulterium
690 1760 900 1815 committensa
927 1766 967 1811 est
990 1768 1075 1828 caput
1095 1760 1234 1828 mulieris,
1258 1777 1315 1813 non
1342 1768 1449 1813 termas·
1466 1777 1605 1814 removere
1623 1763 1659 1814 ab
1676 1779 1762 1816 secors

59 1843 161 1897 marito
175 1842 352 1912 repudiatur,
377 1842 416 1896 sic
437 1843 513 1898 Deus
533 1844 666 1899 ecclesiae
687 1845 844 1914 adulterae,
871 1846 899 1900 id
927 1860 1032 1897 omnem
1051 1843 1250 1912 ipsoraatiam,
1270 1853 1377 1899 tmetar
1398 1855 1491 1899 wama
1504 1864 1644 1901 removere
1657 1866 1762 1902 omnem

58 1916 121 1984 est'
142 1927 326 1982 idololatriam
364 1929 496 1997 sectanti,
537 1929 586 1984 dat
622 1930 749 1985 libellum
783 1932 899 2002 repudii,
926 1946 1064 1997 errorem,
1089 1947 1122 1983 ee
1146 1948 1200 2000 qao
1224 1948 1355 1999 mapsam
1374 1933 1496 2002 aliquod
1513 1934 1619 1986 malam
1637 1935 1762 2002 oricum·

57 2013 134 2069 Esai.
159 2021 184 2081 l,
208 2031 233 2068 v.
254 2019 304 2068 21:
333 2016 476 2078 Quomodo
495 2017 576 2077 facta
595 2026 636 2069 est
653 2018 785 2071 meretrix
801 2019 901 2072 civitas
927 2015 968 2068 ita
993 2013 1121 2068 Christus
1146 2023 1253 2070 emetur
1279 2034 1420 2071 resacrare
1448 2037 1554 2072 omnem
1580 2036 1703 2073 errorem
1728 2022 1764 2073 ab

56 2100 183 2165 fidelis!
210 2099 311 2156 Jerem.
333 2107 362 2168 3,
382 2119 409 2157 v.
428 2106 457 2157 8:
483 2102 558 2155 Vidit
571 2104 801 2172 praevaricatrice
817 2104 899 2158 ,luda
928 2100 1106 2166 ecclesiaste
1124 2120 1178 2172 quo
1198 2119 1328 2172 mapsam
1347 2105 1439 2158 oritur
1456 2105 1570 2173 malum,
1588 2105 1656 2158 talis
1672 2114 1763 2159 autem

57 2185 457 2257 (ecclesiainreguoiudae),
471 2191 549 2256 qssod
561 2205 622 2241 cum
636 2191 793 2259 sororrjss
805 2191 900 2245 Israel
926 2194 968 2240 est
987 2187 1077 2240 omnis
1096 2205 1178 2242 error
1199 2188 1277 2242 circa
1292 2189 1388 2257 fidem.
1425 2189 1648 2259 Respondemus:
1667 2197 1699 2244 ut
1720 2206 1763 2244 ec·

58 2270 191 2338 (ecclesia
209 2272 239 2326 in
256 2288 342 2343 regno
358 2271 455 2335 lsrail)
475 2274 619 2327 moechata
634 2283 712 2342 mast,
733 2276 899 2330 dimisissem
926 2273 1017 2341 cleeia
1035 2291 1090 2327 non
1114 2272 1216 2328 desinit
1240 2289 1301 2327 esse
1320 2272 1423 2327 Christi
1447 2290 1561 2344 eponae,
1584 2275 1651 2330 licet
1669 2275 1763 2330 naevis

59 2373 125 2411 eum
148 2365 174 2411 et
198 2358 338 2411 dedissem
357 2359 385 2411 ei
402 2357 528 2411 libellum
546 2359 663 2429 repudii
680 2367 705 2413 et
725 2379 781 2415 noa
800 2362 899 2430 timuit,
927 2360 1094 2429 quibusdam
1119 2365 1297 2429 peccatorum
1315 2359 1434 2423 laboret,
1459 2360 1500 2415 sic
1517 2377 1569 2415 nec
1586 2361 1687 2415 desinit
1702 2377 1762 2416 esse

59 2443 113 2495 sed
132 2443 202 2496 obis‘t
221 2451 247 2495 et
255 2444 407 2511 fornicata
421 2451 461 2496 est
475 2444 698 2513 ctiamipsaete.
731 2453 755 2500 5.
768 2447 797 2501 si
814 2465 846 2502 ex
859 2465 900 2510 eo.
926 2446 1052 2514 ecclesia,
1068 2446 1133 2500 licet
1153 2444 1292 2499 erroribus
1304 2445 1472 2515 quibusdam
1483 2445 1648 2500 involvatur.
1679 2447 1760 2513 Quod

59 2528 136 2599 quod
161 2527 286 2583 Christus
311 2528 348 2583 sit
371 2546 489 2600 sponsus
506 2530 655 2599 ecclesiae,
684 2531 779 2587 inferri
797 2540 898 2603 posset,
925 2535 947 2588 si
967 2550 1072 2589 utores
1092 2536 1190 2587 contra
1206 2529 1417 2586 fundamentum
1436 2542 1594 2603 pugnantes
1610 2533 1761 2603 amplecta-

42 2614 196 2669 ·ecclesiae
208 2620 364 2685 competere
377 2614 493 2670 liberam
513 2622 541 2670 et
559 2615 715 2671 absolutam
732 2624 898 2689 potestatem
925 2625 984 2682 tur,
1008 2625 1076 2672 tunc
1099 2614 1200 2672 desinit
1223 2633 1283 2672 esee
1309 2617 1425 2672 ecclesia
1449 2622 1478 2672 et
1501 2617 1530 2672 in
1548 2617 1602 2673 hoo
1620 2634 1687 2673 casu
1704 2625 1761 2673 tam

59 2701 203 2756 statuendi
221 2699 356 2771 quidquid
375 2700 442 2755 velit
459 2700 581 2773 itemque
599 2703 776 2775 privilegium
791 2723 846 2760 non
859 2697 908 2760 er?
925 2722 981 2759 non
1009 2711 1120 2760 tenetur
1145 2704 1271 2759 Christus
1302 2703 1339 2758 ab
1364 2703 1481 2760 ecclesis
1508 2722 1617 2759 omnem
1642 2721 1762 2760 errorem

58 2785 155 2855 randi,
173 2802 343 2857 consequens
361 2785 447 2851 foret,
472 2788 628 2858 apostolum
642 2788 713 2859 Eph.
732 2797 756 2846 5.
775 2790 846 2846 hanc
863 2792 899 2846 si·
925 2807 1074 2855 removere,
1094 2807 1176 2863 quam
1196 2791 1312 2845 mammis
1332 2807 1387 2845 non
1400 2796 1510 2845 tenetur
1522 2790 1558 2845 ab
1570 2808 1656 2847 uxore
1666 2791 1762 2847 rebelli

58 2870 244 2926 militudinem
262 2871 386 2944 conjugii
398 2875 501 2928 terreni
518 2880 547 2929 et
561 2875 712 2945 spiritualis
728 2877 800 2933 male
813 2879 900 2950 appli-
926 2882 956 2932 et
974 2875 1136 2932 retractatis
1153 2894 1283 2945 errorem,
1301 2893 1334 2930 ex
1352 2893 1407 2946 quo
1427 2893 1559 2948 magnum
1577 2877 1689 2948 aliquod
1706 2893 1762 2931 ma·

59 2973 146 3013 cassa
170 2956 349 3028 Consequens
361 2965 405 3013 est
416 2959 576 3015 absurdum.
596 2961 670 3033 Ergo
683 2968 711 3016 et
723 2965 900 3020 antecedens.
926 2963 984 3017 lum
1000 2963 1114 3029 oriatur,
1130 2979 1278 3018 removere.
1316 2970 1338 3016 2.
1355 2961 1452 3016 Thess.
1472 2968 1497 3030 t,
1516 2979 1540 3015 v.
1561 2968 1607 3018 11:
1628 2964 1701 3026 (issia
1717 2981 1763 3017 ca·

59 3044 201 3101 Conuexio
217 3044 366 3115 probatur,
385 3045 453 3115 quia
470 3047 614 3116 apostolus
631 3047 708 3112 dicit,
726 3049 798 3103 mmet
816 3052 900 3105 mels·
926 3051 1037 3103 ritatem
1061 3050 1191 3103 ueritatis
1214 3067 1270 3102 aon
1293 3056 1472 3118 receperant,
1496 3049 1585 3102 mitta
1603 3049 1663 3102 illis
1683 3053 1763 3103 Deru

59 3131 106 3185 sia
126 3133 250 3201 subjecta
269 3139 310 3185 est
329 3131 450 3193 Christo,
469 3134 511 3186 ita
526 3150 633 3202 qaoque
646 3152 748 3188 scores
758 3136 828 3189 viris
840 3138 900 3190 sues
926 3135 1086 3202 efficaciam
1112 3135 1227 3189 erroris
1273 3140 1311 3189 10.
1335 3133 1485 3187 Promissio
1506 3132 1608 3188 Christi
1632 3133 1695 3188 doh.
1723 3139 1762 3196 16,

59 3218 188 3271 ersbditas
210 3234 275 3272 esse.
311 3217 414 3289 Finge,
439 3219 583 3274 ecclesiam
607 3219 711 3274 habere
736 3221 853 3277 liberam
872 3229 901 3278 et
926 3238 952 3274 v.
975 3227 1016 3275 13:
1037 3219 1163 3288 Spiritus
1181 3220 1306 3272 osrimis
1324 3221 1406 3272 duest
1423 3236 1472 3271 oos
1490 3219 1520 3271 isi
1539 3236 1644 3272 omnem
1661 3222 1761 3273 verita·

61 3303 217 3359 absolutam
252 3308 419 3375 potestatem
447 3305 587 3359 statuendi
618 3306 754 3376 quidquid
780 3308 848 3363 velit
872 3315 900 3365 et
927 3315 994 3368 tem,
1019 3305 1131 3376 proprie
1152 3312 1180 3359 et
1202 3304 1393 3375 principaliter
1417 3304 1452 3358 ad
1479 3303 1618 3373 apostolos
1635 3306 1762 3374 pertinet,

61 3389 221 3446 absolutum
246 3390 360 3460 aliquod
382 3407 438 3445 non
461 3391 571 3446 errandi
590 3391 780 3463 privilegium,
804 3411 900 3465 seque·
927 3393 975 3464 qui
993 3409 1055 3446 cum
1074 3390 1259 3446 immediatam
1272 3389 1391 3460 Spiritus
1411 3391 1499 3444 sancti
1517 3390 1702 3444 assistentiam
1714 3392 1762 3447 ha·

60 3483 115 3542 tur,
134 3475 218 3530 talem
234 3480 401 3546 potestatem
423 3493 455 3530 ac
472 3476 528 3531 tale
546 3476 722 3547 privilegium
736 3479 764 3532 in
777 3495 808 3534 re
822 3496 899 3535 oeco-
927 3478 1049 3541 buerint,
1073 3477 1102 3530 in
1127 3477 1253 3531 doctrina
1268 3475 1334 3530 fidei
1352 3492 1442 3530 errare
1462 3492 1519 3530 non
1536 3484 1700 3546 potuerunt3
1725 3478 1762 3532 ad

60 3562 172 3616 nomica
190 3562 272 3617 etiem
291 3570 446 3632 competere
463 3562 602 3630 uxoribus,
621 3563 737 3618 liberum
749 3565 835 3636 igitur
845 3566 900 3620 illie
926 3566 1047 3636 reliquos
1065 3563 1162 3618 fideles
1179 3563 1249 3618 haec
1266 3561 1409 3632 promissio
1423 3569 1537 3617 eatenus
1548 3563 1677 3633 pertinet,
1695 3581 1761 3635 qua·

61 3649 121 3711 erit,
139 3655 251 3716 praeter
268 3647 359 3701 mariti
378 3648 548 3703 voluntatem
568 3648 597 3702 in
615 3651 775 3707 oeconomia
788 3651 900 3722 proprio
926 3656 1007 3706 tenus
1026 3649 1167 3704 doetrinae
1187 3648 1373 3718 apostolorum
1392 3648 1421 3703 iu
1441 3649 1589 3720 Scripturie
1603 3650 1688 3704 sacris
1701 3668 1761 3722 pro·

60 3733 175 3789 arbitrio
192 3734 334 3805 quippiam
356 3739 484 3796 statuere,
504 3735 637 3789 mandata
654 3736 745 3789 mariti
764 3736 900 3808 abrogare
927 3736 1033 3807 positae
1058 3735 1139 3790 unice
1163 3735 1317 3790 adhaerent
1343 3742 1371 3790 et
1395 3735 1534 3790 insistunt
1572 3743 1612 3793 11.
1635 3736 1762 3809 Denique

60 3820 185 3890 adeoque
206 3837 256 3890 pro
271 3818 354 3873 libitu
373 3819 465 3874 omnia
485 3836 574 3891 agere.
612 3820 735 3892 Egregia
751 3840 816 3877 vero
835 3823 898 3879 obe·
927 3841 992 3878 num
1026 3823 1111 3877 solius
1139 3821 1281 3877 &manae
1311 3822 1445 3877 ecclesiae
1475 3828 1560 3892 caput
1589 3828 1617 3878 et
1645 3839 1763 3894 sponsus

60 3904 167 3960 dientia
191 3905 323 3960 uxoribus
349 3922 382 3959 ac
405 3906 531 3975 apostolo
550 3908 736 3977 praescripta!
773 3914 797 3965 6.
819 3908 846 3965 Si
866 3927 899 3966 er
928 3909 1056 3965 Christus
1089 3909 1153 3964 est?
1193 3926 1259 3963 num
1289 3909 1340 3963 soli
1365 3908 1506 3963 Romanae
1532 3909 1665 3963 ecclesiae
1691 3909 1761 3963 illud

61 4009 109 4060 eo,
135 3992 209 4062 quod
227 3991 352 4046 Christus
376 3992 412 4045 sit
428 3992 562 4046 ecclesiae
581 4009 699 4063 sponsus
717 4000 745 4049 et
763 3995 837 4064 qnod
856 4013 899 4051 ec·
926 3997 1066 4067 competit,
1085 3997 1160 4068 quod
1177 3997 1215 4051 sit
1231 4013 1316 4050 unum
1333 4012 1441 4065 corpus,
1459 4011 1532 4048 unus
1551 3994 1689 4065 Spiritus?
1713 3996 1761 4049 mi·

61 4078 147 4134 elcsia
163 4083 277 4149 regatur
295 4094 312 4130 a
332 4077 437 4148 Spiritu
456 4084 560 4145 sancto,
580 4078 675 4133 inferri
691 4088 794 4150 posset,
812 4083 899 4138 eccle·
925 4084 1000 4138 nime
1017 4099 1098 4145 vero,
1118 4083 1167 4138 sed
1185 4089 1261 4137 certa
1278 4080 1386 4135 ratione
1404 4079 1530 4135 omnibus
1550 4080 1762 4150 particularibus

60 4164 131 4218 siam
151 4164 277 4218 absolute
296 4171 323 4218 et
341 4163 503 4234 simpliciter
520 4180 665 4235 nonposse
684 4181 785 4230 errare,
804 4184 897 4224 conse·
925 4168 1049 4224 ecclesiis
1067 4169 1134 4223 illud
1153 4167 1292 4237 competit.
1328 4166 1393 4221 Jem
1412 4182 1478 4220 vero
1494 4166 1653 4220 concedunt
1667 4167 1762 4221 adver·

60 4267 148 4322 quens
168 4250 246 4312 foret,
267 4249 392 4320 singulos
408 4249 506 4304 fideles
525 4250 691 4306 aberrandi
709 4252 832 4323 periculo
849 4256 898 4309 im·
925 4254 1004 4323 sarii,
1028 4270 1123 4309 omnes
1148 4254 1279 4307 eeclesiae
1296 4251 1478 4322 particulares
1497 4253 1557 4307 sola
1574 4252 1700 4307 Romanu
1717 4271 1762 4307 er-

59 4352 157 4391 munes
184 4351 253 4390 esse.
293 4335 376 4390 Ratio
398 4336 573 4391 connexionis
594 4343 647 4400 est,
682 4338 749 4408 quia
772 4338 897 4393 Christus
924 4344 1006 4409 cepta
1031 4355 1122 4394 errare
1139 4353 1230 4409 posse.
1264 4337 1339 4409 Ergo
1360 4354 1393 4392 ex
1412 4336 1454 4391 his
1475 4336 1556 4391 dictis
1575 4355 1629 4393 nou
1646 4343 1763 4409 possunt

60 4428 103 4479 eet
126 4421 249 4492 cujusvis
274 4421 364 4476 tidelis
390 4422 498 4477 animae
518 4439 635 4494 sponsus
660 4429 688 4478 et
709 4425 813 4495 quisvis
833 4443 898 4480 vere
924 4424 1101 4494 privilegium
1132 4423 1244 4494 aliquod
1276 4423 1399 4494 speciale
1429 4441 1485 4478 non
1513 4424 1623 4500 errandi
1654 4425 1761 4493 elicere,

57 4507 149 4564 fidelis
166 4507 272 4578 regitur
287 4524 305 4561 a
322 4507 427 4577 Spiritu
444 4515 548 4565 saneto.
584 4508 639 4565 Sed
659 4526 830 4581 consequens
850 4526 896 4565 ne·
924 4510 992 4564 eliae
1029 4510 1157 4564 omnibus
1192 4508 1408 4580 particularibus
1439 4511 1561 4565 eeclesiis
1591 4510 1660 4565 illud
1690 4510 1762 4565 foret

58 4596 144 4666 gitur
161 4594 197 4647 ab
215 4594 388 4650 adversariis.
424 4593 499 4666 Ergo
517 4612 569 4650 nec
587 4597 754 4652 antecedens
767 4596 897 4666 amplecti
924 4613 1076 4651 commune.

59 4680 169 4736 debent.
216 4687 239 4734 ’1.
264 4679 294 4735 si
316 4696 349 4734 ex
371 4697 416 4740 eo,
449 4681 523 4750 quod
547 4680 675 4737 Christus
699 4688 742 4738 est
764 4683 898 4739 ecclesiae
961 4688 1017 4738 119.
1054 4681 1176 4737 Prodest
1214 4682 1326 4737 tertium
1356 4683 1517 4738 Bellarmini
1554 4684 1794 4755 argumentum&
1810 4686 1874 4728 osu-

59 4784 177 4838 eponsus
207 4771 236 4821 et
258 4767 333 4838 quod
355 4766 472 4822 ecclesia
495 4766 601 4838 regitur
624 4785 642 4822 a
666 4770 770 4840 Spiritu
793 4777 897 4838 smcto,
925 4769 1091 4837 Obliqamur
1107 4768 1158 4820 sab
1176 4768 1363 4821 anathematis
1377 4785 1473 4837 poena
1492 4772 1608 4822 credere
1627 4769 1762 4823 molesios
1774 4748 1866 4829 {imai}

59 4854 157 4909 inierri
177 4859 279 4923 posset,
298 4853 445 4908 ecelesiam
460 4853 586 4908 absolute
600 4854 738 4926 loquendo
750 4874 804 4911 non
817 4875 898 4927 posse
924 4857 954 4910 in
976 4854 1116 4922 omnibus,
1141 4862 1173 4907 at
1189 4862 1268 4924 potet
1287 4855 1391 4908 Mattio.
1413 4857 1461 4907 18:
1489 4853 1524 4908 Si
1542 4855 1689 4908 ecclesiam
1707 4874 1762 4909 aaa
1775 4841 1895 4933 flggffiffi,

60 4955 167 5008 errare,
186 4956 359 5011 consequens
375 4939 462 5009 foret,
480 4938 624 4994 ecclesiam
642 4941 725 4997 etiam
744 4959 799 4996 non
817 4959 898 5013 posse
924 4941 1058 5010 aradios-it,
1074 4941 1112 4994 sit
1121 4941 1173 4994 tibi
1190 4941 1264 4994 cetat
1281 4940 1407 4993 sthoicus
1419 4940 1642 5008 “publicarem
1661 4949 1686 4992 et
1698 4958 1760 4994 con·

59 5043 185 5100 peccare.
220 5026 304 5080 Ratio
323 5024 500 5081 connexionis
521 5030 570 5088 est,
591 5027 657 5096 quia
674 5028 809 5097 peccandi
826 5029 897 5100 peri·
924 5028 992 5081 cilia
1016 5027 1110 5080 ommia
1133 5026 1230 5079 dicarit
1248 5025 1397 5079 anatliema
1414 5043 1469 5078 non
1489 5025 1702 5079 meentientibas
1720 5044 1761 5081 sc·

59 5114 155 5170 culum
180 5129 236 5167 non
253 5112 344 5166 minus
364 5112 392 5167 in
410 5112 551 5167 Christum
570 5118 599 5167 ct
619 5112 753 5182 Spiritum
770 5122 896 5170 sanctum
923 5114 1027 5167 clasiae
1051 5113 1181 5166 decretis.
1225 5111 1263 5163 stt
1289 5111 1415 5179 iniquum
1440 5117 1512 5163 esset
1536 5110 1586 5162 ssd
1602 5117 1660 5163 tam
1679 5113 1763 5179 praei

60 5200 218 5255 redundare
230 5199 348 5261 ridetur,
366 5215 448 5269 quam
461 5195 615 5270 periculum
628 5199 746 5253 errandi.
777 5198 898 5256 Proinde
920 5216 1014 5270 poena
1041 5197 1165 5264 obiiyari
1191 5198 1232 5250 aci
1256 5198 1463 5250 cessatieodum
1487 5197 1568 5248 rebus
1595 5196 1710 5251 incertis
1736 5207 1762 5252 st

60 5292 93 5340 ut
117 5284 303 5340 Bellarminus
322 5281 443 5355 colligit:
480 5282 508 5338 Si
533 5283 649 5338 ecclesia
672 5283 701 5336 in
721 5284 898 5355 dogmatibus
924 5286 1064 5338 interdum
1086 5283 1189 5352 fabis.
1240 5280 1465 5352 Respondemus:
1495 5287 1514 5335 l.
1535 5281 1640 5337 dictum
1658 5282 1761 5340 Christi

60 5371 127 5427 fidei
149 5371 193 5425 vel
212 5388 320 5425 morum
338 5376 455 5439 erraret,
484 5369 594 5424 Christo
617 5374 645 5424 et
663 5368 778 5439 Spiritui
803 5376 899 5427 sancto
924 5369 1022 5426 Matth.
1052 5375 1096 5438 18,
1122 5387 1148 5425 v.
1171 5376 1208 5423 17.
1228 5367 1338 5438 proprie
1358 5366 1417 5438 agit
1435 5366 1470 5421 de
1491 5368 1614 5422 censuris
1633 5369 1760 5427 ecclesia·

60 5475 137 5514 error
147 5457 329 5524 tribueretur,
349 5456 389 5511 ita
401 5456 463 5528 pari
475 5457 582 5511 ratione
595 5455 727 5527 colligere
738 5471 897 5527 possumus:
924 5457 1000 5515 stiois
1022 5461 1052 5511 et
1076 5455 1112 5510 de
1136 5454 1305 5510 correctione
1328 5458 1520 5525 peccatorum,
1541 5470 1597 5509 non
1613 5460 1706 5511 autem
1725 5457 1761 5512 de

61 5542 92 5597 Si
111 5542 230 5597 ecclesia
247 5547 391 5614 peccaret,
410 5540 522 5597 Christo
538 5547 567 5597 et
586 5541 702 5614 Spiritui
720 5547 817 5598 sancto
833 5559 898 5614 pec·
925 5542 1052 5600 memus
1075 5539 1152 5598 aaa.
1195 5539 1326 5596 Ostendit
1350 5539 1403 5595 boc
1428 5540 1514 5596 series
1539 5545 1701 5597 cmtextus:
1728 5543 1762 5597 Si
