4004 6022
836 240 888 295 DE
909 239 1101 297 ECCLESIA.
1759 254 1817 311 547

116 392 231 446 ordinis
252 392 397 446 monacbis
414 394 456 445 ad
472 392 622 446 monachos
641 393 751 446 ordinis
770 395 956 462 praedicato·
983 394 1057 448 torio
1072 396 1297 462 profundebant.
1335 396 1414 450 Tunc
1431 404 1544 450 sumtus
1561 396 1708 450 Martinus
1720 399 1817 452 latire

115 497 181 532 rum
198 479 289 542 suerit
307 480 487 546 translatum,
507 480 587 547 eujus
606 479 650 532 rei
668 487 764 533 testem
783 481 851 534 citat
871 480 956 534 Cocli·
982 497 1032 532 rus
1055 480 1277 547 Aaprcstinianus
1302 481 1515 549 Witeberpensis
1539 483 1571 534 in
1595 483 1721 537 Sauonia
1744 484 1819 537 tlseo-

116 567 212 618 lucam
230 565 261 619 in
278 565 350 619 actis
364 565 487 618 mitiori.
524 564 695 618 ”Erasmus
714 564 744 618 in
761 566 839 636 epist.
860 571 958 622 eontm
984 564 1090 631 loeium
1101 567 1267 634 prcnfessus,
1286 567 1336 634 qui
1352 568 1486 627 refutatis
1499 568 1637 637 primum,
1658 586 1719 621 moe
1740 571 1818 623 dam-

115 650 366 721 pseudoevangsl.:
396 651 503 713 Profer
527 651 606 718 inibi,
637 667 716 720 queem
743 653 819 704 istud
842 669 956 722 eoanpe-
983 652 1059 704 natis
1083 669 1255 722 praeconum
1282 653 1460 705 concionibus
1483 670 1514 706 eo
1532 660 1676 720 postremo
1702 657 1819 716 devenit,

115 738 189 792 liam
206 755 239 791 ea
257 744 442 791 comessatore
462 737 594 799 sobrium,
613 752 646 789 ea
663 738 759 801 feroci
775 746 956 804 omnsnetum,
983 745 1012 790 ut
1030 738 1122 805 ipsam
1137 737 1281 805 pontificis
1296 746 1476 806 potestatem,
1506 755 1589 806 quem
1615 739 1671 791 sibi
1692 740 1818 807 perillo

117 840 152 876 ca
166 823 272 890 rapaci
285 822 442 889 liberalem,
460 839 492 873 aa
510 821 650 874 maledico
669 823 840 893 benedicum,
858 841 890 877 ea·
905 825 955 879 im·
968 811 971 876 l
983 823 1144 891 diplomata
1154 823 1319 891 arrepebat,
1336 825 1366 876 in
1375 823 1491 877 clumam
1502 833 1646 879 reuocaret
1659 842 1694 877 ac
1706 828 1818 878 tandem

84 942 89 949 -
113 909 223 978 pudico
252 908 412 961 reddiderit
445 909 640 964 uerecundum.
680 909 746 977 Epo
775 910 827 962 tibi
854 911 956 965 multos
982 908 1024 960 ad
1041 908 1188 960 doctrinae
1208 923 1330 975 eramen,
1350 926 1434 976 quain
1453 926 1581 962 successu
1597 910 1818 978 temporislabe·

117 985 282 1055 ostendam}
307 993 528 1062 quisactisunt
546 993 664 1062 seipsis
684 995 844 1050 deteriores.
887 995 956 1057 Quis
981 995 1121 1058 factatam
1154 994 1278 1056 dicebat,
1315 995 1499 1047 crescentibus
1531 1011 1585 1063 per
1618 996 1819 1048 contentionem

116 1097 241 1148 unquam
258 1079 330 1132 vidit
346 1082 378 1131 in
394 1078 512 1132 illorum
529 1078 707 1132 concionibus
719 1096 884 1150 picemquam
899 1099 956 1150 pro
983 1079 1086 1133 animis
1110 1081 1299 1134 descenderet.
1333 1079 1412 1134 Haec
1438 1079 1653 1136 Guieciardinus
1676 1087 1705 1135 et
1727 1081 1819 1136 Thun-

116 1165 178 1218 suis
191 1165 319 1234 peccatis
334 1165 501 1231 suadentem
518 1165 670 1232 mainus,
689 1166 847 1219 tundentem
859 1175 957 1237 pectus
982 1182 1034 1218 nus
1056 1182 1118 1218 eum
1137 1164 1261 1220 Slsidaui
1280 1165 1427 1229 relatione,
1451 1166 1578 1236 adeoque
1601 1183 1665 1220 eum
1689 1166 1819 1223 historiae

118 1260 169 1304 aut
197 1251 441 1321 inpomiscenteml
472 1250 653 1319 circumspice
682 1250 752 1303 mili
777 1253 957 1307 sodalitatem
984 1250 1101 1305 veritate
1119 1258 1214 1306 exacte
1234 1251 1443 1305 eonsentientes.
1479 1251 1663 1322 Nequaquam
1681 1252 1767 1322 igitur
1779 1253 1819 1307 in·

119 1339 204 1392 mmm
230 1336 432 1406 coanpelicam,
461 1343 527 1404 quot
548 1336 629 1388 labet
648 1336 809 1406 adulteros,
837 1346 902 1406 picot
920 1345 957 1390 te·
983 1337 1060 1391 vidis
1088 1337 1132 1392 vel
1162 1337 1276 1392 ambitio
1306 1337 1436 1401 Lutheri,
1466 1338 1516 1393 sed
1543 1337 1661 1392 avaritia
1681 1337 1820 1408 pontificis

121 1424 267 1484 incientes,
287 1429 353 1491 quot
371 1421 518 1488 aleatores,
536 1428 602 1488 quot
620 1423 789 1493 clccoctores,
808 1430 873 1492 quot
892 1423 959 1475 aliis
984 1429 1012 1477 et
1035 1423 1207 1493 impudentia
1229 1423 1346 1477 Tetzelii
1368 1424 1484 1491 primam
1509 1422 1585 1478 hisee
1610 1423 1729 1477 motibus
1755 1441 1819 1478 ceu·

119 1510 198 1563 uitiis
216 1510 349 1574 infames.
378 1499 494 1577 Alleg'at
509 1505 804 1562 etlaudatGretserus
819 1509 847 1562 in
860 1525 958 1562 comm
984 1526 1044 1564 sam
1071 1509 1223 1572 dederunt,
1255 1509 1278 1561 is
1310 1509 1382 1562 enim
1411 1509 1645 1579 indulgentiarum
1670 1526 1770 1578 praeco
1793 1516 1821 1564 et
1903 1496 1906 1500 ⁴

120 1592 490 1662 deduobusnummisp.5t.
515 1591 622 1647 Comel.
638 1591 770 1662 aLapide
783 1593 812 1647 in
820 1600 844 1649 2.
852 1594 927 1648 Patr.
935 1601 957 1648 2.
985 1601 1143 1650 aeruscator
1170 1611 1187 1648 a
1214 1612 1263 1648 suo
1288 1594 1420 1664 pontifice
1446 1594 1613 1649 constitutus
1639 1595 1818 1665 impudentis·

119 1680 304 1735 Bellarminus
327 1678 376 1733 lib.
400 1685 421 1733 t.
448 1677 482 1732 de
508 1677 616 1748 indulg.
635 1695 659 1732 e,
680 1685 709 1733 l:
738 1680 883 1733 Martinus
902 1682 957 1733 Lu·
986 1680 1054 1737 sime
1072 1681 1267 1751 praedicabat,
1295 1681 1404 1734 nullum
1421 1698 1480 1734 esse
1500 1690 1556 1732 tam
1577 1699 1708 1747 mnpnum
1723 1697 1821 1749 pecca·

119 1770 229 1836 tlrcrus,
257 1767 306 1836 qui
321 1772 418 1820 nostro
437 1764 531 1817 seculo
549 1765 584 1815 ab
603 1764 845 1831 indulpcntiarum
863 1782 958 1834 repre·
985 1775 1055 1835 tum,
1075 1767 1186 1820 etiamsi
1201 1766 1264 1834 quis
1278 1783 1333 1835 per
1352 1766 1523 1834 impossibiie
1543 1775 1661 1820 matrem
1679 1768 1738 1819 Dei
1754 1785 1822 1819 cein-

120 1855 252 1907 leensione
268 1851 441 1921 principium
454 1851 530 1917 sccit
548 1858 640 1903 sectae
659 1867 727 1903 sicae
739 1853 958 1921 propapandae,
984 1860 1150 1922 stuprasset,
1172 1853 1238 1921 quin
1253 1869 1308 1921 per
1326 1852 1518 1918 indulpentias
1536 1852 1610 1905 solvi
1626 1854 1721 1921 possit
1726 1874 1736 1920 ,·
1760 1853 1821 1904 ani·

121 1948 151 1994 ut
166 1940 349 2008 perspicuum
367 1945 421 2005 est,
444 1953 476 1989 en
493 1938 608 1991 recolat.
627 1938 662 1989 de
680 1936 789 2004 indulp.
809 1955 841 1990 ea
858 1946 958 1994 essert.
984 1958 1045 1992 mas
1074 1941 1109 1992 de
1136 1939 1307 2007 paurpatorio
1338 1938 1432 1992 statim
1463 1939 1594 2006 evolare,
1629 1940 1678 1991 ubi
1708 1939 1822 1991 ‹tuddus

119 2026 201 2079 artic.
225 2042 244 2078 a
266 2025 359 2078 Leone
378 2022 414 2075 Χ.
438 2025 651 2087 damnatorum,
677 2039 709 2075 ec
732 2023 814 2076 initio
838 2023 906 2076 libri
923 2024 958 2075 de
982 2026 1072 2089 faerit
1089 2043 1175 2078 sonus
1190 2025 1328 2093 pecuniae
1345 2025 1375 2077 in
1395 2025 1494 2077 cistam
1517 2025 1675 2093 conjectae;
1699 2025 1821 2077 nollem

120 2112 224 2178 captio.
246 2110 386 2177 Babylon.
411 2115 438 2162 st
463 2109 530 2162 alies
557 2109 619 2176 ejus
643 2109 795 2162 libella.**
834 2108 957 2178 Respon-
985 2115 1019 2166 de
1034 2111 1147 2180 potiore
1167 2110 1229 2164 loco
1247 2111 1278 2164 in
1296 2128 1381 2178 repno
1401 2111 1543 2163 cocmrum
1556 2130 1617 2163 cans
1633 2112 1717 2163 Petro
1733 2109 1820 2179 optio·

121 2198 233 2250 demus:
263 2193 442 2249 '‘*Lutherus
466 2193 678 2264 diligentissime
696 2210 810 2248 munere
828 2211 878 2250 sno
895 2195 957 2248 fan-
985 2215 1047 2250 nem
1072 2197 1146 2250 inire
1175 2216 1236 2249 cum
1259 2196 1318 2248 suis
1345 2197 1544 2263 indrdaentiis,
1575 2213 1637 2247 acm
1657 2196 1758 2264 plures
1783 2196 1821 2248 ab

120 2287 183 2335 ctus
202 2285 260 2344 est,
279 2285 339 2334 tots
355 2278 442 2350 ipsius
462 2280 522 2334 vita
541 2296 597 2333 non
614 2280 643 2332 in
662 2279 719 2334 otio
734 2279 789 2334 fuit
805 2285 958 2346 consumta,
985 2283 1100 2336 interitu
1123 2284 1234 2336 animas
1258 2282 1410 2338 redemerit
1434 2299 1518 2350 quam
1546 2282 1649 2333 Petrus
1681 2282 1821 2349 eoarspelii

120 2370 195 2437 qnod
215 2365 274 2421 fieri
293 2366 364 2421 solet
382 2364 458 2435 apud
472 2363 632 2420 Pontificius
651 2365 733 2420 etism
750 2381 805 2433 eos,
825 2365 872 2436 qui
887 2364 958 2419 inter
984 2369 1030 2421 sui
1053 2368 1277 2437 praedications.
1324 2365 1465 2422 ”Notati
1494 2365 1539 2419 hie
1567 2365 1636 2420 illud
1668 2367 1820 2437 Augustini

119 2453 263 2523 religiosos
293 2450 459 2507 sanctusimi
491 2451 645 2521 habentur,
684 2450 734 2508 sed
764 2452 794 2505 in
824 2451 958 2520 docendo,
985 2454 1033 2509 lib.
1049 2461 1075 2510 3.
1096 2461 1195 2508 contra
1211 2452 1341 2509 Petilian.
1362 2470 1386 2509 c.
1407 2460 1446 2508 10.
1465 2460 1569 2522 potest:
1597 2453 1713 2507 Inimico
1730 2454 1820 2508 detra·

119 2538 316 2609 praedicando,
336 2538 520 2606 consolando,
538 2539 567 2592 in
586 2536 705 2592 ecclesia
721 2537 768 2608 pie
787 2536 958 2592 instituenda
984 2539 1061 2595 henti
1084 2557 1139 2594 non
1163 2538 1340 2595 credendum.
1378 2537 1518 2592 Lutherus
1542 2544 1607 2593 tom.
1626 2544 1649 2592 e.
1672 2539 1691 2593 s.
1712 2545 1770 2593 313).
1789 2555 1821 2593 a:

120 2631 149 2680 et
171 2624 356 2697 gubernanda
378 2625 497 2695 sliisqns
519 2641 586 2680 suae
610 2624 763 2679 vocsuonis
790 2623 957 2687 muneribus,
985 2627 1047 2695 tillo
1070 2627 1142 2696 astet
1160 2625 1238 2687 mite,
1259 2635 1310 2680 ner
1330 2627 1406 2679 anter
1427 2625 1482 2678 tem
1502 2624 1583 2692 baeti
1605 2623 1672 2678 tarta
1692 2630 1745 2678 aus
1765 2625 1821 2679 bem

120 2710 148 2765 id
175 2711 250 2781 quod
277 2709 394 2765 historic
415 2710 490 2766 vitas
516 2715 545 2764 st
568 2726 653 2781 opera
670 2710 700 2764 in
719 2708 863 2780 publicum
882 2708 958 2763 edita
984 2713 1081 2782 tutta
1106 2713 1153 2766 ben
1179 2711 1280 2780 brattea
1299 2709 1459 2779 tlotttnsseitt
1482 2710 1597 2778 maden,
1621 2709 1646 2777 tc
1668 2709 1707 2764 bis
1726 2711 1822 2766 &enne

120 2796 305 2852 namneum*
343 2795 508 2851 Mendscem
526 2796 692 2851 Cochlaeum
711 2795 855 2867 redarguit
872 2793 956 2849 Guic·
984 2797 1125 2866 betolenus
1150 2799 1209 2867 tat,
1234 2799 1277 2852 bet
1301 2798 1346 2867 tat
1369 2801 1397 2851 ee
1420 2797 1554 2864 petrafita.
1597 2795 1745 2851 missenum
1770 2806 1822 2851 net

119 2882 261 2937 ciardinus
279 2882 309 2935 in
324 2880 419 2935 histor.
433 2883 473 2936 sie
487 2883 624 2937 scribens:
641 2883 765 2936 lnctlsero
786 2883 958 2936 occasionem
984 2885 1046 2954 mitt
1074 2887 1152 2940 unttt
1176 2885 1223 2938 bea
1249 2883 1455 2952 tlotttagtifteta
1481 2883 1549 2936 lana
1576 2883 1750 2950 tmeitiltigen
1768 2882 1821 2949 ‘bas

119 2970 258 3022 dederunt
288 2967 480 3034 indulpentiae
512 2970 595 3022 nimis
623 2970 740 3024 licenter
767 2984 913 3023 concessae
938 2984 958 3019 a
984 2971 1065 3042 blitea
1089 2971 1143 3026 ttttb
1165 2972 1240 3041 btgtt
1264 2972 1346 3027 neta
1373 2971 1421 3024 tta
1442 2968 1522 3038 tiabit
1542 2970 1660 3038 maden,
1689 2970 1732 3023 bet
1755 2968 1823 3023 laun

116 3053 311 3124 pontificibus,
336 3071 408 3122 auae
425 3055 494 3124 qnia
510 3057 649 3123 pecuniae
667 3063 775 3108 tantam
795 3071 815 3107 a
831 3053 959 3108 mortali·
985 3056 1052 3126 aitltt
1079 3057 1172 3127 ttblttt.
1208 3057 1286 3110 Tom.
1309 3062 1333 3110 2.
1352 3052 1464 3109 Jenens.
1489 3053 1536 3108 sol.
1560 3060 1614 3108 tta.
1632 3053 1658 3107 b.
1683 3054 1719 3108 im
1739 3056 1823 3121 {ludit

122 3142 173 3193 bris
190 3140 342 3209 mirandae
362 3141 457 3206 pratia
477 3141 595 3195 cosmedi
611 3150 706 3194 notum
724 3149 801 3209 erat,
828 3158 959 3209 ata-paam
986 3143 1066 3199 toibtt
1093 3144 1140 3199 ben
1168 3143 1254 3210 tibnifl
1281 3152 1334 3196 toa
1363 3140 1500 3208 bussibet:
1531 3139 1586 3194 aes
1613 3140 1822 3207 &datubtlgsilt

74 3246 107 3288 87.
121 3229 232 3281 turbam
262 3226 417 3279 excitarant
451 3234 477 3280 et
507 3228 738 3295 quandoquidem
766 3229 796 3281 in
822 3244 852 3282 es
879 3227 959 3295 ipsis,
985 3229 1072 3299 [libret
1096 3229 1157 3298 ibn,
1184 3230 1234 3298 tait
1258 3243 1285 3284 st
1309 3226 1379 3282 attin
1398 3226 1479 3282 beben
1498 3225 1602 3292 ittefet,
1628 3226 1677 3278 bae
1698 3225 1732 3292 id)
1751 3225 1821 3294 ielbft

122 3330 195 3383 quae
215 3313 351 3365 damnari
360 3320 502 3381 poterant,
521 3330 576 3365 non
597 3322 784 3381 correxerunt,
803 3313 853 3382 qni
864 3313 959 3382 ponti·
986 3315 1046 3386 norb
1075 3315 1142 3384 nisit
1170 3313 1236 3383 tute
1269 3314 1312 3380 itit
1339 3312 1418 3380 teilig
1446 3309 1615 3378 anagogian.
1662 3312 1742 3364 ueta
1769 3311 1820 3364 bai

117 3400 171 3469 sici
197 3398 404 3464 mibaercbant,
431 3400 524 3467 ipnem
547 3400 623 3467 flatu
649 3400 853 3468 accendebant,
881 3407 907 3452 et
930 3406 960 3452 nt
990 3406 1027 3455 11.
1053 3402 1119 3469 tint.
1143 3400 1256 3468 matta:
1290 3399 1328 3453 di
1352 3397 1383 3467 itt
1408 3397 1480 3451 utet
1508 3400 1570 3450 uati
1594 3395 1670 3449 itast
1693 3409 1724 3462 ra
1744 3396 1820 3462 tbutt,

122 3486 248 3540 homines
273 3493 379 3539 natura
402 3486 443 3536 acl
466 3485 636 3538 vehementia
657 3485 862 3540 medicamenta
879 3485 960 3539 atti-
987 3485 1046 3542 mett
1063 3487 1096 3556 [tt
1114 3487 1164 3540 bat
1184 3485 1251 3554 nitbt
1270 3483 1368 3538 littura
1388 3483 1483 3548 tribea,
1505 3482 1531 3547 lo
1551 3483 1653 3549 bingen
1672 3480 1704 3546 l'tt
1721 3480 1766 3549 stdt
1785 3494 1822 3535 aa

123 3573 215 3625 tendo
232 3577 297 3623 suro
314 3571 414 3637 proni,
433 3572 511 3639 qnod
530 3570 756 3626 <insimulatione
776 3571 896 3626 dusotui
911 3590 961 3640 po·
987 3574 1064 3643 anter
1080 3572 1171 3636 trien,
1191 3572 1241 3626 bae
1261 3570 1361 3624 tinum
1378 3569 1412 3636 su
1429 3568 1517 3636 leiren
1537 3567 1585 3622 tote
1601 3568 1634 3634 tis
1652 3567 1746 3622 neten
1760 3568 1821 3635 aad

122 3658 233 3724 inisset,
259 3657 340 3721 ripor
358 3665 384 3708 et
404 3657 496 3708 atiniae
510 3657 709 3725 perdiderunt.
746 3657 824 3711 Idem
845 3663 962 3713 testatur
986 3661 1069 3730 ittem
1098 3658 1207 3726 glitigtn
1235 3659 1338 3725 petrea.
1381 3653 1460 3707 Tam.
1487 3661 1512 3708 4.
1542 3653 1654 3707 lenens.
1685 3651 1747 3709 Lat.
1774 3652 1821 3707 fot

121 3742 184 3796 lac.
209 3742 356 3811 Angustus
381 3740 515 3794 Thnanns
542 3741 613 3795 libro
636 3749 657 3797 t.
676 3742 771 3798 histor.
789 3760 862 3798 anno
881 3749 960 3801 titt:
988 3752 1046 3802 319.
1064 3744 1096 3799 b:
1123 3744 1170 3814 3ss
1189 3744 1272 3812 made
1290 3740 1352 3811 naid
1372 3740 1438 3809 niati
1458 3753 1488 3806 ru
1507 3738 1589 3794 sineru
1609 3738 1741 3808 esiliam,
1759 3740 1821 3809 andr

123 3829 275 3880 Peccatum
294 3826 408 3897 (inquit)
428 3828 458 3880 in
476 3829 567 3880 sacris
586 3829 746 3882 niuneribns
758 3831 961 3899 dispensandis
987 3831 1118 3900 bisuntine
1144 3832 1178 3899 id
1203 3829 1286 3898 uisite
1309 3836 1362 3883 oon
1386 3826 1495 3882 meinent
1518 3826 1613 3891 beben,
1639 3826 1748 3892 iontem
1769 3837 1821 3881 ton

123 3915 279 3967 admissum
297 3917 353 3967 Leo
372 3913 407 3967 X.
429 3916 558 3983 pontisas
581 3932 644 3970 moa
663 3917 745 3984 lonpe
764 3919 895 3983 praviore
915 3935 960 3970 eu·
988 3920 1030 3973 bet
1043 3919 1121 3987 tetre
1134 3914 1238 3986 bistili,
1257 3915 1327 3983 tagit
1344 3926 1381 3979 et,
1400 3912 1459 3967 nsit
1477 3913 1511 3980 ἰώ
1525 3920 1573 3966 bot
1588 3911 1683 3976 iniisti.
1698 3911 1823 3977 ilitjtltiii

122 4001 249 4054 rutilavit.
288 4001 365 4054 Nam
391 4018 452 4054 cam
479 4002 590 4070 alioqui
617 4004 658 4056 ad
684 4021 791 4056 omnem
819 4004 961 4058 licentiam
988 4005 1042 4059 aab
1066 4002 1193 4060 &tiabat
1218 4001 1263 4056 bei
1285 3998 1376 4066 tisias
1398 4011 1429 4066 311
1448 3998 1556 4054 tectum
1582 4003 1648 4049 tom.
1670 4003 1691 4050 t.
1709 3995 1822 4050 tenens

122 4095 221 4158 sponte
251 4104 303 4140 sua
325 4089 470 4155 serretur,
500 4089 652 4142 Laurerttii
677 4089 778 4142 Paccii
803 4090 961 4145 cardinalis
987 4090 1007 4145 f.
1027 4089 1131 4145 4433*
1170 4085 1277 4141 Saniori
1300 4083 1386 4154 igitur
1411 4099 1495 4152 quam
1517 4079 1700 4135 Bellarminus
1715 4079 1823 4148 judicio

121 4173 243 4228 bominis
262 4173 371 4226 turbidi
387 4172 525 4241 impulsu,
543 4181 574 4225 ut
587 4175 738 4242 pecuniam
756 4177 798 4228 nd
815 4176 961 4230 intruensos
988 4175 1086 4231 scribit
1110 4171 1266 4229 Cassander
1288 4171 1317 4224 in
1338 4167 1455 4223 consult.
1476 4173 1525 4221 art.
1548 4172 1588 4221 ll.
1612 4165 1664 4218 sub
1687 4164 1733 4219 fin.
1758 4182 1823 4235 pag.

121 4267 229 4312 sumtus
248 4260 372 4327 undique
391 4266 564 4326 corroparct,
584 4259 678 4313 misses
692 4277 746 4329 per
766 4262 860 4314 omnia
880 4260 960 4316 Ultri-
993 4270 1053 4318 102:
1080 4259 1248 4315 Accusandi
1270 4264 1335 4310 sunt
1358 4255 1450 4309 nostri
1467 4251 1649 4322 (pontifices),
1677 4252 1725 4318 qui
1744 4252 1826 4304 inani

121 4345 211 4398 stiani
233 4345 310 4399 orbis
332 4361 421 4412 repud
440 4345 620 4414 diplomatis,
647 4347 769 4400 omnium
794 4348 961 4402 delictomtm
988 4350 1071 4404 titrdo
1098 4346 1192 4416 inflati
1215 4359 1302 4412 eoqnse
1323 4343 1363 4394 ad
1383 4340 1558 4392 dominatum
1577 4338 1720 4390 abuterttes
1739 4336 1824 4389 leontii·

120 4430 309 4500 expiationem
334 4447 369 4484 ac
391 4430 477 4484 soon
498 4439 641 4486 aeternam
660 4433 808 4500 pollebitus
833 4442 874 4486 cst
898 4453 962 4488 con·
989 4436 1068 4488 nibus
1088 4452 1144 4487 non
1163 4428 1248 4484 matrs
1262 4427 1327 4481 lsuic
1340 4425 1528 4480 ecclesiastico
1543 4423 1641 4477 ordini
1657 4423 1827 4476 detrahendi

120 4518 218 4571 stitnto
240 4518 352 4586 pretio,
378 4519 456 4586 qnod
481 4519 596 4587 quuqrce
620 4537 674 4588 pro
694 4521 808 4588 pcccati
824 4521 962 4589 pravitate
989 4521 1063 4576 stab
1078 4535 1111 4572 eo
1125 4514 1276 4580 deficiendi
1288 4511 1460 4566 occasionem
1473 4511 1620 4566 dederunt.
1647 4506 1825 4562 Mamerti.
1863 4546 1867 4553 .

121 4604 309 4674 dependeret,
326 4604 356 4656 in
376 4620 490 4672 comque
511 4621 569 4658 rem
584 4623 639 4674 per
653 4606 818 4674 provincias
835 4615 961 4675 qriaesto·
990 4608 1027 4660 de
1053 4603 1169 4660 ecclesia
1187 4620 1213 4673 p.
1235 4605 1282 4655 52:
1306 4601 1372 4653 Non
1390 4596 1533 4666 assurim,
1557 4594 1659 4647 multos
1679 4593 1760 4646 tituto
1776 4593 1825 4661 1)ῑο

120 4707 167 4744 res
187 4697 214 4743 et
232 4690 350 4743 aeraria
374 4690 533 4757 ordinauit,
558 4691 657 4759 quibus
682 4692 779 4745 additi
799 4709 964 4761 praecones,
989 4693 1084 4746 studio
1102 4692 1144 4744 ad
1160 4687 1300 4741 acriorem
1318 4682 1558 4754 reprehensionem
1575 4682 1754 4748 quorundam
1767 4698 1825 4733 ma·

121 4777 172 4845 qui
204 4776 278 4827 tanti
308 4775 433 4841 beneficii
462 4776 684 4845 mapnitudinem
715 4779 796 4845 apud
823 4777 963 4846 populum
990 4780 1158 4843 nisestomcm
1176 4775 1312 4826 amanum
1332 4768 1581 4840 impulsosfuisse,
1599 4775 1625 4820 et
1639 4767 1826 4834 praecipuam

121 4863 350 4916 commendarent
376 4869 402 4915 et
424 4861 599 4916 orationibus
622 4862 775 4925 artificiose
802 4863 963 4932 compositis
990 4882 1104 4919 causam
1129 4861 1215 4929 liujus
1242 4856 1413 4911 calamitatis
1431 4862 1457 4907 et
1475 4854 1670 4908 distractionis
1693 4852 1825 4906 ecclesiae

117 4948 330 5019 propositisque
344 4949 446 5016 palam
464 4948 569 5001 libellis
587 4949 631 5001 rei
648 4948 807 5016 efficaciam
832 4948 962 5002 immode-
990 4951 1051 5003 iltis
1077 4946 1281 5015 assianandam
1302 4941 1398 5010 (ΝΒ),
1423 4940 1473 5009 qni
1496 4939 1579 4993 inani
1600 4940 1724 5009 quodam
1740 4938 1828 5005 fastu

120 5043 184 5090 rate
203 5034 381 5098 extollerent,
408 5035 485 5103 quod
503 5033 645 5087 licentiose
664 5035 746 5087 rtinn‘s
767 5053 785 5086 a
804 5033 963 5102 Pontificits
990 5034 1198 5091 ecclesiasticae
1213 5028 1365 5099 potestatis
1384 5025 1479 5094 inflati
1496 5033 1569 5078 recte
1591 5033 1617 5078 et
1634 5025 1757 5077 modeste
1775 5023 1827 5076 ad·

122 5121 260 5174 ministris
276 5119 387 5190 passim
407 5126 489 5188 cuque
509 5119 540 5173 in
562 5118 719 5173 Genitania
741 5119 897 5187 praecipue
914 5121 962 5186 fie·
990 5127 1132 5175 monentes
1151 5118 1269 5185 superbe
1292 5122 1318 5168 ct
1338 5111 1492 5177 fastidiose
1516 5119 1717 5164 contemserunt
1740 5117 1766 5162 et
1785 5125 1827 5164 re

123 5210 178 5271 bat,
196 5206 245 5259 ubi
260 5207 310 5274 qui
325 5206 519 5259 redimendam
534 5205 686 5273 periculam
705 5206 812 5258 nonae
834 5221 853 5256 a
868 5207 963 5272 periti·
987 5207 1131 5277 pulemont.
1171 5204 1265 5264 Quare
1295 5199 1406 5252 nullam
1434 5197 1568 5250 ecclesias
1593 5198 1704 5259 firmam
1728 5212 1828 5265 pacem

122 5297 174 5356 tice
190 5294 396 5360 continuerant,
417 5309 468 5359 per
486 5291 577 5344 liestra
591 5290 751 5360 etpopinas
764 5289 963 5358 qrrotidaesine
991 5293 1162 5362 sperandam
1184 5297 1269 5358 puto,
1293 5286 1352 5339 nisi
1369 5285 1405 5338 ab
1423 5285 1460 5337 iis
1481 5282 1592 5336 initiam
1611 5283 1681 5350 siat,
1705 5281 1755 5349 qui
1770 5281 1827 5333 dir·

120 5380 234 5447 pudore
262 5379 293 5431 in
321 5377 404 5432 aleae
428 5377 521 5430 lusum
544 5392 666 5445 ususque
689 5375 867 5445 turpissimos
884 5384 963 5444 pote·
991 5377 1139 5432 tractionis
1159 5391 1275 5428 causam
1295 5373 1444 5435 dedorunt,
1463 5369 1514 5422 boc
1532 5374 1571 5420 est
1589 5373 1619 5419 ut
1635 5366 1666 5429 ii,
1684 5367 1829 5434 quiescie-

123 5471 225 5518 statem
241 5463 409 5519 extrahendi
426 5462 536 5516 animas
555 5462 717 5524 functorum
735 5479 767 5515 en
784 5461 848 5529 ipae
868 5465 964 5532 atpia·
990 5463 1122 5519 siasticae
1151 5459 1348 5530 pabcrnationi
1376 5461 1529 5525 precum,
1560 5454 1596 5506 de
1622 5452 1709 5505 nimio
1734 5453 1830 5521 ripere

1444 5557 1498 5610 35*
