4004 6022
251 289 311 351 446
813 278 934 336 Locus
952 275 1157 337 metamus
1176 273 1374 334 SECUNDUS

250 442 391 506 pertusam
415 437 546 504 mensu,
572 451 642 507 quae
664 451 752 507 usque
779 436 808 489 in
826 434 989 491 hodiernum
1008 432 1079 489 diem
1107 433 1232 494 secnunt
1249 432 1330 487 ills'su
1352 431 1490 502 papissae
1508 433 1685 502 menmium,
1711 436 1789 503 quod
1810 452 1871 504 pro
1895 452 1941 490 sao

249 531 421 594 compareat,
446 523 482 577 ad
504 522 556 578 hoc
580 527 753 591 coaptatam,
777 528 808 576 ut
833 523 938 576 electus
958 537 1080 575 summus
1106 535 1176 589 erpa
1192 520 1351 575 Romanam
1369 521 1462 574 sedem
1482 514 1624 574 odio-non
1643 520 1809 590 ambissent,
1830 522 1859 576 si
1875 522 1941 592 quid

250 611 373 681 pontifex
390 608 493 664 ibidem
513 607 663 663 collocetur
680 616 709 662 et
726 625 776 678 per
794 607 863 662 duos
883 607 917 662 de
935 608 1008 662 clero
1025 605 1080 660 lide
1107 606 1169 660 seri
1184 606 1292 660 subcus
1309 606 1398 660 ouum
1414 607 1523 669 faisen.
1558 605 1782 677 Respondemus:
1803 607 1883 663 aliud
1900 616 1938 664 est
1951 613 1992 656 ΧΗ

251 696 350 768 dignos
368 697 429 766 ejus
444 693 566 751 testiculi
584 695 619 749 de
636 711 704 749 sexu
721 693 794 748 virili
806 694 992 750 testimonium
1003 707 1081 763 prae·
1107 691 1289 747 universalem
1310 692 1406 746 muudi
1429 692 1571 747 historiam
1595 700 1753 758 contexere,
1781 694 1861 748 aliud
1880 695 1940 750 sub

250 781 347 839 beatas
374 781 466 838 debite
492 787 685 853 tangerentur,
717 780 792 850 quod
815 779 929 835 Platina
956 780 990 835 dc
1013 777 1082 832 sella
1108 787 1205 834 notare
1222 779 1320 833 saltem
1340 795 1388 846 ea,
1406 794 1478 848 quae
1494 779 1522 834 iu
1537 784 1615 833 certa
1626 796 1661 834 ac
1672 779 1860 835 determinata
1871 780 1940 836 orbis

249 868 412 924 stercoraria
437 867 576 922 humanae
599 866 760 938 fragilitatis
782 866 929 921 monitrice
948 866 1081 934 iuterpre·
1109 869 1187 932 parte
1218 871 1283 918 suut
1311 869 1404 936 gesta,
1434 866 1607 934 propositum
1635 864 1690 918 illis
1720 865 1863 922 historicis
1893 866 1941 921 fuit

249 960 332 1011 tatur.
368 953 421 1010 Sed
447 953 519 1008 euim
543 954 609 1024 quis
634 953 796 1023 pudendum
820 952 941 1008 dedecus
960 949 1081 1006 meretri·
1108 949 1256 1019 praecipue
1274 949 1309 1006 de
1326 951 1430 1021 patria,
1448 968 1503 1005 nou
1521 950 1556 1005 do
1574 950 1664 1005 Βοωα
1682 951 1822 1021 scribere,
1850 952 1941 1008 sedet

250 1042 315 1097 cula
330 1040 379 1095 illa
396 1040 491 1111 papali
512 1040 571 1096 sedi
587 1040 691 1104 intulit,
712 1038 773 1095 ideo
786 1040 953 1094 recentiores
968 1038 1082 1110 quidam
1109 1035 1209 1089 falsum
1231 1042 1286 1105 est,
1305 1037 1408 1091 nullam
1427 1038 1537 1093 omnmo
1555 1054 1573 1091 a
1593 1036 1709 1092 Graecis
1727 1038 1803 1092 illius
1817 1039 1860 1094 rei
1872 1057 1940 1096 men·

249 1128 397 1197 scriptores
425 1126 589 1182 ratiunculis
619 1126 785 1197 quibusdam
814 1126 937 1198 undique
966 1126 1082 1181 corrasis
1109 1121 1212 1176 donem
1231 1120 1298 1176 fieri.
1335 1123 1472 1176 Mortuus
1497 1121 1707 1192 Obulcondylas
1729 1122 1778 1179 lib.
1798 1130 1824 1181 6.
1849 1124 1885 1180 de
1901 1141 1937 1179 re

249 1213 321 1268 hauc
337 1212 479 1267 historiam
498 1219 633 1268 conantur
650 1212 768 1267 reddere
793 1217 961 1282 suspectam,
989 1211 1084 1266 vident
1110 1208 1161 1263 bus
1178 1207 1303 1263 Turcicis
1320 1226 1347 1279 p.
1366 1214 1424 1263 tlt.
1450 1207 1502 1262 bac
1527 1208 1562 1263 de
1581 1225 1611 1263 re
1628 1209 1667 1263 sic
1685 1208 1798 1263 scribit:
1828 1212 1940 1274 Pontii·

249 1300 330 1367 emm,
349 1316 398 1369 per
415 1316 476 1353 eam
493 1304 649 1354 suuoturae
667 1298 742 1352 illius
759 1297 950 1368 Babylonicaa
969 1299 1004 1354 dc
1023 1316 1083 1369 per·
1109 1312 1166 1348 cem
1186 1295 1253 1363 jam
1275 1296 1490 1364 pronuntiatum
1514 1295 1637 1348 insidere
1655 1296 1757 1364 jubent
1782 1297 1941 1353 cardinales

249 1392 333 1457 petua
350 1402 368 1440 a
385 1385 468 1440 Petro
488 1384 660 1439 successione
680 1385 848 1455 praesidium
862 1385 987 1438 funditus
999 1386 1081 1439 dirui.
1109 1383 1195 1435 sedili
1210 1383 1342 1446 foramen
1360 1381 1484 1448 babemi,
1509 1389 1540 1433 ut
1563 1389 1644 1435 testes
1664 1398 1696 1435 en
1712 1400 1743 1436 eo
1763 1387 1941 1454 propenden-

250 1469 410 1542 Ouuphrius
435 1475 463 1525 et
483 1475 580 1524 auctor
599 1469 734 1524 librorum
754 1470 789 1525 de
807 1470 928 1524 utilitate
947 1469 1082 1541 legendae
1109 1475 1149 1520 tes
1168 1468 1286 1536 aliquis,
1311 1467 1359 1520 cui
1374 1468 1425 1520 lzoc
1442 1467 1565 1519 munaus
1586 1467 1742 1535 injunctum
1761 1478 1818 1540 cst,
1842 1479 1942 1542 tonpat,

249 1555 381 1612 historiae
397 1555 570 1626 potissimum
589 1554 641 1609 hoc
659 1563 772 1627 urgent:
796 1559 820 1609 1.
843 1557 924 1618 Qrsod
937 1557 1083 1610 Martinus
1109 1570 1164 1622 quo
1182 1561 1331 1622 appareat,
1347 1553 1508 1622 pontificem
1526 1553 1616 1606 sirum
1636 1569 1701 1609 esse,
1736 1555 1815 1609 Nam
1832 1566 1942 1627 conatu,

250 1643 376 1698 Polonus
389 1642 503 1712 primus
522 1641 572 1703 sit,
597 1641 647 1709 qui
669 1658 744 1695 anno
766 1643 888 1695 Domini
904 1645 986 1697 1320.
1000 1642 1082 1695 illius
1109 1640 1251 1693 mulierem
1276 1641 1417 1710 qrsondam
1441 1640 1471 1694 in
1487 1641 1682 1709 pontificatum
1701 1658 1762 1697 esse
1780 1645 1942 1712 subnectam,

250 1730 414 1783 mentionem
430 1727 531 1792 faciat.
566 1724 793 1795 Respondemus:
812 1725 866 1781 fuit
884 1727 1019 1782 Martinus
1036 1727 1083 1781 ille
1109 1726 1176 1796 quia
1193 1743 1274 1780 senus
1285 1727 1479 1796 ipnorabatur,
1496 1745 1561 1781 nans
1570 1726 1644 1781 Itali
1654 1730 1847 1784 occidentales
1856 1747 1942 1801 paese

251 1814 400 1870 monachus
435 1812 538 1869 ordinis
573 1812 817 1884 praedicatorum,
855 1814 1083 1884 poenitentiarius
1109 1829 1202 1866 omnes
1221 1813 1323 1867 barbas
1341 1815 1455 1868 radunt.
1493 1812 1562 1868 Cum
1579 1823 1672 1868 autem
1690 1814 1745 1867 illa
1764 1816 1871 1871 mulier
1881 1835 1941 1886 pra·

250 1918 341 1973 papae
359 1899 466 1957 Nicolai
487 1898 589 1967 tertii,¹
603 1906 699 1970 postea
722 1901 945 1971 archiepiscopus
963 1901 1082 1956 Censen·
1107 1899 1176 1953 vido
1192 1907 1262 1953 esset
1277 1901 1364 1966 sacta
1382 1908 1407 1953 ct
1424 1902 1465 1953 ad
1482 1901 1592 1968 festum
1611 1902 1668 1956 sine
1687 1903 1863 1971 sacrificium
1878 1890 1961 1972 pro'

251 1989 340 2057 daus:
368 1987 467 2041 habuit
491 1987 514 2039 is
539 1985 704 2042 Vaticanum
728 1986 924 2043 bibliothecam
949 1995 1082 2058 tanquam
1109 1985 1220 2054 diisset,
1241 1985 1355 2055 peperit
1376 1986 1516 2053 insontem
1540 1988 1614 2042 inter
1635 1990 1809 2058 sacrificium
1835 1989 1866 2042 in
1884 2008 1941 2044 con

250 2073 479 2145 poenitentiarius
496 2079 523 2127 et
542 2073 682 2143 proximus
699 2090 790 2143 papae
808 2080 947 2144 apertam,
964 2074 1081 2145 ideoque
1108 2079 1202 2140 spectu
1219 2072 1344 2125 universi
1359 2070 1469 2141 populi.
1507 2073 1688 2144 Quapropter
1712 2094 1746 2129 ne
1764 2077 1941 2146 decipiantur

250 2175 294 2215 res
312 2167 404 2231 gestas
422 2157 586 2229 pontificum
604 2159 765 2214 eonomine
783 2160 882 2214 melius
901 2160 972 2216 scire
983 2161 1081 2230 potuit.
1109 2159 1216 2226 iterum,
1234 2160 1285 2211 secl
1302 2175 1361 2212 rem
1380 2168 1549 2229 capnoscant
1567 2177 1656 2231 neque
1676 2163 1838 2233 ambipant,
1851 2164 1941 2234 ponti·

250 2245 306 2303 Sed
323 2252 352 2301 et
368 2244 471 2300 ialsum
489 2253 539 2312 est,
557 2245 631 2300 bunc
648 2244 799 2300 Martinam
815 2247 935 2316 primum
953 2246 1082 2301 historiae
1102 2246 1169 2312 sicis
1186 2246 1277 2298 creati
1295 2245 1394 2298 virilia
1414 2253 1547 2316 tanpunt,·
1566 2255 1592 2300 et
1611 2249 1636 2300 is
1655 2250 1704 2316 qui
1723 2250 1833 2316 tanpit,
1855 2251 1941 2305 acela

250 2330 326 2387 illius
351 2347 411 2386 esse
435 2336 590 2397 auctorem,
623 2333 689 2404 quia
715 2331 855 2386 Marianus
881 2334 981 2387 Scotus
1003 2331 1083 2386 anuis
1108 2340 1181 2384 mat:
1200 2332 1269 2385 Mas
1286 2332 1366 2386 nobis
1387 2334 1529 2387 Dominus
1547 2334 1606 2387 est!
1631 2335 1756 2390 Nomina
1775 2344 1871 2411 auceps
1881 2344 1943 2407 post

250 2422 302 2476 ass
326 2417 374 2473 illo
399 2419 525 2488 superior
552 2419 613 2473 aine
638 2418 696 2473 ulla
722 2418 882 2474 circuitione
901 2424 1081 2473 monstrosum
1108 2418 1270 2471 electionem
1297 2417 1364 2472 ilico
1391 2427 1569 2485 commutant,
1601 2422 1684 2488 quasi
1701 2422 1768 2490 jam
1795 2424 1943 2478 diviniori

249 2504 329 2560 illum
356 2520 445 2575 papae
473 2510 583 2576 partum
611 2504 741 2574 publicae
768 2504 825 2558 luci
851 2505 985 2575 exposuit.
1028 2503 1083 2558 Hic
1109 2521 1191 2573 quam
1226 2512 1311 2557 antea
1347 2504 1402 2558 sint
1433 2514 1552 2560 naturae
1584 2516 1609 2560 et
1635 2508 1808 2576 planissime
1839 2511 1943 2566 mutati.

251 2590 393 2645 Marianus
417 2608 449 2646 ex
469 2589 563 2648 Scotia
586 2590 616 2643 in
634 2589 812 2645 Germaniam
829 2589 970 2660 profectus
987 2592 1017 2646 in
1035 2591 1081 2645 tri-
1109 2595 1134 2647 4.
1158 2591 1185 2645 A
1215 2591 1382 2659 quibusdam
1405 2593 1526 2659 papissa
1549 2592 1604 2646 illa
1627 2594 1732 2647 dicitur
1759 2596 1901 2666 Anpls'ca,
1926 2612 1942 2649 a

252 2677 304 2732 hus
330 2675 574 2731 Benedictinorum
598 2675 786 2731 contuberniis
812 2677 894 2745 sirit,
919 2676 1083 2745 Coloniensi,
1109 2678 1276 2746 quibasdam
1293 2692 1358 2729 cero
1376 2676 1609 2744 Mopnntincnsis.
1638 2676 1871 2749 Respondemus:
1890 2698 1941 2737 om·

251 2760 385 2816 huldensi
405 2768 433 2816 et
450 2761 628 2832 Mogontiuo,
651 2767 737 2831 atque
756 2778 789 2816 ex
808 2762 999 2817 vetustissimis
1023 2762 1082 2817 illo·
1109 2777 1157 2816 nes
1175 2760 1365 2825 consentiunt,
1385 2760 1473 2816 fuisse
1493 2779 1554 2817 eam
1573 2780 1606 2819 ex
1624 2764 1773 2836 Moguutia
1790 2767 1940 2834 oriundam,

251 2863 312 2900 rum
333 2854 362 2900 et
379 2846 495 2900 aliorum
515 2845 709 2900 coenobiorum
728 2845 807 2900 libris
826 2846 977 2903 chronicon
1003 2866 1081 2903 suum
1109 2848 1185 2920 quod
1203 2856 1296 2904 autem
1313 2853 1429 2903 vocatur
1445 2850 1573 2922 Anglica,
1592 2852 1653 2921 ejus
1671 2853 1711 2907 rei
1730 2853 1835 2924 duplex
1854 2860 1941 2925 potest

253 2931 381 3003 collegit,
412 2938 444 2986 ut
468 2932 504 2986 ds
528 2929 673 3002 Sigeberto
697 2929 905 3002 (lambacensi,
933 2933 1082 3005 Rudolpbo
1108 2952 1167 2993 csse
1201 2950 1294 2990 causa.
1340 2935 1465 2992 Priorem
1501 2938 1613 3008 exponit
1642 2938 1766 2995 Iacobus
1798 2940 1885 2998 Curio
1913 2941 1941 2995 ia

250 3016 438 3089 Flaviacensi,
465 3016 567 3074 Ottone
591 3017 762 3090 Frisingensi
787 3026 815 3074 et
834 3020 896 3074 aliis
913 3021 1081 3092 quampluri·
1108 3021 1247 3077 chronol:
1278 3022 1409 3077 Narrant
1437 3025 1565 3096 (iuquit),
1596 3029 1771 3082 sacerdotem
1802 3031 1940 3099 quendam

251 3105 316 3171 mis,
335 3106 383 3177 qui
401 3109 467 3162 ants
484 3105 632 3160 Martinam
651 3105 787 3162 Polouum
805 3107 987 3177 scripserunt,
1013 3108 1082 3163 nibil
1109 3109 1304 3162 Britannicum
1333 3126 1395 3162 cum
1425 3110 1543 3178 conjupe
1566 3112 1659 3176 fnisse
1687 3130 1796 3184 queque
1826 3124 1885 3170 tum
1912 3115 1941 3170 in

252 3190 382 3247 dicamus
430 3195 454 3246 2.
487 3191 568 3253 Quod
595 3193 767 3247 Anastasius
798 3194 1024 3248 bibliothecarius
1051 3197 1082 3249 in
1108 3195 1272 3263 mipratione
1289 3203 1314 3249 et
1334 3212 1367 3248 ea
1384 3196 1494 3265 ebruc,
1519 3200 1595 3266 quod
1618 3206 1727 3252 uterum
1742 3203 1843 3266 ferret
1865 3219 1941 3272 uror,

252 3277 389 3333 Chronico
404 3280 510 3348 pontif.
546 3278 610 3333 Ado
634 3279 808 3350 Viennensis,
823 3282 1007 3350 Adamarius,
1027 3283 1081 3336 Re
1108 3289 1308 3337 commoratum
1326 3282 1462 3351 tantisper
1479 3285 1646 3353 Mopuntiae
1666 3303 1737 3353 esse,
1762 3289 1854 3342 donec
1878 3306 1941 3358 pru·

249 3365 315 3432 pino
333 3366 500 3432 Prunensis,
520 3365 701 3420 Hermannus
719 3364 900 3433 Contractus,
918 3370 1083 3424 Lambertus
1108 3369 1175 3422 uida
1198 3369 1315 3438 peperit.
1351 3369 1456 3422 Fertur
1481 3378 1573 3424 autem
1600 3371 1683 3426 enus
1712 3389 1743 3426 eo
1766 3382 1859 3443 partu
1884 3391 1941 3430 csse

252 3449 547 3521 Scbuffnaburpensts‚
578 3449 727 3506 Corradus
758 3456 794 3506 de
823 3453 994 3526 Liclstenau,
1024 3456 1082 3511 Leo
1111 3452 1269 3511 Gilberturn
1282 3452 1512 3525 puellam'illurn
1531 3457 1760 3529 literatissimum,
1780 3477 1854 3528 quae
1871 3478 1941 3516 men·

253 3536 387 3591 Ostiensis
404 3544 430 3592 et
449 3536 596 3590 Jobannes
615 3538 797 3595 Gemonensis
815 3541 888 3595 banc
900 3542 936 3596 de
947 3543 1083 3597 Iohanne
1108 3543 1158 3596 tito
1174 3558 1242 3595 sexu
1259 3541 1423 3596 moncellum
1439 3543 1571 3596 maritum
1588 3562 1669 3598 suum
1686 3553 1807 3616 sectata,
1829 3549 1941 3602 tandem

250 3621 398 3677 historiam
416 3639 472 3676 non
488 3634 706 3678 commemorent.
742 3625 963 3697 Respondemus:
988 3629 1082 3684 aloco
1110 3628 1138 3682 in
1159 3627 1321 3696 pontificem
1346 3627 1434 3682 electa
1460 3637 1507 3684 est.
1542 3629 1617 3700 Ergo
1643 3638 1771 3701 respectu
1797 3641 1960 3703 pareutum

250 3707 401 3765 testimonii
419 3708 610 3765 ratiocinando
629 3716 730 3781 negate
744 3713 903 3784 procedere,
921 3716 1082 3785 pracsertim
1109 3720 1223 3769 vocatur
1240 3712 1374 3784 anglica,
1401 3720 1529 3784 respectu
1548 3732 1612 3771 vero
1634 3716 1735 3771 natalis
1753 3717 1806 3772 soli
1825 3718 1940 3795 lingun-

251 3793 281 3849 in
299 3792 431 3859 historiis,
454 3810 508 3848 non
531 3794 664 3865 probatur
687 3798 842 3854 sanioribus
867 3799 974 3871 logicis.
1009 3801 1082 3868 Quin
1109 3801 1232 3857 tineusis.
1260 3799 1402 3856 Posterior
1418 3817 1503 3856 causa
1520 3802 1669 3872 petitores
1681 3803 1832 3859 annalibus
1845 3806 1939 3877 Augu·

251 3880 306 3937 imo
329 3895 365 3936 uc
389 3880 419 3935 in
443 3879 529 3936 sacris
550 3882 663 3952 quidem
679 3881 817 3939 historicis
836 3895 936 3957 negate
954 3888 1081 3942 concludi
1108 3888 1210 3956 stanis,
1239 3886 1269 3941 in
1294 3886 1395 3958 quibus
1418 3887 1549 3957 refertur,
1572 3889 1646 3960 quod
1667 3890 1818 3945 monachus
1839 3890 1900 3957 ille,
1922 3907 1939 3947 s

251 3971 352 4038 potest
391 3965 562 4038 Matthaeus,
589 3967 699 4024 Marcus
724 3976 753 4025 et
775 3969 868 4026 Lucas
893 3971 995 4027 Christi
1019 3991 1081 4028 cum
1108 3990 1162 4045 quo
1180 3989 1242 4028 cum
1259 3990 1309 4043 per
1326 3972 1436 4028 Italiam
1453 3979 1513 4028 tum
1530 3990 1581 4044 per
1598 3972 1719 4030 Galliam
1738 3977 1857 4032 mentito
1875 3994 1938 4035 seru

253 4052 426 4111 Samaritana
459 4053 627 4125 colloquium
656 4072 689 4112 ac
718 4056 818 4112 Lazari
847 4059 1081 4116 resuscitationem
1107 4059 1297 4114 circumducta
1312 4066 1362 4128 est,
1382 4057 1595 4130 iueritAuglus,
1614 4058 1673 4115 ficri
1688 4060 1775 4131 igitur
1791 4062 1893 4134 potuit,
1910 4069 1938 4121 ut

251 4155 308 4196 nou
328 4138 496 4208 describunt,
517 4155 619 4211 ergone
632 4149 744 4211 propter
756 4141 785 4197 id
796 4145 969 4213 repudianda
979 4147 1080 4202 fuerit?
1108 4145 1144 4200 ab
1182 4144 1234 4200 hoc
1269 4163 1319 4201 suo
1359 4146 1458 4202 comite
1489 4145 1603 4217 Anglici
1633 4163 1786 4218 cognomen
1818 4152 1937 4207 auant

253 4224 344 4291 Quare
369 4242 434 4282 vero
459 4224 582 4282 historici
607 4227 648 4282 illi
674 4228 778 4284 nullam
806 4230 948 4300 papissae·
963 4233 1082 4289 feminae
1108 4236 1132 4286 5.
1150 4232 1263 4287 Fabula
1287 4240 1327 4286 est
1352 4249 1372 4286 a
1400 4229 1519 4286 Graecis
1546 4241 1638 4287 sumta
1662 4242 1687 4287 et
1710 4235 1860 4303 assipnatc
1880 4245 1937 4292 tem·

253 4310 420 4369 mentionem
432 4311 524 4367 iacere
537 4312 682 4382 soluerint,
700 4314 761 4383 ejus
777 4317 819 4369 rei
836 4331 920 4372 causa
937 4319 1080 4390 areliquis
1106 4335 1174 4387 pore
1193 4318 1320 4387 sequenti
1335 4319 1397 4372 sedi
1412 4318 1602 4387 apostolicae,
1625 4321 1701 4387 quod
1714 4329 1798 4389 patet
1816 4323 1937 4395 exemplo

252 4414 309 4455 nou
332 4403 448 4463 tacetur.
483 4400 550 4452 Non
568 4400 687 4468 ponitur
710 4401 740 4453 in
766 4402 896 4471 catalopo
917 4407 1081 4475 pontificum
1109 4404 1225 4473 Leonis,
1250 4405 1301 4475 qui
1323 4421 1358 4459 eo
1382 4406 1417 4459 de
1438 4420 1469 4458 re
1491 4403 1616 4460 Graecos
1636 4405 1781 4475 objurpat,
1816 4411 1893 4479 quod
1914 4416 1937 4465 et

251 4484 352 4557 (iuquit
377 4484 514 4540 Martinus
534 4483 667 4552 Polonus)
695 4494 753 4541 tam
773 4498 894 4558 propter
919 4491 1080 4546 muliebrem
1105 4492 1242 4555 feminam
1266 4499 1292 4545 et
1316 4491 1454 4546 eunrnlsos
1478 4498 1577 4545 contra
1596 4493 1720 4561 primum
1736 4494 1863 4550 Nicaeni
1879 4513 1936 4551 con·

249 4587 358 4639 senum,
377 4589 461 4642 qssom
473 4579 594 4641 propter
613 4570 821 4637 deformitatem
839 4576 925 4645 facti.¹
958 4576 1080 4640 Quidam
1107 4579 1169 4632 cilii
1193 4578 1348 4647 capitulum
1376 4578 1406 4632 in
1435 4579 1501 4632 sede
1529 4579 1690 4648 pontificali
1720 4581 1935 4651 sublimaverint,

250 4661 400 4728 scriptores
423 4658 527 4729 (iuquit
549 4656 714 4729 Rauulphus
733 4659 764 4715 in
780 4661 956 4732 polychron.)
981 4681 1080 4719 nomen
1107 4682 1172 4732 erpo
1194 4664 1286 4718 simile
1304 4665 1375 4733 quid
1392 4665 1527 4719 Romanis
1546 4683 1600 4718 non
1620 4665 1744 4735 contipit.
1779 4666 1936 4739 Responde·

250 4745 392 4800 Iohannis
416 4744 499 4800 VIII.
521 4747 690 4802 retineant
713 4756 740 4802 ct
762 4749 947 4804 Benedictum
970 4753 1080 4806 tertium
1107 4767 1181 4803 mus:
1212 4751 1308 4806 manes
1331 4750 1395 4805 illae
1422 4751 1597 4820 conjecturae
1620 4756 1663 4806 tot
1685 4751 1853 4822 scriptorum
1877 4771 1935 4811 cou-

250 4831 340 4887 Leons'
354 4838 455 4900 quarto
474 4830 647 4886 substitutum
665 4849 725 4887 esse
742 4838 1079 4904 quatuordicruminter·
1106 4838 1281 4893 sentientium
1300 4837 1463 4892 testimoniis
1482 4838 1586 4894 frustra
1604 4847 1789 4909 opponuntur.
1821 4841 1859 4897 Et
1873 4857 1936 4914 quo·

250 4917 327 4972 uallo
346 4917 482 4986 scribunt,
509 4934 565 4971 non
583 4920 661 4987 quod
676 4920 822 4976 Iohannes
839 4922 891 4977 ille
907 4941 963 4977 non
979 4925 1079 4992 fuerit,
1107 4923 1196 4978 modo·
1205 4925 1295 4994 potuit
1312 4924 1380 4979 haec
1397 4922 1494 4978 iabula
1511 4941 1529 4978 a
1547 4923 1662 4980 Graecis
1674 4924 1812 4995 originem
1823 4928 1936 4991 hahere,

250 5004 303 5056 sed
326 5010 356 5057 ut
380 5004 453 5059 nibil
477 5004 648 5074 ipnominiae
665 5015 715 5061 aut
732 5009 878 5064 dedecoris
896 5011 936 5063 ud
952 5019 1079 5065 canaam
1106 5025 1169 5063 cum
1187 5009 1311 5080 plerique
1327 5026 1421 5065 omues
1441 5011 1497 5064 siut
1512 5009 1607 5064 Latini
1625 5010 1782 5080 scriptores,
1799 5012 1849 5085 qui
1865 5013 1936 5069 illius

250 5088 333 5143 silam
350 5090 514 5144 cathedram
531 5092 711 5146 redundaret.
743 5093 820 5148 Num
839 5097 938 5150 dedita
955 5113 1043 5166 opera
1060 5082 1271 5150 clmentionem
1295 5095 1421 5151 faciunt?
1456 5095 1607 5152 Praeterea
1630 5097 1768 5167 quomodo
1792 5098 1863 5156 haec
1885 5100 1936 5154 duo

251 5175 434 5246 scriptoribus
450 5178 619 5247 praeteritus
637 5185 685 5244 est,
701 5196 737 5234 ne
755 5196 811 5249 qna
828 5182 998 5253 ipnominiae
1017 5183 1080 5238 labe
1105 5182 1245 5237 conciliari
1272 5188 1401 5253 possunt,
1433 5182 1508 5254 quod
1533 5180 1635 5237 Graeci
1659 5181 1809 5253 scriptores
1834 5185 1936 5242 nullam

251 5263 331 5315 sedes
348 5262 415 5316 inde
433 5265 656 5333 adeperperstur.
690 5265 830 5321 Nonnulli
847 5266 955 5334 (scribit
971 5268 1078 5326 'hithe
1105 5268 1188 5338 hujus
1212 5268 1342 5324 historias
1367 5270 1531 5324 mentionem
1550 5267 1655 5322 faciant
1672 5275 1701 5324 et
1719 5270 1795 5342 quod
1813 5271 1884 5329 haec
1899 5271 1936 5328 ia·

251 5347 332 5414 mius)
348 5349 488 5414 seminum
507 5351 588 5404 illam
606 5351 679 5405 inter·
696 5354 842 5422 pontifices
860 5372 967 5425 ponere
984 5357 1078 5410 nolus·
1104 5354 1172 5410 bula
1188 5353 1333 5411 aGraecis
1350 5356 1386 5410 sit
1399 5353 1510 5410 sumta?
1536 5359 1561 5410 6.
1572 5355 1699 5424 Plotina,
1716 5356 1878 5427 Sipebertus
1890 5367 1937 5416 ets.

250 5439 324 5497 runt,
340 5435 424 5503 quusi
438 5434 586 5505 indiacum
594 5437 909 5502 facinusablsorrsntee.
933 5441 1080 5497 &Graeci
1104 5458 1136 5495 eu
1164 5460 1236 5497 vano
1264 5458 1376 5497 ramme
1405 5458 1505 5511 sparso
1534 5442 1586 5497 bae
1616 5460 1708 5513 napus
1732 5444 1889 5501 bamesunt
1914 5453 1938 5500 ct

252 5518 398 5591 mcum,
427 5518 565 5578 omnam
588 5521 694 5581 etalii
715 5523 745 5579 in
767 5526 827 5583 ruis
849 5528 999 5602 amclibus
1020 5546 1077 5586 aon
1103 5529 1241 5586 chronicis
1264 5528 1323 5583 suis
1346 5528 1529 5594 indiderunt,
1556 5544 1629 5599 quas
1651 5545 1710 5584 non
1726 5530 1855 5587 mucan·
1866 5549 1938 5604 pro·
