4004 6022
73 3065 105 3105 Da
121 3073 173 3104 con·

72 3126 140 3156 sensu

72 3167 166 3206 Pontid-

72 3218 167 3257 ctorem.

199 157 259 214 498
765 147 886 206 Locus
905 144 1109 205 VIOESIMUS
1129 148 1328 209 SECUNDUS

196 301 360 358 Innocentio
384 300 436 356 111.
461 300 536 368 loco,
566 317 648 371 quem
672 300 753 355 modo
770 301 950 365 adduximus,
983 301 1030 370 qui
1060 309 1089 356 et
1106 304 1286 373 imperatoris,
1306 303 1429 359 Alberici
1443 303 1588 358 deRosati
1603 303 1722 358 etPetri
1733 304 1896 359 Ferrarien·

197 390 237 445 ita
258 387 408 458 respondet
429 386 479 454 iis,
506 385 553 457 qui
570 385 753 454 objiciebant,
778 395 892 454 praeter
912 404 1031 455 aequam
1058 389 1096 460 sis
1115 388 1305 443 commentarii
1324 389 1444 459 passim3
1470 389 1629 445 Confutatio
1648 390 1785 461 primatus
1805 404 1897 460 papae

197 476 304 536 rideri,
336 475 481 541 eonjapem
509 472 637 524 relictam
668 490 719 524 seo
749 473 812 538 jare
836 472 952 540 prioari
973 474 1032 525 sine
1058 473 1227 545 aGregorio
1241 474 1467 545 Heymburgensi
1484 482 1548 530 ants
1573 493 1660 530 annos
1675 482 1723 530 rso
1737 475 1897 544 conscripta

197 562 292 629 calpa,
302 560 474 627 praesertim
484 576 544 610 essm
554 560 780 611 contumeliosior
790 559 827 610 sit
841 559 871 610 in
884 557 1086 635 Christum„et
1111 560 1167 613 alia
1193 561 1386 614 innumera.**
1430 560 1612 615 Concedimus
1642 577 1719 629 vero,
1751 561 1781 614 in
1807 575 1895 632 regno

197 647 248 715 qai
267 646 423 714 baptisatus
442 645 544 696 resistit
562 644 591 696 in
610 644 753 711 haeresin,
783 661 865 712 qnam
884 647 933 713 qni
948 652 1031 696 natas
1043 651 1045 714 t
1058 644 1203 699 Pontificio
1228 663 1288 700 esse
1311 646 1394 700 hodie
1418 651 1559 701 externam
1583 648 1723 718 quandam
1748 647 1895 714 unitatem,

199 733 324 785 ethnicos
346 737 460 784 recinat
483 731 525 781 ad
550 730 654 787 Christi
672 732 880 798 professionem
901 723 1107 804 convertisse
1135 747 1226 785 veram
1255 732 1330 785 iilam
1359 733 1495 787 internam
1524 734 1552 786 iu
1576 732 1633 786 fide
1655 732 1794 787 catholiea
1817 741 1846 787 et
1865 734 1894 786 in

197 817 243 870 Ad
271 817 340 870 haec
363 816 463 870 seculis
487 815 593 885 aliquot
617 815 689 869 hanc
715 817 880 870 sententiam
903 809 1165 889 amplexaichristo
1182 816 1316 871 unitatem
1336 817 1376 870 illi
1395 825 1550 886 competere
1574 834 1714 889 negamus.
1760 816 1893 871 Matthias

198 909 240 958 est
270 901 386 956 ecclesia
415 900 593 965 Mutinensis,
625 907 657 954 ut
684 902 731 972 qui
763 900 944 956 contraxisset
968 896 1167 983 cum}Flacius
1184 902 1315 971 lllyricus
1339 903 1449 972 scripsit
1472 903 1572 957 librum
1591 904 1743 970 desectis,
1768 903 1891 956 dissidiis

197 987 323 1042 Barbara
343 986 434 1041 verbis
456 986 588 1056 legitimis
609 994 638 1042 et
656 1004 690 1041 ex
702 988 802 1050 animo,
820 987 870 1041 sed
882 1005 937 1041 non
948 987 1030 1041 inter·
1043 992 1045 1019 ¹
1058 994 1086 1041 et
1104 987 1319 1042 dissensionibus
1338 986 1560 1055 Pontificiorum,
1584 990 1613 1042 in
1633 1006 1689 1060 quo
1705 995 1814 1058 septem
1831 1005 1892 1058 spe·

197 1074 313 1128 cedente
340 1076 429 1140 coitu,
457 1081 555 1141 postea
576 1073 752 1127 contraheret
774 1090 837 1127 cum
858 1072 986 1126 Cornelia
1004 1035 1113 1156 etlcies
1131 1073 1459 1142 papisticaeconcordiae
1471 1075 1575 1129 statuit.
1603 1075 1697 1130 Prima
1708 1082 1751 1129 est
1761 1076 1894 1128 rotnace

197 1162 299 1214 coittn
319 1159 499 1229 adjungeret,
526 1167 673 1228 cogeretur
693 1159 784 1228 priore
801 1159 898 1213 relicta
915 1158 1117 1228 posteri-'orta
1142 1174 1175 1213 ex
1199 1158 1322 1221 diabolo,
1347 1159 1395 1229 qni
1415 1160 1504 1212 modis
1523 1159 1651 1214 omnibus
1667 1166 1830 1229 praecavet,
1859 1175 1894 1213 ne

197 1245 238 1300 ori
263 1245 417 1299 convivere.
461 1244 494 1296 ld
519 1245 611 1312 palam
632 1245 765 1299 rescindit
781 1244 959 1298 Innocentius
977 1243 1031 1295 Ro-
1058 1259 1175 1314 regnum
1193 1243 1262 1297 illud
1283 1245 1326 1297 sui
1345 1244 1439 1298 vicarii
1459 1245 1635 1300 dissolvatur.
1671 1246 1700 1299 Si
1719 1246 1795 1300 enim
1810 1245 1894 1299 saec

197 1346 296 1385 manus
315 1330 440 1399 pontifex
459 1347 492 1384 ex
515 1330 663 1397 diametro,
688 1331 762 1400 quod
779 1333 873 1400 ajunt,
894 1330 1031 1382 diversam
1058 1347 1111 1382 nos
1125 1330 1153 1382 in
1166 1346 1195 1381 sc
1207 1330 1298 1397 ipsam
1309 1330 1416 1382 diuisas
1429 1339 1506 1393 esset,
1522 1333 1661 1398 quomodo
1675 1340 1761 1384 staret
1775 1348 1895 1400 repnnrn

198 1416 380 1486 pronuntians
398 1415 579 1484 seutentiam,
601 1416 730 1470 videlicet
749 1417 866 1485 priorem
887 1432 946 1470 esse
964 1414 1031 1484 legi·
1058 1416 1141 1483 ejas!
1168 1413 1265 1469 Matth.
1286 1420 1325 1480 12,
1346 1431 1371 1470 v.
1394 1421 1434 1470 2⁵.
1466 1415 1534 1469 Luc.
1557 1422 1595 1482 ll,
1614 1432 1640 1471 v.
1663 1422 1703 1471 18.
1728 1416 1800 1471 Inde
1814 1418 1894 1471 multi

197 1501 293 1556 timam
313 1518 435 1563 uxorem,
455 1502 531 1570 quod
551 1518 614 1555 cum
631 1503 781 1571 posteriore
800 1503 959 1568 sitacium,
983 1500 1031 1555 ad·
1058 1501 1213 1554 cardinales
1230 1507 1259 1553 et
1275 1499 1406 1569 episcopi,
1426 1500 1506 1554 multi
1528 1501 1610 1555 etiam
1623 1501 1733 1556 ordines
1746 1501 1895 1556 monacho·

197 1587 326 1642 ularium
351 1603 423 1655 esse,
449 1605 504 1641 non
528 1588 746 1656 matrimonium,
780 1596 811 1641 ut
829 1587 968 1657 proditum
990 1591 1032 1640 est
1057 1603 1133 1652 rum,
1158 1586 1223 1638 licet
1245 1586 1421 1639 vehementer
1445 1587 1515 1639 inter
1537 1602 1568 1639 se
1594 1586 1761 1641 dissentiant
1786 1587 1896 1657 sibique

197 1671 268 1726 libro
287 1672 466 1726 decretalium
486 1674 664 1742 epistolarum
683 1682 709 1729 l.
728 1673 770 1728 tit.
790 1680 813 1728 l.
832 1691 854 1728 c.
891 1675 967 1725 Tuos
981 1674 1030 1724 ‹sss-
1057 1670 1233 1724 infensissimi
1256 1671 1324 1737 sint,
1351 1676 1445 1724 amen
1469 1670 1652 1725 dissensiones
1679 1689 1745 1726 suas
1762 1677 1895 1742 premunt

197 1760 264 1810 dam
288 1765 316 1812 et
334 1758 458 1828 ejusdem
477 1759 550 1813 tituli
568 1776 592 1812 c.
624 1760 709 1814 Licet.
746 1759 903 1813 Alexander
920 1757 1031 1811 Tertius
1058 1763 1085 1811 et
1107 1756 1261 1819 occultant,
1285 1772 1320 1810 ne
1343 1756 1410 1825 quid
1429 1756 1584 1810 detrimenti
1603 1757 1697 1826 capiat
1713 1757 1893 1812 Pontificium

196 1843 315 1906 indicat,
342 1861 392 1897 suo
415 1844 548 1913 rescripto
573 1843 659 1898 fuisse
682 1851 815 1898 statutum
834 1861 867 1899 ac
887 1840 1030 1896 definitum
1056 1842 1126 1895 illud
1148 1859 1277 1912 regnum,
1302 1841 1384 1911 cujus
1408 1842 1535 1897 subditos
1558 1860 1617 1897 sese
1636 1842 1809 1912 profitentur.
1846 1842 1894 1899 Se

196 1928 347 2000 aliquando
372 1946 389 1984 a
415 1928 673 1998 praedecessoribus
691 1931 762 1995 suis,
790 1929 820 1982 id
841 1935 882 1983 est
899 1925 1030 1980 Romanis
1058 1928 1150 1981 cunda
1175 1935 1216 1983 est
1235 1929 1369 1996 politica,
1396 1944 1459 1981 cum
1485 1929 1548 1982 ideo
1566 1929 1744 1983 consentiunt
1759 1929 1895 1998 homines,

197 2013 391 2084 pontificibus,
414 2016 488 2084 quod
506 2014 534 2068 in
549 2014 699 2070 Mutinensi
719 2015 838 2069 ecclesia
855 2015 969 2067 damnat
986 2013 1031 2066 In·
1058 2014 1124 2083 quia
1148 2030 1177 2067 se
1202 2013 1457 2082 subjiciuntrnutui
1482 2019 1511 2067 et
1528 2015 1664 2070 voluntati
1684 2015 1766 2070 unius
1785 2031 1895 2070 monar-

197 2100 341 2155 nocentius
361 2106 412 2155 etc.
433 2107 464 2153 ut
482 2117 538 2154 non
554 2117 763 2156 commemorem
779 2100 896 2167 interim,
915 2098 988 2169 quod
1003 2097 1031 2149 in
1057 2100 1134 2159 chae,
1153 2099 1192 2153 sic
1210 2099 1358 2169 scriptores
1372 2099 1512 2153 Pontificii
1527 2099 1635 2170 judicio
1653 2102 1736 2154 unius
1754 2100 1894 2171 pontificis

198 2201 283 2240 causa
306 2183 372 2239 fidei
399 2186 493 2239 schola
516 2185 681 2242 Parisiensis
706 2186 856 2258 aliquando
879 2183 1031 2254 publicitus
1058 2187 1150 2240 omnia
1173 2201 1224 2238 sua
1248 2185 1402 2254 subjiciunt
1428 2202 1445 2240 a
1470 2185 1623 2239 clarissima
1648 2187 1895 2257 scriptoriolum

197 2270 362 2341 improbarit
378 2271 496 2325 Romani
515 2272 655 2342 pontificis
670 2273 835 2327 sententiam
853 2286 972 2341 eumque
995 2268 1031 2321 ad
1057 2270 1225 2342 ingratiam
1249 2270 1323 2323 illius
1348 2271 1530 2326 discedentes.
1574 2269 1695 2326 Thomas
1718 2271 1747 2326 in
1771 2279 1797 2327 «l.
1822 2277 1893 2340 sent.

197 2356 369 2428 palinodiam
386 2357 562 2426 compulerit,
588 2357 611 2411 si
632 2374 688 2428 qua
703 2355 773 2411 fides
792 2355 921 2411 historiis.
953 2355 1031 2409 Haec
1057 2356 1178 2410 distinct.
1204 2362 1243 2410 tt.
1271 2363 1376 2425 quaest.
1396 2361 1419 2410 3.
1444 2355 1521 2411 artic.
1544 2363 1564 2411 l.
1589 2357 1734 2427 disputans
1753 2357 1789 2412 de
1808 2373 1893 2428 qnae·

197 2442 290 2496 omnia
308 2442 438 2496 Erasmus
455 2442 557 2496 Leonis
575 2443 612 2498 X.
632 2442 769 2512 pontificis
780 2442 898 2497 Romani
913 2441 1030 2496 dilectus
1057 2441 1160 2495 stione:
1189 2444 1234 2493 An
1255 2443 1365 2509 doctas,
1392 2442 1460 2509 pias
1480 2450 1505 2495 ct
1524 2444 1657 2511 idoneas,
1684 2445 1737 2496 sed
1756 2443 1893 2511 bipamas,

197 2527 278 2583 filius.
315 2528 393 2592 Quae
411 2545 477 2583 vero
499 2529 698 2583 aBellarmino
716 2528 870 2582 afferantur
886 2527 921 2580 ad
935 2527 1030 2597 palpa·
1058 2522 1107 2595 qui·
1131 2545 1187 2580 non
1208 2527 1342 2596 proprie,
1367 2529 1421 2580 sed
1438 2529 1584 2592 canonice,
1612 2529 1664 2583 hoo
1682 2537 1723 2582 cst
1741 2531 1893 2596 papaticis

199 2615 268 2671 biles
292 2615 356 2669 illas
374 2615 584 2670 Pontificiorum
609 2617 781 2670 decretorum
801 2613 1031 2669 contradictiones
1057 2613 1167 2675 fictione
1187 2612 1254 2665 tatis
1272 2620 1320 2679 est,
1339 2614 1372 2665 oh
1388 2614 1504 2665 eidaom
1516 2615 1629 2666 anicmn
1641 2615 1709 2667 olim
1722 2616 1846 2678 dacmm,
1861 2616 1892 2668 in

198 2701 354 2772 palliandos
380 2707 409 2755 et
422 2702 606 2755 excusandas
629 2701 719 2770 primo
741 2700 835 2753 statim
860 2699 962 2753 intuitu
989 2697 1032 2751 sui
1058 2699 1232 2751 sacerdotem
1252 2706 1301 2751 ont
1320 2700 1480 2767 episcopam
1495 2700 1596 2752 eiectus
1607 2701 1894 2769 promoveripossiti

198 2786 386 2841 infirmitatem
419 2787 608 2840 demonstrant
640 2792 669 2839 et
698 2784 845 2856 diligenter
875 2783 1032 2853 expendun·
1058 2791 1204 2854 postquam
1230 2801 1280 2854 pro
1306 2783 1462 2839 affirmante
1490 2792 1569 2854 parte
1595 2784 1688 2838 firmas
1714 2785 1837 2841 rationes
1865 2793 1894 2841 et

196 2869 245 2927 ¹tur
270 2889 288 2926 a
312 2872 388 2928 Guil.
410 2871 555 2928 Witakerc
578 2873 607 2925 in
630 2878 751 2926 controv.
776 2871 811 2925 de
835 2871 932 2940 pontif.
952 2869 1031 2924 Rom.
1059 2870 1205 2924 manifesta
1221 2869 1380 2938 Scripturas
1397 2870 1474 2924 dicta
1495 2871 1625 2940 protulit,
1649 2871 1762 2926 tandem
1781 2874 1811 2926 in
1829 2890 1892 2943 par·

198 2965 304 3029 quaest
324 2963 348 3013 a.
1059 2963 1114 3009 tem
1133 2963 1280 3026 negantem
1298 2956 1434 3021 concedit,
1454 2956 1550 3009 addita
1561 2945 1617 3009 hac’
1627 2956 1686 3010 sola
1696 2957 1814 3027 ratione,
1826 2959 1893 3028 quia

225 3048 293 3098 339.
330 3048 356 3098 3,
376 3045 458 3097 Nunc
479 3060 570 3096 omnes
590 3042 729 3096 Catholici
746 3049 803 3093 toto
823 3042 888 3093 orbe
910 3041 1034 3110 dispersi
1054 3059 1137 3110 popa
1162 3043 1192 3093 s'n
1216 3042 1401 3094 decretalibus
1427 3042 1601 3095 contrariom
1626 3043 1731 3095 dicerit
1756 3052 1784 3096 ct
1805 3062 1900 3114 prae-¹

200 3130 236 3183 de
254 3131 380 3183 omnihsa
398 3130 575 3198 dopmotihas
592 3131 663 3194 fidei
678 3130 891 3191 idemsentiant,
908 3145 1032 3197 neopos·
1060 3129 1172 3195 ceperit.
1198 3125 1286 3182 Gabr.
1298 3126 1360 3180 Biel
1373 3143 1436 3180 cum
1448 3127 1477 3179 in
1488 3126 1652 3182 lectionibus
1664 3142 1749 3197 snper
1757 3145 1893 3184 canonem

198 3223 263 3268 sant
280 3216 364 3269 ather
381 3216 493 3278 sentire,
511 3233 573 3267 cam
590 3215 741 3282 subjiciant
760 3231 869 3267 sensam
881 3231 960 3266 sunm
971 3230 1032 3266 sen·
1060 3214 1160 3269 missae
1177 3213 1241 3269 lect.
1262 3219 1303 3268 et.
1322 3213 1415 3268 multis
1435 3214 1604 3283 argumentis
1622 3213 1828 3281 confirmasset,
1851 3217 1894 3269 in·

198 3301 245 3354 sai
268 3302 352 3354 anius
380 3310 405 3354 et
430 3302 557 3368 ejusdem
580 3300 681 3352 memmi
696 3300 825 3368 pastoris
845 3316 877 3352 es
897 3300 1033 3353 cathedra
1060 3300 1219 3367 daipentics
1232 3299 1355 3367 papales
1375 3317 1431 3353 non
1445 3301 1581 3368 prodesse
1598 3301 1746 3353 animabus
1758 3310 1893 3368 parcalc-

94 3403 139 3444 111.
154 3402 186 3445 ta
199 3387 280 3441 Patri
302 3405 363 3440 cans
382 3388 500 3441 conss'iio
519 3387 642 3440 aliorum
656 3393 806 3454 posteram
825 3387 969 3439 ecclesiam
987 3386 1032 3438 cti-
1058 3388 1111 3453 rii,
1140 3393 1233 3440 tamen
1263 3390 1327 3455 post
1356 3384 1456 3439 librum
1487 3384 1648 3455 evulgatum
1674 3385 1786 3457 videns*
1802 3387 1893 3441 bullas

199 3474 324 3542 ripensis.
358 3473 461 3526 Iisdem
485 3471 543 3527 fere
568 3470 660 3525 verbis
685 3471 730 3525 Fr.
757 3470 887 3525 Corterus
907 3471 935 3524 in
954 3471 1031 3526 ench.
1060 3472 1132 3546 Sinti
1147 3472 1196 3525 IV.
1215 3476 1244 3525 et
1262 3471 1416 3525 Innocentii
1434 3469 1514 3526 VIII.
1539 3470 1717 3541 pontificum,
1741 3472 1790 3542 qni
1814 3481 1893 3526 recta

198 3565 364 3614 controvers.
383 3575 407 3611 c.
428 3557 463 3611 de
481 3555 600 3611 ecclesia
616 3555 765 3627 gloriatur:
785 3556 926 3610 Catholici
940 3574 1033 3611 omnes
1059 3559 1166 3611 cabant
1191 3557 1383 3624 indntpcntias
1407 3558 1563 3622 defunctis,
1586 3557 1705 3626 priorem
1723 3560 1891 3612 sententiam

198 3645 288 3698 adisis
311 3652 452 3696 terraram
476 3645 526 3696 soh
550 3660 604 3695 ono
628 3644 720 3712 capite
739 3645 870 3696 Romano
891 3644 1031 3712 pontifice,
1058 3643 1218 3699 retractavit
1235 3641 1370 3697 referente
1389 3642 1535 3697 Molinaeo.
1572 3643 1674 3697 Omnes
1700 3644 1825 3714 episcopi
1848 3661 1889 3698 ar·

199 3731 245 3784 cai
267 3746 360 3782 ornnes
379 3736 483 3798 parent
507 3735 532 3781 et
553 3729 697 3797 principes
719 3737 745 3782 st
762 3726 854 3796 repes,
879 3737 909 3781 nt
930 3728 1035 3782 Christi
1057 3729 1180 3782 ctissimo
1202 3729 1352 3797 juramenti
1369 3727 1480 3782 vinculo
1501 3727 1625 3797 pontifici
1648 3728 1774 3783 Romano
1796 3737 1891 3785 tenen-

198 3816 320 3882 oicario,
338 3817 455 3868 condem
470 3815 558 3883 fidem
578 3821 737 3867 carnanter
755 3815 971 3877 retiacensem
989 3817 1032 3868 di·
1058 3823 1104 3869 tur
1121 3813 1254 3877 obstricti,
1272 3820 1386 3882 propter
1404 3814 1480 3883 quod
1497 3830 1532 3868 ne
1552 3814 1666 3868 minima
1683 3814 1797 3885 quidem
1814 3817 1844 3870 in
1861 3833 1891 3869 re

199 3910 271 3970 cssnt,
291 3903 366 3954 idem
385 3903 516 3964 sentiant,
535 3903 609 3953 idem
627 3903 745 3953 credant
758 3917 813 3969 per
831 3901 925 3953 omnia
944 3908 970 3954 et
982 3919 1033 3954 nec
1059 3901 1112 3970 ipsi
1129 3900 1319 3954 contradicere
1336 3899 1449 3966 audent,
1468 3915 1518 3953 nec
1537 3899 1565 3952 in
1583 3899 1706 3954 conciliis
1724 3900 1828 3956 liberas
1845 3903 1891 3956 hs·

198 3989 228 4042 in
256 3989 368 4040 minimo
395 3989 508 4056 quietern
534 3987 682 4054 sclipionis
710 3987 831 4039 articrsio
861 3980 1031 4056 discrepant.
1060 3986 1126 4040 bent
1142 3986 1265 4055 linguas,
1284 3985 1358 4038 unde
1378 3985 1486 4039 Aeneas
1507 3984 1630 4054 Sylvius,
1652 3984 1717 4038 Pius
1738 3984 1775 4041 11.
1791 3986 1890 4054 dictus,

197 4072 423 4143 Respondemus:
460 4072 492 4105 *⁴³
502 4072 576 4127 Ante
608 4070 724 4126 Lutheri
757 4078 881 4142 tempora
910 4073 1032 4128 homines
1059 4078 1090 4125 ut
1114 4070 1232 4125 refertur
1253 4071 1282 4124 in
1306 4069 1521 4140 paralipomenis
1540 4069 1739 4140 Urspergensis
1757 4072 1795 4124 ad
1816 4073 1890 4142 capi·

199 4159 273 4214 docti
304 4163 334 4213 et
358 4159 545 4229 intelligentes
571 4157 714 4227 conquesti
741 4163 806 4210 sunt
834 4157 868 4211 de
894 4158 1032 4213 erroribus
1057 4157 1146 4211 tulum
1167 4156 1359 4226 Moguntinum
1378 4156 1502 4226 scripsit,
1517 4173 1636 4225 peccare
1650 4159 1811 4226 episcopam
1825 4175 1889 4212 con·

199 4244 349 4311 doctrinae,
367 4244 403 4298 de
422 4243 568 4313 multiplici
586 4244 675 4298 abusu
692 4250 721 4297 et
741 4244 943 4312 superstitione,
961 4262 1031 4315 quae
1057 4251 1103 4296 tra
1125 4244 1316 4311 juramentum
1338 4257 1435 4311 popae
1456 4242 1635 4311 praestitam,
1665 4242 1693 4296 si
1712 4245 1891 4298 contradicat

199 4331 228 4384 in
248 4330 393 4384 ecclesiam
411 4331 587 4399 irrepserunt.
624 4328 760 4385 Videatur
777 4329 911 4399 scriptum
922 4330 1032 4386 scholae
1057 4330 1084 4383 ei
1106 4329 1190 4382 mam
1214 4345 1281 4381 ocra
1306 4329 1453 4396 loquendo.
1489 4328 1565 4382 idem
1592 4327 1703 4397 Sylvius
1729 4328 1758 4382 in
1782 4328 1830 4387 lib.
1856 4331 1892 4385 de

198 4415 362 4471 Parisiensis
388 4417 422 4470 de
442 4417 572 4486 periculis
596 4414 728 4470 ecclesiae
753 4416 934 4485 compositum
958 4418 1032 4472 circa
1057 4416 1143 4485 gestis
1175 4413 1285 4468 concilii
1315 4414 1482 4469 Basileonsis
1518 4421 1714 4468 commemorat
1749 4416 1891 4485 querelem

199 4518 303 4557 annum
320 4503 432 4557 Domini
453 4508 526 4558 litt.
559 4502 709 4572 Speculum
728 4517 952 4573 aureumpapae‚
971 4504 1031 4573 ejus
1058 4507 1168 4571 patrum
1195 4501 1274 4554 istius
1299 4500 1406 4554 concilii
1432 4499 1515 4571 longe
1543 4500 1714 4554 verissimam
1741 4507 1770 4555 et
1798 4501 1890 4557 adhuc

199 4589 301 4657 euriae,
320 4588 507 4658 praelatorum
526 4593 555 4643 et
572 4588 688 4641 aliorum
700 4588 886 4657 spiritualium
898 4588 1031 4659 scriptum
1058 4586 1140 4642 hodie
1163 4587 1354 4656 repetendam:
1389 4587 1542 4654 Episcopi,
1564 4586 1614 4653 pai
1638 4588 1736 4640 debent
1756 4589 1890 4642 ecclesiae

197 4680 263 4729 ante
281 4690 367 4727 annos
385 4673 443 4727 fere
465 4679 522 4729 200.
550 4673 615 4726 item
634 4673 774 4727 lbancisci
793 4674 968 4743 Petrarchae,
985 4676 1031 4732 do.
1058 4673 1232 4743 corsnpteias
1259 4672 1371 4740 tollere,
1397 4673 1499 4724 citime
1525 4689 1609 4739 qnam
1633 4674 1723 4743 ponci
1747 4675 1890 4728 nobiscnm

196 4759 342 4831 Baptistae
365 4758 525 4826 Mantuani,
552 4758 616 4813 Joh.
645 4758 705 4813 Pici
730 4760 932 4829 Mirandulani,
959 4761 1031 4814 Lau·
1057 4767 1120 4812 sant
1143 4768 1169 4812 et
1194 4776 1277 4827 pisam
1295 4766 1434 4811 terrenam
1451 4758 1563 4824 faciem
1584 4760 1710 4827 potentis
1730 4759 1889 4828 (pontificis)

196 4845 277 4900 rentii
286 4844 393 4912 Vallae,
407 4843 520 4898 Hieron.
534 4845 720 4898 Savonsrolae
730 4845 878 4914 italorum
889 4846 1031 4900 Guilielmi
1057 4846 1250 4898 extimescant!
1273 4843 1368 4898 Tertia
1384 4843 1498 4898 unitatis
1517 4845 1622 4915 species
1645 4851 1687 4899 est
1704 4845 1829 4899 belluina
1842 4863 1890 4901 esa

197 4929 307 4997 Oecam,
326 4929 440 4984 Roberti
461 4930 565 4984 Barnes
578 4929 748 4999 Anglorum3
766 4930 901 4985 iohannis
912 4932 1031 4987 Wesseli
1052 4932 1184 5001 pecuina,
1205 4946 1266 4983 curn
1287 4930 1410 4983 homines
1428 4928 1497 4982 nihil
1517 4929 1552 4983 de
1570 4930 1704 4999 religione
1721 4929 1890 5001 intelligunt,

195 5022 224 5069 et
247 5014 367 5070 Abbatis
392 5014 618 5086 spanheimensis
644 5014 861 5084 Germanorum3
894 5017 1030 5072 iohannis
1056 5019 1105 5071 sed
1124 5018 1211 5070 instar
1228 5033 1329 5087 gruum
1342 5015 1459 5069 aliorum
1472 5016 1629 5084 opinionem
1641 5022 1889 5087 sequunturatque

196 5099 327 5155 Gersonis
351 5100 428 5154 Galli
451 5101 486 5156 de
513 5101 571 5154 vita
592 5101 729 5170 spirituali
747 5101 869 5170 animae,
893 5109 1030 5172 potestate
1056 5120 1089 5157 aa
1106 5119 1173 5157 vera
1189 5118 1250 5157 esse
1268 5107 1390 5165 censent,
1408 5118 1480 5171 quae
1497 5099 1582 5170 vulgo
1599 5107 1664 5154 sunt
1680 5109 1800 5171 recepta.
1834 5102 1889 5156 Ta·

195 5187 328 5243 ecclesiae
358 5195 386 5242 et
409 5186 605 5242 auferibilitate
624 5204 726 5257 papae,
760 5188 876 5241 Massilii
900 5188 1029 5243 Patavini
1054 5189 1088 5242 lis
1114 5189 1205 5242 unitas
1230 5189 1368 5258 plerisque
1393 5187 1470 5241 laicis
1497 5187 1525 5239 in
1545 5203 1631 5257 regno
1647 5186 1795 5241 Pontificio
1814 5204 1888 5243 com·

194 5278 330 5328 maratus
356 5274 390 5327 dc
416 5272 595 5329 translatione
614 5274 721 5344 imperii
741 5281 770 5327 et
789 5273 859 5328 liber
879 5274 913 5327 de
934 5275 1028 5329 defen·
1054 5274 1137 5345 petit,
1161 5274 1201 5328 illi
1224 5274 1296 5329 enim
1321 5275 1381 5328 sine
1404 5273 1461 5327 ullo
1481 5272 1604 5327 examine
1623 5279 1652 5327 et
1668 5274 1802 5329 scrutinio
1818 5274 1887 5328 reci·

194 5358 271 5414 siene
286 5360 377 5429 pacis,
403 5359 517 5413 Antonii
538 5361 573 5413 de
591 5360 709 5415 Rosellis
730 5361 765 5414 de
781 5366 918 5428 potestate
938 5379 1027 5434 papae
1054 5361 1147 5431 piunt,
1172 5376 1245 5430 quae
1269 5378 1286 5413 a
1305 5358 1446 5413 monacbis
1472 5367 1500 5413 et
1519 5356 1681 5413 sacrificulis
1698 5359 1766 5428 ipsis
1784 5377 1884 5432 propo·
