4004 6022
240 242 301 301 408
765 285 769 289 .
807 231 927 290 LOCUS
944 230 1148 289 vtcasutus
1169 230 1369 290 SECUNDUS

239 388 395 444 Aventinus
409 389 518 445 scribit:
538 390 673 460 Plerique
685 404 779 444 omnes
792 389 864 457 boni,
883 387 985 458 aperti,
997 387 1077 457 iusti,
1105 404 1173 444 eros.
1199 389 1265 445 eccl
1302 387 1367 444 item
1387 404 1451 444 cum
1469 405 1531 444 nov.
1551 394 1606 445 131.
1645 392 1671 443 5.
1691 387 1776 450 Quod
1792 388 1871 442 idem
1890 388 1938 442 isn-

240 475 361 545 ingenui,
378 475 526 546 simplices,
539 485 595 530 tum
607 477 754 547 imperium
765 476 933 530 Antichristi
944 469 1077 544 coepisse,
1101 482 1220 543 perator
1239 476 1269 528 in
1288 476 1406 529 novellis
1424 477 1637 545 quamplurimis
1654 476 1741 530 libere
1757 493 1791 529 ac
1805 493 1865 546 pro
1876 476 1939 546 jure

241 563 320 634 quod
345 579 392 626 ea,
418 578 489 631 quae
508 560 635 615 Cin-istus
659 570 785 617 serrator
805 571 899 615 noster
923 569 962 614 tot
988 578 1077 614 annos
1104 579 1155 615 suo
1175 564 1210 616 de
1229 562 1311 616 rebus
1329 563 1418 617 oariis
1435 562 1867 631 adreligionempertinentibus
1880 563 1938 616 sine

162 633 172 649 ⁹
241 656 305 703 ante
322 648 402 702 nobis
428 649 564 717 cantauit,
589 650 710 702 osennae
729 666 761 703 eo
780 656 902 717 tempore
923 649 1078 711 cernebant,
1105 649 1167 701 ulta
1179 665 1278 719 papas
1298 649 1435 702 mentione
1454 650 1592 718 decernat,
1609 648 1664 704 imo
1682 648 1757 720 quod
1776 647 1807 702 iu
1828 647 1937 719 quibus·

242 733 390 788 memoriae
405 733 551 787 literennn
564 734 732 803 prodidere.
767 732 809 786 Ex
828 732 929 804 quibus
947 732 1079 788 Aventini
1107 733 1170 788 dam
1189 733 1304 790 novellis
1322 750 1411 805 papas
1429 733 1554 790 Romano
1572 741 1600 789 et
1615 734 1702 804 ipsius
1716 734 1853 790 ecclesiae
1865 734 1938 808 leges

241 821 332 876 serbis
350 820 405 874 duo
423 821 554 886 notanda,
572 819 661 890 primo
679 819 754 892 quod
771 824 837 873 tunc
854 817 1080 890 temporisiuerit
1106 821 1243 891 imponat,
1268 826 1364 892 utpote
1387 837 1448 876 nor.
1473 827 1496 876 l.
1523 825 1629 879 11123.
1677 823 1703 877 6.
1724 820 1809 884 Quod
1828 821 1940 876 duendi

242 905 393 961 catholicus
426 905 548 960 omnium
574 906 710 962 bonorum
736 922 899 972 consensus,
934 904 1079 975 imperium
1106 924 1192 977 penus
1218 907 1307 975 iilud,
1346 923 1399 978 quo
1432 907 1598 961 architectus
1626 907 1726 960 barum
1755 907 1938 976 epistolarum

242 991 406 1048 Antichristi
435 992 488 1047 sub
506 991 558 1047 hoc
578 991 714 1064 Gregorio
733 992 791 1047 sire
809 990 1000 1047 Hildebrando
1020 1007 1079 1046 coc·
1106 1000 1380 1063 1111111,1111111
1401 992 1522 1046 alienum
1540 993 1577 1045 sit
1595 994 1630 1045 ab
1648 1009 1679 1047 eo
1697 993 1784 1061 11111,
1815 1009 1870 1061 quo
1887 992 1937 1046 Ja-

242 1079 333 1151 pissa;
351 1078 452 1134 deinde
470 1079 546 1152 quod
561 1078 630 1134 haec
643 1058 910 1135 historialiterarum
922 1095 1080 1133 monumen·
1107 1079 1247 1133 stinianos
1276 1080 1306 1132 in
1332 1081 1390 1134 suis
1418 1080 1516 1134 latinis
1536 1079 1777 1134 constitutionibus
1800 1097 1870 1132 usus
1894 1087 1937 1133 est.

242 1165 278 1221 tis
298 1164 382 1220 inerit
398 1165 516 1235 prodita.
555 1164 628 1230 Quia
646 1182 711 1220 vero
732 1165 813 1219 bodie
832 1181 887 1220 non
905 1165 1022 1235 amplius
1036 1180 1079 1218 ex·
1106 1165 1262 1222 Fscbineus
1288 1165 1336 1221 lib.
1363 1170 1386 1222 8.
1417 1172 1538 1221 controv.
1565 1183 1588 1223 o.
1619 1172 1640 1223 1.
1665 1165 1741 1220 hisce
1770 1164 1938 1237 argumentis

242 1257 310 1317 stat,
338 1268 371 1306 ex
393 1250 443 1306 illo
466 1249 619 1322 colligitur,
642 1251 679 1306 ab
705 1249 895 1308 adulatoribus
917 1251 1079 1322 pontificum
1108 1251 1276 1307 Hotomanni
1301 1253 1467 1324 respondere
1492 1258 1620 1322 conatur,
1646 1251 1694 1307 sed
1717 1251 1807 1308 sivel
1826 1251 1938 1308 maxiem

234 1339 309 1395 'haee
331 1337 838 1409 etsimiliascriptaessesuppressa,
857 1344 961 1393 utnon
978 1338 1079 1394 111111-
1107 1338 1265 1395 lustinisno
1285 1337 1334 1393 illa
1351 1337 1467 1409 epistola
1487 1337 1635 1407 tribuatur,
1656 1343 1749 1392 tamen
1766 1354 1801 1393 ex
1821 1355 1856 1394 ea
1874 1337 1938 1393 nihil

241 1442 310 1493 rum,
324 1431 451 1481 auctores
463 1428 492 1479 et
504 1431 629 1494 tempora
639 1424 820 1480 mutationum
830 1423 858 1479 in
869 1424 963 1495 specie
972 1425 1079 1481 ostendi
1107 1424 1184 1478 aliud
1203 1424 1325 1496 exsculpi
1343 1421 1442 1496 potest,
1461 1442 1542 1496 quam
1564 1424 1637 1496 quod
1654 1423 1784 1479 sessionis
1797 1431 1828 1479 et
1839 1424 1937 1480 ordinis

241 1509 323 1566 hodie
340 1527 396 1565 non
414 1527 502 1581 posse.
538 1509 699 1581 Sigebertus
718 1510 747 1564 in
763 1510 855 1565 chron.
874 1511 909 1565 sd
928 1516 1080 1567 11111088.
1107 1516 1233 1582 respectu
1252 1511 1397 1582 episeopus
1416 1510 1557 1565 Romanus
1577 1511 1674 1566 ceteris
1699 1510 1839 1581 episcopis
1859 1510 1939 1567 luerit

242 1615 305 1657 cum
325 1596 535 1653 Hildebrandus
555 1597 679 1669 pontifex
696 1598 816 1668 primum
828 1599 904 1654 illam
915 1603 1080 1670 potestatem
1108 1597 1256 1667 praelatus,
1275 1598 1410 1669 siquidem
1424 1596 1758 1668 Constantinopolitanam
1773 1597 1870 1652 sedem
1883 1598 1938 1654 sedi

243 1684 376 1744 adversus
395 1683 547 1739 Henricum
564 1684 757 1754 imperatorem
776 1684 811 1740 de
830 1685 898 1740 solio
911 1686 1000 1756 ipsum
1012 1688 1080 1757 deji·
1107 1684 1249 1739 Romanae
1273 1685 1313 1738 sie
1340 1685 1517 1756 exaequavit,
1540 1692 1572 1740 ut
1597 1685 1622 1738 ei
1639 1684 1716 1738 nulla
1735 1684 1849 1739 omnino
1866 1684 1894 1738 in
1912 1701 1939 1740 re

243 1770 333 1827 ciendi
355 1770 459 1840 injusta
481 1768 535 1824 sibi
559 1776 724 1839 assumeret,
749 1769 778 1823 in
796 1770 927 1840 pontifico
944 1771 1003 1827 ilud
1021 1777 1080 1827 tan·
1108 1770 1229 1834 cederet,
1255 1770 1304 1825 sed
1329 1770 1381 1824 hoc
1408 1777 1500 1827 tamen
1531 1771 1707 1843 singulariter
1732 1771 1866 1842 episeopo
1887 1770 1938 1826 Ro

242 1875 325 1930 quam
351 1856 502 1912 novitatem
523 1863 551 1912 et
575 1873 734 1928 quanquam
757 1856 787 1911 id
805 1857 961 1914 subveritus
979 1859 1080 1929 dicere,
1108 1871 1189 1911 mano
1205 1865 1417 1927 concessumst
1435 1858 1651 1912 insanientibus
1666 1857 1866 1913 ecciesiasticis
1878 1858 1938 1927 pri·

242 1942 518 2015 tanquambaeresin
537 1942 682 2014 improbat.
720 1945 800 1998 Haec
819 1947 882 1999 sola
900 1945 1012 2017 (inquit)
1033 1965 1080 2001 no·
1108 1962 1184 2012 mus,
1207 1946 1237 1998 in
1261 1945 1361 1997 iisdem
1379 1951 1471 1997 tamen
1489 1945 1600 1998 sedibus
1620 1945 1790 2012 consideret,
1814 1945 1940 2014 proxime

242 2031 314 2086 vitas
340 2047 375 2083 ns
402 2031 497 2083 dicam
524 2030 657 2084 tamesis
703 2029 848 2086 Malleolus
876 2031 911 2087 da
938 2032 1081 2088 nobilitate
1107 2048 1173 2086 vero
1192 2031 1219 2084 ei
1238 2028 1563 2101 Constantinopolitanae
1581 2033 1728 2097 assideret,
1747 2030 1788 2085 sie
1807 2031 1880 2087 euim
1896 2031 1940 2085 hs·

242 2116 342 2187 refert,
360 2116 434 2172 circa
453 2132 554 2172 annum
573 2121 632 2172 320.
652 2117 700 2172 illa
717 2116 779 2189 ipsa
797 2117 856 2187 die,
874 2135 930 2190 qua
949 2116 1081 2174 Constsn·
1109 2117 1156 2173 bet
1173 2116 1315 2187 inscriptio
1341 2134 1364 2172 c.
1386 2122 1410 2174 2.
1428 2134 1489 2171 nov.
1512 2120 1620 2174 1³1.de
1638 2119 1736 2172 ordine
1755 2119 1878 2172 sedendi
1889 2135 1940 2187 pa·

243 2203 316 2259 tinus
335 2203 477 2275 Sylvestro
492 2203 616 2273 pontifici
630 2204 764 2275 palatium
777 2204 972 2273 Lateranense,
984 2204 1081 2260 urbem
1109 2204 1308 2259 triarclorum.
1349 2203 1412 2258 Non
1439 2204 1525 2274 igitur
1549 2205 1596 2274 jus
1621 2203 1733 2276 aliquod
1752 2204 1781 2259 in
1800 2205 1870 2260 alios
1889 2207 1940 2276 epi-

243 2291 359 2349 Romam
387 2306 420 2347 ao
443 2289 542 2346 Italiae
564 2289 721 2361 provincias
746 2289 866 2358 dederit,
890 2289 918 2344 in
944 2291 1082 2345 Laterano
1110 2306 1208 2360 scopos
1226 2289 1279 2361 ipsi
1297 2289 1476 2345 coustitutum
1491 2297 1540 2355 est,
1560 2290 1609 2346 sed
1628 2291 1732 2361 primus
1748 2290 1865 2347 sedendi
1876 2292 1941 2347 ordo

243 2378 330 2433 visam
353 2376 439 2434 luisse
461 2393 589 2442 manum,
614 2394 670 2448 qua
693 2377 798 2432 cunetis
825 2377 907 2431 simul
924 2377 1082 2433 videntibus
1110 2375 1272 2444 attributus,
1302 2377 1375 2431 unde
1399 2377 1429 2431 in
1452 2377 1511 2447 ipso
1531 2379 1594 2448 jure
1618 2377 1750 2432 canonico
1771 2395 1794 2433 c.
1833 2377 1943 2433 Primae

243 2471 272 2521 st
294 2464 452 2537 legentibus
475 2463 512 2519 ad
530 2464 665 2534 parietem
681 2463 867 2519 scribebatur:
892 2463 987 2519 Hodie
1005 2480 1084 2517 sene·
1110 2462 1183 2518 sedis
1209 2461 1272 2520 dist
1300 2468 1341 2519 99.
1368 2480 1400 2518 ex
1426 2464 1542 2518 coneilio
1568 2463 1778 2537 Carthaginensi
1803 2465 1942 2529 statuitur,

243 2571 310 2607 nuso
332 2551 465 2608 ecclesiae
489 2551 616 2617 infusum
641 2559 687 2606 est.
725 2550 964 2616 Quemadmodum
988 2558 1081 2606 autem
1110 2550 1186 2618 quod
1207 2550 1320 2618 prinmo
1344 2551 1420 2604 serls's
1443 2551 1589 2620 episcopus
1613 2570 1669 2605 non
1693 2554 1730 2606 sit
1752 2554 1942 2623 appellandas

244 2654 381 2695 venenum
401 2638 568 2711 quandoque
588 2637 637 2694 diu
656 2637 757 2707 latitat,
775 2639 887 2693 tandem
907 2654 972 2694 vero
990 2639 1083 2694 omnia
1105 2635 1241 2706 princeps
1263 2638 1439 2690 sacerdotnm
1463 2638 1506 2692 sel
1529 2656 1650 2691 summm
1671 2641 1873 2694 scenderunt
1891 2640 1942 2694 oli·

245 2727 368 2797 eorporis
388 2725 494 2781 viscera
511 2731 540 2780 et
554 2725 679 2781 membra
696 2732 829 2796 occupat,
847 2725 888 2779 sic
905 2725 1015 2781 collatio
1035 2725 1084 2781 illa
1111 2722 1181 2792 quid
1197 2722 1368 2790 huiusmodi,
1385 2726 1437 2778 sed
1454 2732 1559 2778 tantum
1571 2727 1684 2793 primm
1699 2727 1776 2779 sedis
1788 2729 1943 2798 episeopus,

246 2812 439 2884 temporalium
456 2811 581 2883 pontifici
597 2811 675 2866 iacta
693 2811 802 2868 occasio
817 2811 872 2866 fuit
889 2811 1083 2868 dominationis
1111 2815 1138 2863 et
1162 2825 1289 2879 expresse
1311 2810 1436 2865 additur:
1477 2811 1649 2866 Universalis
1675 2819 1768 2866 autem
1792 2831 1843 2868 nee
1861 2816 1943 2868 etiam

245 2900 366 2973 primum
384 2898 604 2965 ecclesiasticae,
628 2897 729 2954 deinde
746 2898 889 2970 politicae,
908 2900 1020 2955 tandem
1040 2907 1083 2971 ty·
1111 2897 1254 2951 Romanas
1267 2898 1399 2967 pontifex
1410 2898 1578 2968 appelletur.
1607 2899 1882 2971 **Argumeutamur
1893 2901 1942 2955 its·

247 2987 381 3050 renuidis,
400 3002 415 3040 e
435 2985 596 3057 quaomnia
616 2986 726 3056 generis
744 2986 960 3056 superstitiones,
979 3004 1083 3042 errores
1110 2999 1172 3054 que.
1209 2989 1230 3039 1.
1249 2981 1279 3039 Si
1298 2984 1444 3040 orientales
1470 2984 1600 3041 ecelesias
1623 2985 1799 3042 lastinianus
1826 2988 1942 3059 primum

246 3080 274 3130 et
302 3072 471 3129 idololatriae
498 3072 576 3128 velut
604 3088 637 3127 ex
667 3089 737 3144 equo
766 3071 887 3143 Trojano
912 3073 1082 3143 prodierunt.
1111 3069 1230 3140 subjecit
1246 3087 1278 3125 ac
1296 3070 1385 3127 univit
1404 3071 1464 3126 sedi
1482 3072 1630 3140 Romanae,
1649 3073 1783 3144 sequitur,
1801 3091 1850 3129 eas
1863 3082 1942 3130 antea

246 3161 430 3217 Bellarmium
449 3166 481 3214 ut
500 3159 635 3229 obtineat,
655 3164 778 3230 tempore
798 3158 935 3215 Bonifacii
953 3177 970 3214 a
989 3159 1084 3215 Phoca
1110 3157 1234 3211 Romano
1256 3155 1379 3226 pontifici
1399 3175 1454 3213 non
1477 3158 1562 3213 fuisse
1587 3158 1735 3229 subjectas.
1775 3159 1832 3216 Sed
1850 3179 1941 3218 rerum

247 3247 476 3320 Imperatorioids
504 3245 667 3302 universalis
691 3247 815 3318 episcopi
838 3247 948 3303 nomine
972 3247 1084 3302 salutati
1110 3243 1187 3315 prius
1211 3261 1244 3299 ex
1268 3245 1405 3300 sententia
1429 3246 1503 3299 illius
1528 3246 1608 3318 legis.
1646 3247 1721 3317 Ergo
1739 3249 1846 3303 corruit
1859 3251 1942 3321 igitur

247 3352 302 3392 non
320 3334 471 3406 contigisse
488 3334 626 3406 insignem
644 3334 673 3388 in
687 3334 805 3389 ecclesia
817 3333 944 3389 Romana
958 3334 1084 3389 mutatio·
1110 3330 1287 3403 figmentum,
1320 3332 1393 3402 quod
1418 3332 1502 3388 Petro
1525 3350 1619 3388 omnes
1639 3333 1723 3387 totius
1743 3337 1842 3391 mundi
1859 3339 1941 3393 eccle

248 3438 325 3491 nem,
344 3420 460 3495 regerit,
485 3420 560 3493 quod
577 3419 751 3477 lastinianus
773 3418 819 3475 lib.
842 3425 865 3475 8.
884 3419 915 3477 0.
935 3420 970 3477 ds
987 3438 1083 3475 summ.
1112 3418 1169 3473 siae
1192 3418 1336 3489 subjectas
1362 3417 1418 3472 sint
1444 3436 1494 3489 per
1514 3418 1600 3474 verbs
1621 3418 1735 3474 Christi:
1773 3423 1867 3478 Pasce
1884 3441 1943 3479 oses

248 3507 376 3563 Trinitat.
407 3507 438 3563 in
469 3508 548 3577 epist.
580 3508 621 3559 od
650 3505 810 3559 Jolrannem
842 3507 1084 3578 archiepiscopum
1113 3522 1197 3569 uuas,
1217 3506 1568 3574 aperiancpetrametc.
1603 3512 1627 3563 2.
1639 3506 1756 3561 Etiamsi
1768 3507 1942 3565 lastinianus

249 3596 327 3649 erlis
347 3595 455 3648 Romae
473 3600 580 3647 eentum
598 3593 682 3655 annes
698 3599 762 3646 ante
782 3593 904 3647 Ploeam
925 3595 1083 3665 episcopum
1112 3591 1232 3646 universi
1251 3591 1364 3647 orientis
1382 3592 1511 3648 ecclesias
1528 3591 1651 3663 pontifici
1668 3592 1793 3650 Romano
1813 3596 1943 3667 111111111-

249 3682 408 3736 Romanum
427 3678 552 3748 appellet
569 3685 654 3747 caput
674 3678 797 3731 omnium
817 3680 1005 3734 sectatorum.
1032 3678 1086 3736 Re·
1113 3683 1169 3740 set,
1195 3677 1269 3748 quod
1291 3682 1384 3732 tamen
1405 3679 1433 3733 in
1451 3679 1652 3749 praejudicium
1668 3680 1762 3736 alteris
1779 3681 1872 3739 faeere
1891 3701 1942 3740 non

250 3767 432 3839 spondemus:
460 3764 533 3820 idem
558 3763 732 3819 iustinianus
759 3765 806 3819 lib.
825 3771 866 3822 m.
884 3766 914 3821 C.
934 3767 968 3822 de
986 3785 1085 3825 sacros.
1114 3763 1214 3834 potuit,
1241 3768 1333 3818 tamen
1358 3763 1460 3819 idcirco
1485 3782 1547 3820 eum
1572 3782 1628 3820 non
1650 3767 1782 3822 continuo
1804 3771 1943 3826 statuisset

251 3852 373 3913 ecclesiis
405 3850 746 3920 Constantinopolitanam
782 3854 928 3908 ecelesiam
966 3856 1086 3908 omnium
1113 3848 1266 3906 universale
1290 3858 1375 3922 caput
1397 3852 1519 3907 omnium
1541 3854 1624 3907 totius
1644 3855 1739 3909 mundi
1759 3857 1943 3921 eeclesiarum,

250 3940 375 3994 aliarssm
401 3946 486 4009 caput
513 3954 570 3992 esse
597 3937 736 4002 rescribit,
767 3957 839 4012 quae
867 3940 923 3995 duo
950 3941 1086 4012 quomodo
1112 3954 1167 3992 non
1193 3937 1265 3992 enim
1290 3937 1380 3993 oriens
1403 3945 1446 3993 est
1472 3945 1545 3993 totus
1571 3939 1698 3995 mundus.
1738 3941 1821 3997 Hanc
1843 3945 1943 4016 quippe

250 4024 391 4083 conciliari
404 4024 533 4093 debeant,
551 4024 714 4095 interpretes
723 4025 795 4096 juris
807 4025 956 4097 plurimum
970 4027 1084 4084 variant.
1113 4025 1277 4081 sententiam
1305 4025 1457 4082 iustiniani
1477 4043 1533 4080 non
1556 4025 1641 4082 fuisse
1664 4027 1696 4082 fit
1715 4030 1894 4100 perspicuum
1912 4048 1942 4086 er

250 4115 442 4169 Hotomannus
468 4112 515 4167 lib.
536 4119 557 4168 1.
585 4111 701 4167 amicsb.
728 4129 800 4183 resp.
829 4131 853 4170 c.
876 4121 897 4170 t.
922 4115 1010 4168 multo
1029 4133 1086 4169 esse
1112 4112 1222 4167 novella
1253 4117 1309 4168 111.
1338 4128 1361 4169 c.
1389 4117 1413 4167 3.
1438 4118 1467 4166 11
1489 4119 1513 4168 t.
1536 4113 1584 4168 ubi
1607 4113 1817 4185 archispiscopo
1842 4119 1943 4188 primae

249 4200 353 4264 scribit,
379 4216 450 4271 quae
460 4201 584 4269 frondis
602 4208 627 4255 et
645 4201 815 4271 imposturae
831 4202 1017 4270 asspicionem
1035 4205 1086 4256 ad·
1111 4199 1303 4257 iustinianeae
1329 4204 1357 4254 et
1380 4199 1509 4270 episcopo
1532 4199 1744 4271 Carthaginensi
1765 4203 1942 4273 plurimarum

249 4305 343 4345 versus
370 4294 478 4340 mutuas
506 4287 576 4353 istas
604 4287 765 4341 Justiniani
792 4295 817 4341 et
837 4303 935 4357 popae
963 4289 1087 4342 Romani
1113 4286 1315 4359 provinciarum
1342 4286 1471 4342 ecclesias
1501 4287 1596 4343 subdit
1624 4289 1816 4361 praecipitque
1823 4332 1831 4360 ,
1861 4300 1892 4348 ut
1916 4294 1942 4349 in

250 4375 394 4444 epistolas,
417 4388 490 4445 quac
513 4373 543 4426 in
566 4373 643 4427 dicta
666 4371 714 4428 lib.
733 4377 757 4429 8.
781 4372 812 4428 C.
839 4375 874 4426 de
891 4390 987 4430 mmm.
1009 4375 1086 4430 Prin.
1114 4373 1246 4445 subjectis
1264 4373 1317 4428 sibi
1329 4372 1477 4443 provinciis
1489 4374 1606 4429 eundem
1621 4375 1710 4430 locum
1721 4383 1845 4448 teneant,
1864 4397 1942 4452 quem

250 4461 399 4529 labentur,
424 4476 531 4515 mouere
547 4459 670 4529 possint,
696 4475 729 4514 aa
747 4458 876 4530 producit
894 4459 977 4530 hujus
997 4463 1087 4532 conje·
1113 4460 1224 4532 praesul
1241 4460 1383 4533 Romanus
1402 4459 1508 4515 obtinet
1526 4459 1554 4514 in
1575 4461 1643 4522 suis,
1665 4462 1807 4534 voluitque
1825 4482 1873 4521 eos
1891 4485 1943 4522 non

250 4551 346 4603 ctnras
371 4563 438 4602 suae
462 4552 607 4619 sequentes
629 4544 764 4600 rationes:
790 4549 813 4601 1.
832 4548 909 4614 qnod
932 4549 1088 4617 complures
1114 4546 1235 4604 ordinari
1254 4562 1272 4600 a
1288 4544 1414 4599 Romano
1429 4544 1573 4616 pontifice,
1591 4547 1639 4602 sed
1657 4565 1675 4602 a
1690 4549 1801 4619 proprio
1820 4554 1943 4621 eoncilia,

251 4634 356 4691 inediti
366 4635 474 4703 fideque
485 4634 567 4702 digni
577 4633 634 4686 oiri
636 4633 813 4702 jampridem
825 4634 920 4686 testati
929 4634 994 4696 sint,
1006 4635 1087 4690 iilam
1098 4617 1102 4702 l
1113 4655 1149 4693 ne
1171 4635 1194 4688 11
1212 4632 1323 4688 ordines
1339 4631 1497 4702 acciperent
1515 4650 1533 4686 a
1548 4633 1686 4697 Romano,
1714 4635 1837 4704 ipsorum
1858 4639 1944 4712 digni·

251 4723 340 4790 leqem
363 4722 393 4773 in
417 4721 541 4790 antiquis
560 4721 643 4773 codd.
662 4736 799 4772 manuscr.
819 4737 874 4774 non
891 4719 1020 4790 inueniri,
1039 4722 1088 4777 ubi
1114 4729 1156 4777 tas
1180 4721 1321 4775 rideretur
1338 4719 1417 4772 vilior
1435 4720 1571 4791 dignitate
1590 4720 1729 4792 pontificis
1746 4721 1874 4778 Romani.
1910 4725 1945 4780 Et

252 4809 355 4881 allegat
374 4807 565 4862 Hsloandrum
584 4804 614 4859 in
630 4810 703 4859 anot.
722 4821 779 4861 var.
797 4804 860 4862 lect.
879 4806 944 4862 item
960 4807 1087 4863 Cantium
1114 4825 1177 4864 eum
1197 4806 1273 4876 leges
1285 4805 1388 4860 codicis
1406 4805 1461 4861 sint
1478 4807 1593 4862 novellis
1610 4808 1769 4877 anteriores,
1788 4825 1844 4863 non
1857 4816 1945 4880 potest

144 4899 181 4940 ¹1·
194 4897 240 4940 ²⁴⁶·
253 4894 404 4951 insimilib.
418 4898 523 4957 annot.;
541 4896 567 4945 2.
580 4893 657 4961 quod
665 4909 746 4961 papa
755 4893 895 4961 ejusmodi
901 4895 1052 4959 fraudium
1062 4903 1087 4948 et
1114 4893 1183 4962 dici,
1208 4909 1259 4962 per
1285 4891 1303 4948 l.
1328 4892 1400 4946 inter
1423 4893 1511 4947 claras
1538 4893 1569 4949 C.
1597 4892 1622 4947 d.
1643 4893 1776 4950 titheus
1795 4895 1944 4952 lastiniani

250 4983 446 5049 fallaciarum,
466 4996 537 5049 quae
552 4980 593 5031 ad
605 4996 683 5031 suam
691 4979 845 5048 potentiam
857 4980 1088 5050 amplificandam
1114 4979 1336 5037 constitutionem
1355 4979 1440 5034 fuisse
1452 4979 1599 5050 sublatam,
1618 4981 1755 5051 siquidem
1767 4983 1845 5054 leges
1858 4991 1944 5055 poste·

251 5070 354 5136 salem,
367 5069 544 5137 jampridem
556 5068 694 5120 convictus
703 5067 800 5135 feerit,
820 5066 867 5121 ubi
879 5067 995 5123 adducit
1006 5067 1088 5124 confi·
1114 5068 1199 5122 riores
1213 5067 1348 5138 derogant
1360 5066 1507 5137 prioribus,
1522 5083 1577 5122 non
1594 5068 1698 5137 priores
1711 5067 1846 5140 derogare
1858 5071 1944 5125 solent

253 5161 328 5211 etum
338 5154 492 5211 donationis
501 5152 673 5209 Constantini
683 5153 1087 5224 instrumentumacsynodum
1114 5151 1318 5225 posterioribus.
1362 5159 1385 5207 3.
1408 5152 1471 5208 Non
1490 5158 1532 5208 est
1551 5153 1696 5210 verisimile
1715 5154 1862 5227 Pelagium
1881 5175 1944 5228 pon-

255 5241 510 5314 Cartbaginensem,
526 5241 555 5296 in
573 5258 629 5313 qua
646 5240 772 5296 ducentis
786 5245 815 5296 et
826 5240 941 5312 triginta
951 5241 1088 5311 episcopis
1114 5238 1229 5305 tiiicem,
1248 5239 1296 5311 qui
1324 5241 1406 5310 paulo
1427 5246 1490 5309 post
1506 5238 1657 5294 iustiniani
1678 5246 1805 5310 tempora
1820 5243 1902 5308 sirit,
1917 5250 1944 5297 et

250 5328 393 5397 jndicibus
419 5329 549 5385 falsitatis
571 5335 614 5383 est
631 5329 785 5383 damnatus.
823 5331 850 5379 3.
872 5327 955 5388 Quod
971 5327 1015 5380 len
1031 5327 1088 5381 ista
1114 5324 1280 5396 Gregorium
1305 5325 1439 5398 Magnum
1467 5325 1495 5380 in
1521 5342 1572 5380 sua
1597 5325 1634 5379 ad
1659 5325 1809 5398 Eulogium
1831 5329 1944 5400 epistola

249 5423 356 5484 puqnet
374 5433 439 5471 cum
455 5416 503 5473 lib.
522 5423 546 5472 1.
564 5414 595 5470 0.
614 5415 649 5470 (11
666 5432 763 5470 summ.
780 5408 856 5468 'Prin
894 5417 918 5470 4.
939 5412 1020 5474 Queri
1033 5431 1087 5483 pu·
1113 5410 1161 5466 lib.
1182 5418 1206 5467 t.
1226 5427 1268 5483 ep.
1289 5417 1331 5468 3⁰.
1346 5414 1393 5482 jus
1407 5414 1453 5480 τῆς
1472 5415 1635 5481 οἰκουμένης
1652 5411 1738 5468 fuisse
1750 5412 1942 5487 abnegatums,

253 5508 400 5571 1111111111
418 5500 467 5558 lib.
488 5507 526 5558 ts.
543 5501 589 5560 111.
607 5501 669 5557 eod
687 5506 716 5555 st
733 5516 797 5556 cum
813 5498 862 5556 lib
880 5504 924 5557 24.
943 5498 974 5554 C.
991 5498 1088 5563 (1111.
1114 5497 1139 5554 si
1160 5499 1190 5554 id
1209 5514 1295 5569 penes
1313 5516 1342 5555 ss
1360 5514 1420 5554 esse
1437 5498 1651 5570 intellexissent,
1671 5500 1748 5572 quod
1766 5505 1860 5558 umen
1875 5501 1942 5557 teos·
