3998 6024
824 261 876 319 nn
895 260 1085 327 accussat
1735 270 1801 355 sep

111 423 255 470 manebat.
290 415 513 487 Respondemus:
536 421 557 471 t.
572 414 647 488 qnod
661 414 843 471 Bellarminns
856 416 940 486 patri-
967 434 1041 480 mus,
1073 430 1138 486 ergo
1164 431 1219 470 non
1248 421 1363 486 possunt
1391 414 1446 470 dici
1473 416 1599 471 doctores
1626 415 1683 471 sire
1706 423 1798 489 patres

111 503 224 569 archas,
252 502 400 573 prophetas
431 511 459 557 et
484 492 623 573 apostolos
651 518 713 556 cum
740 501 941 557 institutoribus
968 501 1099 557 ecclesiae
1132 501 1255 571 papalis,
1292 501 1359 574 quin
1389 502 1443 556 imo
1476 520 1511 557 ne
1539 500 1651 573 quidem
1677 506 1804 572 tempora

111 588 239 642 ordinum
256 588 446 661 religiosorum
464 589 620 658 conjungit,
648 589 677 640 in
694 606 726 643 so
744 605 872 660 magnam
888 587 943 642 illis
968 586 1091 648 Antonii,
1109 587 1268 657 Augustini,
1289 587 1393 656 Basilii,
1412 604 1429 640 a
1448 587 1549 658 quibus
1566 588 1676 659 fingunt
1689 588 1799 642 ordines

114 673 242 745 injuriam
267 674 348 742 facit,
376 674 415 728 illi
438 675 508 728 enim
531 673 643 729 fuerunt
668 673 826 728 immediate
846 691 863 728 a
883 673 943 727 Deo
970 673 1102 744 quosdam
1115 672 1279 743 monasticos
1293 672 1440 736 institutos,
1459 679 1553 727 tantae
1570 673 1682 728 fuerunt
1700 673 1812 729 doctri-¹

112 761 219 827 vocati,
237 777 303 814 vera
319 761 465 814 sanctitate
486 759 627 830 conspicui
646 765 675 814 et
692 758 847 815 habuerunt
862 759 943 829 privi·
969 776 1020 812 nae
1043 758 1168 813 coelestis
1191 756 1379 828 corruptelae,
1405 757 1500 827 quales
1527 757 1609 813 hodie
1628 758 1658 812 in
1674 758 1810 812 Romana

114 847 217 918 legium
237 864 292 900 non
311 846 436 914 errandi;
456 845 485 898 hi
498 862 572 912 vero,
592 845 704 916 nequid
719 847 830 915 gravius
846 845 943 911 dicam,
969 844 1085 898 ecclesia
1102 851 1226 914 regnant.
1261 842 1452 912 Franciscum,
1477 843 1664 913 Dominicum,
1683 844 1800 899 Benedi-

114 933 227 987 fuerunt
244 933 441 1003 superstitiosi,
468 934 515 1003 qui
539 939 636 987 contra
652 950 809 1002 expressum
826 929 944 1003 apostoli
970 936 1044 982 ctum
1063 935 1113 983 etc.
1140 928 1344 999 superstitiosos
1361 928 1447 981 fuisse
1465 928 1654 1000 concedimus,
1673 930 1721 983 sed
1738 945 1802 984 vers

114 1017 292 1072 interdictum
323 1018 472 1072 schismata
496 1017 524 1071 in
554 1016 697 1072 ecclesiam
725 1017 943 1085 introduxerunt,
970 1021 1079 1069 sanctos
1109 1014 1194 1068 fuisse
1219 1030 1360 1085 negamus.
1400 1013 1505 1078 Quodsi
1531 1014 1574 1070 vel
1602 1015 1718 1069 maxime
1744 1023 1801 1070 tam

115 1108 146 1156 ut
170 1121 242 1157 unus
267 1103 357 1167 dicat,
386 1120 436 1174 epo
458 1121 519 1156 sam
536 1103 698 1172 Francisei‚
727 1104 796 1158 alter
816 1121 865 1170 spo
883 1120 944 1155 sum
970 1101 1058 1155 sancti
1077 1101 1195 1156 fuissent
1214 1118 1297 1172 quarn
1315 1100 1446 1171 apostoli,
1471 1101 1526 1154 imo
1546 1102 1639 1172 angeli
1665 1101 1748 1169 (sicut
1768 1102 1802 1156 de

116 1192 263 1243 Daminici
281 1197 332 1245 etc.
374 1197 396 1246 l.
416 1189 537 1245 Corinth.
557 1195 579 1258 1,
599 1209 625 1243 v.
648 1195 686 1244 12.
722 1195 746 1244 2.
766 1190 825 1244 imo
838 1206 873 1244 ne
887 1190 944 1260 qui·
970 1185 1118 1241 Francisco
1146 1188 1175 1240 in
1202 1187 1273 1242 libro
1302 1187 1525 1240 conformitatum
1554 1187 1686 1257 impresso
1713 1187 1802 1242 Bono·

115 1276 178 1329 dem
199 1292 261 1330 cum
280 1276 437 1330 doctoribus
460 1275 517 1330 sive
536 1275 662 1346 patribus
684 1275 839 1346 primitivae
856 1275 945 1330 eccle·
970 1271 1034 1327 uiae
1051 1290 1123 1327 anno
1141 1278 1213 1329 1589.
1231 1272 1339 1338 dicitur,
1355 1274 1432 1341 qnod
1443 1273 1803 1343 drancbcnssaeritpias·

115 1361 173 1416 siae
204 1361 356 1431 comparari
386 1361 488 1416 debent
517 1362 705 1431 patriarchae,
738 1362 889 1433 prophetae
918 1369 953 1431 et,
972 1378 1055 1429 qvam
1072 1360 1217 1415 Jobannes
1236 1360 1371 1429 Baptista
1395 1359 1414 1412 f.
1436 1366 1476 1413 24.
1504 1361 1581 1428 qaod
1595 1361 1687 1425 faerit
1706 1361 1804 1414 metior

116 1449 247 1518 apostoli,
270 1466 333 1502 cum
357 1456 385 1503 et
409 1447 449 1501 1111
475 1449 635 1502 immediata
657 1449 800 1502 vocatione
818 1454 846 1501 et
863 1446 945 1518 privi·
972 1446 1109 1515 apostolis
1129 1445 1148 1499 f.
1165 1451 1204 1501 39.
1223 1446 1300 1514 quod
1312 1445 1407 1497 Filios
1421 1445 1480 1498 Dei
1491 1462 1547 1513 per
1566 1447 1660 1499 omnia
1678 1444 1807 1499 eammbi

67 1598 69 1601 v
114 1535 188 1605 legio
214 1533 418 1589 infallibilitatis
438 1533 630 1589 destituantur.
672 1533 845 1606 Augustinus
865 1535 945 1603 epist.
971 1531 1105 1584 similarit
1123 1530 1142 1584 f.
1156 1538 1179 1585 5.
1201 1532 1277 1599 qnod
1291 1532 1373 1583 aaran
1390 1531 1426 1583 sit
1445 1530 1575 1583 inlacem
1587 1532 1709 1599 pentinum
1727 1530 1747 1588 f.
1764 1537 1803 1587 tr.

119 1625 156 1675 19.
177 1620 212 1675 ad
229 1618 354 1675 Hieram:
379 1619 444 1672 Non
462 1619 594 1683 arbitror,
618 1627 644 1671 te
663 1621 704 1672 sic
722 1620 793 1672 velie
812 1619 869 1686 lapi
886 1628 946 1672 toas
973 1619 1049 1685 quad
1060 1618 1166 1670 aseritis
1178 1617 1451 1686 siniilvssitanpeiis
1468 1625 1494 1670 et
1513 1618 1691 1686 archanpelis
1712 1618 1731 1674 f.
1746 1624 1804 1674 247.

116 1707 204 1759 libros
229 1715 360 1774 tanquam
382 1707 585 1776 prophetaram
609 1714 658 1758 ant
682 1706 887 1773 apostoloram,
911 1706 946 1757 de
973 1705 1050 1773 qaod
1067 1722 1160 1758 omnes
1177 1705 1290 1757 virtutes
1303 1712 1463 1757 sanctornm
1481 1703 1510 1758 V.
1529 1714 1555 1757 et
1567 1706 1603 1761 N.
1619 1705 1650 1759 Τ.
1669 1707 1699 1758 in
1712 1705 1805 1758 Fian-

117 1811 234 1861 qn-ornm
258 1791 385 1860 scriptis,
410 1793 494 1859 quod'
510 1793 585 1845 omni
601 1808 696 1845 errore
716 1800 843 1862 careant,
867 1791 946 1844 dnbi—
973 1791 1046 1842 eirea
1063 1791 1173 1859 positae
1188 1790 1298 1856 fuerint
1312 1789 1415 1842 anitiae
1429 1798 1454 1842 et
1467 1790 1635 1855 corajanetim
1653 1789 1671 1843 f.
1684 1797 1708 1844 5.
1728 1790 1806 1859 qaod

117 1890 180 1930 tare
197 1878 340 1941 nefariam
356 1885 405 1932 est.
434 1882 457 1931 3.
471 1877 549 1941 Quas
566 1892 631 1931 vero
649 1875 718 1931 haec
735 1877 946 1949 consequentia:
973 1877 1003 1929 in
1020 1892 1052 1929 eo
1068 1877 1166 1945 passio
1188 1874 1294 1929 Christi
1311 1877 1340 1927 in
1359 1891 1459 1944 penere
1477 1874 1597 1929 hamana
1614 1875 1651 1928 sit
1669 1884 1804 1930 renovata

117 1962 298 2034 patriarchae,
317 1961 474 2033 prophetae,
495 1963 613 2033 apostoli
626 1970 654 2018 et
671 1964 796 2019 doctores
815 1963 947 2020 ecclesiae
972 1960 992 2017 t.
1016 1966 1071 2017 its.
1092 1967 1143 2017 etc.
1164 1961 1198 2015 de
1212 1960 1357 2015 Dominico
1376 1959 1472 2014 scribit
1491 1960 1651 2015 Antoninus
1669 1960 1803 2032 archiepi-

117 2050 229 2105 fuerunt
256 2049 358 2117 sancti,
394 2066 460 2121 ergo
485 2049 618 2103 sanctitas
641 2054 683 2104 est
707 2048 840 2105 ecclesiae
862 2048 946 2103 nota?
973 2062 1088 2117 scopus,
1112 2049 1189 2115 qaod
1202 2048 1301 2117 plures
1320 2053 1444 2099 mortuos
1461 2046 1619 2116 sedaverit,
1641 2066 1726 2116 qnam
1743 2049 1803 2118 ipre

117 2136 191 2191 Num
211 2153 302 2202 omne,
321 2136 394 2206 quod
413 2143 455 2189 est
471 2135 499 2189 in
518 2136 676 2190 doctoribus
697 2137 838 2203 eeclesiae,
855 2135 946 2189 statim
976 2134 1115 2202 Christus,
1142 2136 1220 2202 qvod
1237 2142 1363 2203 potestas
1381 2133 1554 2198 caelestium,
1580 2131 1754 2188 terrestriam
1778 2142 1806 2190 et

116 2222 170 2276 erit
191 2230 258 2276 uota
281 2221 435 2276 ecclesiae?
459 2239 525 2275 num
551 2239 585 2276 ex
609 2222 668 2276 vita
691 2223 783 2292 potius
805 2239 887 2294 quam
914 2239 947 2276 er
973 2221 1131 2287 inferorum
1149 2220 1185 2272 sit
1205 2218 1263 2287 ipsi
1280 2220 1497 2285 communicata,
1523 2221 1601 2288 qvod
1616 2221 1737 2284 facilites
1750 2238 1806 2292 per

116 2309 243 2362 doctrina
256 2307 444 2378 judicabimus
464 2307 499 2362 de
518 2307 694 2362 doctoribus?
722 2316 752 2362 at
770 2307 823 2362 hac
840 2308 947 2362 ratione
973 2306 1156 2359 distineatur
1180 2307 1222 2358 asi
1241 2305 1381 2360 Christum
1399 2323 1483 2374 qaam
1499 2322 1553 2374 per
1571 2304 1707 2375 Paulam,
1731 2306 1808 2376 qaod

116 2392 251 2458 eflicitur,
277 2393 431 2448 doctrinam
458 2410 475 2446 a
501 2393 578 2448 duda
604 2393 745 2464 proditore
778 2394 946 2464 propositam
973 2393 1078 2445 trinam
1099 2391 1279 2460 disciplinam
1297 2393 1332 2444 de
1350 2409 1434 2444 mana
1454 2391 1578 2460 propria
1598 2409 1653 2445 non
1676 2393 1806 2460 cordata,

117 2479 204 2535 fauisse
230 2480 341 2544 falsam,
368 2487 463 2533 contra
479 2495 543 2532 vero
561 2478 714 2533 doctrinam
733 2478 947 2549 pseudoaposto·
973 2481 1026 2532 sed
1044 2486 1143 2531 eatena
1158 2480 1259 2543 ferrea
1277 2478 1398 2546 mmcepit
1417 2495 1503 2546 sisque
1521 2479 1563 2530 ad
1575 2478 1722 2547 sanpainis
1740 2477 1807 2548 effa-

117 2567 221 2634 lorum,
245 2565 292 2638 qui
315 2583 343 2620 se
368 2565 604 2633 transfigurabant
625 2565 654 2618 in
676 2563 779 2619 Christi
803 2566 949 2635 apostolos,
974 2565 1093 2628 aionem,
1112 2581 1196 2618 anam
1212 2582 1267 2633 pra
1283 2563 1343 2616 sais
1362 2562 1461 2633 calpis,
1481 2580 1551 2631 qnae
1568 2565 1699 2617 minimae
1718 2553 1806 2635 erasit,

40 2671 103 2713 tot.
117 2653 204 2706 suisse
223 2670 322 2707 veram.
358 2659 382 2706 4.
403 2651 543 2706 Ecclesiae
569 2652 695 2706 doctores
718 2651 831 2706 fuerunt
853 2652 950 2721 sancti,
971 2668 1028 2719 pro
1055 2651 1085 2702 in
1100 2651 1270 2719 pnrpatorio
1289 2649 1481 2703 exsistentibus
1500 2649 1601 2714 aliam,
1625 2668 1683 2719 pra
1702 2651 1739 2705 iis
1759 2649 1810 2720 qai

119 2738 228 2792 interim
249 2745 341 2792 tamen
367 2738 422 2790 suis
449 2736 540 2791 adhuc
559 2736 720 2791 laborarunt
745 2738 838 2790 naevis
858 2754 892 2792 sc
910 2738 949 2790 in·
976 2738 1005 2790 in
1021 2739 1125 2790 maredo
1144 2744 1291 2790 versantur
1308 2738 1419 2790 tertiam
1436 2741 1486 2791 etc.
1504 2744 1575 2807 part.
1589 2742 1613 2791 3.
1630 2737 1672 2793 tit.
1686 2744 1727 2795 23.
1744 2755 1768 2795 c.
1784 2731 1817 2794 1.'

119 2823 303 2896 firmitatibus,
314 2823 426 2894 quidam
439 2823 522 2876 etiam
535 2831 566 2876 ut
575 2820 836 2889 Noachns,L0thus,
846 2823 950 2891 Aaron,
976 2818 1003 2894 ξ.
1024 2828 1046 2878 1.
1073 2827 1101 2876 et
1125 2824 1214 2893 seqq.)
1243 2827 1335 2877 tamen
1364 2823 1485 2892 ipsorum
1512 2823 1638 2877 doctrina
1654 2821 1807 2893 judicanda

119 2907 220 2973 David,
239 2908 337 2963 Petrus
357 2909 386 2961 in
404 2923 527 2962 enormes
545 2907 641 2978 lapsus
660 2907 824 2978 inciderunt,
843 2916 872 2963 at
883 2928 948 2963 num
975 2906 1073 2961 fuisset
1092 2923 1125 2961 ex
1146 2906 1231 2962 verbo
1250 2907 1312 2963 Gal.
1330 2914 1357 2977 l,
1375 2924 1401 2960 ι.
1420 2913 1450 2963 8:
1476 2908 1536 2961 Sed
1552 2910 1580 2960 si
1596 2908 1720 2980 valnas,
1739 2907 1807 2979 apo·

119 3002 266 3067 propterea
290 2995 415 3050 doctrina
432 2994 555 3074 ipsorum
575 2993 657 3047 desiit
675 3009 735 3049 esse
755 2994 838 3048 vera?
878 3002 900 3050 5.
920 2995 949 3051 Si
975 2994 1054 3058 stoli,
1080 2996 1123 3047 vel
1145 2995 1263 3064 anpelne
1282 2996 1317 3047 de
1337 2993 1413 3046 coeio
1432 2994 1597 3062 cvanpeiiret
1615 2994 1693 3047 vobis
1699 3012 1807 3066 ,prae-

118 3101 152 3137 er
174 3081 319 3136 sanctitate
344 3071 577 3150 patriarcharum,
607 3078 804 3149 prophetarum
833 3088 860 3135 et
884 3098 948 3152 apa
974 3088 1100 3148 terqaam
1120 3081 1197 3148 qood
1215 3078 1498 3149 evangelizavimus
1483 3077 1572 3143 volam,
1596 3081 1745 3133 anatliema
1762 3080 1807 3136 sit.

118 3158 249 3222 stolorum
268 3165 302 3220 de
315 3166 430 3221 ecclesia
441 3164 632 3237 judicandum,
651 3171 746 3219 nostra
762 3167 853 3236 potius
866 3183 948 3237 quam
974 3165 1074 3236 Apage
1100 3164 1186 3235 igitur
1211 3163 1342 3217 immania
1367 3162 1417 3217 illa
1439 3164 1619 3234 pronuntiata
1642 3164 1727 3219 verbo
1752 3163 1806 3220 Dei

118 3256 244 3308 Romana
256 3251 371 3306 ecclesia
390 3250 498 3305 laudem
514 3249 590 3303 illam
609 3250 662 3304 sibi
682 3251 818 3305 vendicat.
846 3252 949 3308 Nostra
974 3269 989 3306 s
1010 3251 1142 3305 diametro
1166 3250 1317 3317 contraria,
1342 3248 1419 3319 quod
1436 3265 1469 3301 ea
1489 3248 1607 3303 laterali
1628 3251 1731 3304 Christi
1749 3243 1870 3311 val-111
1884 3266 1918 3310 as

119 3340 192 3394 enim
218 3336 334 3391 ecclesia
360 3335 461 3390 insistit
480 3335 619 3390 doctrinae
639 3335 858 3407 patriacharum,
885 3355 947 3434 pro·
974 3353 1040 3389 nere
1060 3336 1232 3390 Franciseas
1258 3293 1407 3401 exsilierit,
1436 3335 1483 3390 lib
1506 3337 1581 3390 conf.
1606 3337 1626 3393 f.
1646 3342 1705 3392 217.
1733 3338 1814 3409 qnod

118 3425 263 3497 phetarum
289 3429 316 3477 et
340 3422 538 3490 apostolorum,
563 3406 613 3477 hos
631 3422 757 3478 doctores
777 3422 838 3477 illos
858 3423 946 3494 sequi·
975 3422 1145 3475 Franciscas
1162 3422 1260 3490 primo
1284 3421 1356 3489 vita,
1384 3422 1493 3474 densim
1507 3408 1644 3490 passione
1659 3423 1755 3487 factas
1772 3422 1810 3477 eit

119 3529 181 3565 mur
209 3518 236 3564 ct
263 3509 503 3576 cansanpainitate
534 3509 680 3562 doctrinae
711 3508 778 3578 ipsis
808 3509 949 3579 conjuncti
976 3510 1017 3561 uri
1033 3506 1183 3576 imaginem
1203 3516 1228 3560 et
1247 3507 1459 3560 similitudinem
1476 3506 1548 3560 Jesu
1562 3506 1668 3562 Christi
1685 3508 1812 3579 crucifici

120 3613 232 3663 sumus3
253 3592 391 3648 Pontificii
411 3610 476 3646 vero
495 3594 531 3647 ab
550 3580 709 3665 intigritate
727 3595 868 3649 doctrinae
887 3612 949 3665 pro·
975 3593 1022 3649 fol.
1049 3598 1087 3648 13.
1117 3592 1195 3662 qvod
1221 3593 1359 3659 stigmatis
1387 3592 1506 3662 quinque
1528 3594 1673 3647 vulneram
1696 3613 1809 3649 marum

120 3681 248 3754 pheticae
278 3684 306 3733 et
335 3669 502 3749 apostolieae
524 3681 584 3748 jam
602 3672 678 3734 ¹olim
705 3687 890 3750 recesserunt,
920 3687 951 3735 ut
976 3687 1064 3732 servet
1088 3697 1107 3732 a
1130 3687 1219 3731 marte
1238 3687 1351 3731 aeterna
1368 3679 1458 3748 viros,
1485 3680 1534 3749 qvi
1551 3698 1570 3731 a
1588 3687 1710 3749 tempore
1729 3681 1809 3737 iilius

122 3767 187 3822 alibi
208 3766 417 3821 demonstratur.
453 3772 477 3820 o.
501 3763 680 3820 Ethnicorum
697 3765 824 3821 doctores
843 3774 871 3820 et
889 3767 950 3821 hae·
978 3782 1062 3833 vsqve
1081 3766 1121 3817 ad
1136 3767 1220 3831 finem
1232 3765 1330 3816 rnarvdi
1340 3764 1467 3818 vixerant
1479 3774 1504 3818 et
1515 3766 1612 3835 vivent,
1633 3767 1809 3823 Bernhardus

123 3852 275 3910 resiarchas
294 3851 377 3905 fuisse
398 3850 530 3922 superbos
549 3870 604 3905 non
621 3869 772 3924 negamus,
791 3851 899 3906 interim
919 3871 952 3908 ex
977 3853 1005 3904 in
1023 3867 1108 3904 rosar.
1127 3855 1199 3921 part.
1218 3857 1242 3905 2.
1260 3867 1339 3904 serm.
1359 3856 1400 3905 27.
1421 3868 1486 3921 pag.
1500 3856 1558 3906 224.
1580 3869 1650 3922 quae
1667 3870 1809 3926 nunquam

122 3958 154 3996 eo
171 3934 270 3994 confici
284 3935 387 4005 nequit,
405 3937 577 3990 sanctitatem
591 3937 663 3991 vitae
677 3937 951 3992 indoctoribusesse
978 3935 1138 4007 persuaderi
1162 3935 1243 3990 nobis
1268 3936 1419 4007 patiemur,
1443 3935 1510 3991 licet
1535 3937 1700 3993 Franciscus
1725 3940 1810 3996 fuerit

122 4031 216 4080 notam
236 4021 382 4089 ecclesiae,
401 4021 460 4076 fieri
479 4021 550 4075 enirn
568 4026 666 4090 potest,
685 4030 717 4076 ut
734 4023 817 4077 etiam
837 4024 952 4078 catholi-
979 4033 1035 4076 tam
1055 4028 1167 4075 sanctus
1176 4038 1285 4093 ,quam
1303 4022 1402 4093 aliquis
1420 4039 1436 4076 e
1453 4022 1529 4077 coelo
1547 4024 1671 4094 augelus,
1692 4043 1724 4080 so
1743 4022 1816 4082 liest'

123 4127 171 4164 cus
191 4109 286 4162 doctor
306 4108 342 4162 sit
366 4105 500 4177 superbus
525 4114 553 4161 et
572 4113 602 4160 ut
622 4107 776 4162 haereticus
795 4109 891 4164 doctor
908 4127 953 4163 su·
979 4108 1069 4162 adhuc
1092 4107 1139 4161 alii
1161 4113 1216 4162 tres
1240 4109 1382 4178 pontifices
1402 4105 1454 4162 sub
1474 4109 1616 4164 haereseos
1635 4128 1726 4181 poena
1744 4096 1815 4185 stig·

123 4192 248 4270 perbiam
272 4210 349 4246 susm
379 4191 511 4261 occultet3
539 4193 675 4263 quomodo
701 4194 786 4263 igitur
812 4194 952 4249 occultum
980 4200 1055 4249 mata
1072 4193 1272 4248 illaFrancisci
1291 4194 1327 4248 ab
1346 4195 1473 4249 omnibus
1492 4196 1567 4250 credi
1576 4195 1717 4264 juberent,
1736 4197 1811 4268 quod

122 4281 192 4335 illud
216 4279 314 4332 vitium
339 4284 430 4348 potest
451 4295 510 4333 esse
534 4279 649 4333 visibilis
673 4287 740 4333 nota
764 4279 851 4335 falsae
868 4282 988 4336 eccle·
976 4298 1035 4348 Jum
1059 4288 1123 4333 ante
1147 4278 1252 4334 factum
1277 4298 1295 4334 a
1319 4279 1452 4350 Gregorio
1474 4278 1525 4337 1Χ.
1551 4281 1710 4337 Alexandro
1730 4282 1764 4339 V.
1784 4269 1831 4339 et'·

122 4366 201 4421 siae?
237 4364 451 4420 Haercsiarchae
479 4383 586 4436 semper
612 4366 779 4430 obtendunt,
807 4385 836 4422 ss
862 4368 954 4422 studio
981 4364 1093 4421 Nicolao
1106 4365 1157 4420 111.
1178 4365 1296 4437 denique
1313 4366 1465 4422 licetmille
1483 4367 1604 4421 ahicam
1618 4360 1818 4423 Bonaven'turs'

124 4449 327 4523 promovendae
358 4451 461 4521 gloriae
490 4451 599 4506 divinae
634 4460 662 4506 et
694 4454 789 4506 salutis
819 4452 954 4507 hnmanae
981 4452 1008 4504 in
1037 4450 1156 4521 legenda
1185 4451 1326 4505 Francisci
1350 4459 1488 4519 statuant,
1519 4455 1674 4507 Francisca
1702 4463 1812 4507 mortae

124 4540 256 4609 dogmata
278 4536 325 4589 illa
344 4551 510 4607 proponere,
536 4544 632 4591 eontra
649 4555 712 4591 vero
731 4537 908 4592 ambitionem
928 4547 955 4593 et
981 4538 1113 4606 stipmata
1138 4557 1157 4590 a
1179 4538 1310 4606 pluribus
1328 4540 1419 4599 faisse
1441 4540 1539 4607 apnita
1558 4539 1645 4593 clavia
1662 4541 1693 4592 in
1712 4559 1746 4592 ea
1763 4541 1813 4593 im·

125 4621 285 4693 superbiam
303 4639 381 4676 suam
401 4620 496 4675 sedulo
508 4627 650 4691 premunt;
670 4624 806 4692 quomodo
823 4623 954 4693 igiturex
983 4624 1082 4687 nensis,
1103 4623 1147 4676 cui
1166 4622 1331 4677 conuadicit
1350 4623 1508 4678 Matthaeus
1528 4624 1621 4694 Paris,
1639 4626 1687 4695 qui
1704 4642 1736 4680 eo
1754 4626 1814 4696 ipso

126 4706 257 4780 superbia
275 4707 383 4761 illorum
403 4707 513 4760 occulta
531 4707 566 4762 de
586 4707 711 4761 doctrina
729 4706 787 4761 fieri
805 4715 896 4776 potest
911 4710 955 4779 jn·
983 4715 1113 4779 tempore,
1124 4725 1178 4778 quo
1188 4709 1352 4763 Franciscus
1365 4709 1442 4777 obiit,
1453 4709 1552 4774 floruit,
1562 4710 1591 4763 in
1600 4710 1664 4766 hist.
1672 4711 1757 4765 Henr.
1764 4706 1822 4766 111:

126 4794 249 4850 dicium?
983 4811 1040 4866 reg.
1059 4796 1143 4865 Angl.
1171 4813 1200 4865 p.
1223 4799 1279 4850 329.
1305 4812 1424 4867 negans,
1453 4797 1511 4851 nlla
1535 4795 1739 4867 praedictorum
1757 4787 1816 4852 vul'·

46 4906 112 4945 712„
162 4887 221 4938 261.
259 4881 415 4933 llerndram
438 4882 596 4933 secundam.
632 4879 704 4934 Num
728 4880 802 4933 vitae
825 4879 956 4933 sanctitas
983 4898 1078 4934 uerum
1104 4881 1134 4933 in
1160 4881 1245 4934 lutere
1269 4879 1312 4935 vel
1339 4880 1459 4950 pedibus
1484 4882 1543 4935 sive
1562 4883 1689 4937 manibus
1708 4900 1812 4938 reman-

40 4958 111 5049 ffiz
127 4966 287 5024 doctoribus
309 4965 450 5021 Romanae
468 4965 600 5019 ecclesiae
620 4963 704 5017 tribui
724 4965 830 5034 possit?
854 4967 955 5021 Bellar·
983 4967 1049 5019 sisse
1068 4966 1206 5038 stigmata

40 5063 112 5100 tusas
128 5056 217 5109 miuus
240 5052 285 5106 hic
309 5058 440 5122 provocat
467 5052 507 5103 ad
531 5050 729 5119 patriarchas,
752 5052 908 5120 propbetas
932 5059 956 5103 ct
1017 5054 1075 5108 262.
1095 5049 1141 5105 Int
1129 5056 1256 5106 ueamur
1266 5070 1329 5107 vero
1341 5058 1485 5123 tantopere
1495 5052 1717 5122 depraedicatam
1727 5055 1811 5112 eccle·
1826 5071 1938 5111 sancum

40 5114 112 5202 ⁸0⁰ss
128 5139 286 5211 apostolos,
314 5141 354 5190 ad
379 5138 537 5206 primitivae
566 5136 697 5189 ecelesiae
723 5139 897 5190 declareret
918 5141 958 5190 ad
983 5155 1039 5191 stae
1051 5136 1192 5190 Romanae
1206 5137 1398 5193 sanctitatem
1390 5156 1419 5192 ιιι
1433 5155 1512 5192 curta
1521 5147 1549 5192 et
1560 5138 1628 5192 urhe
1637 5138 1792 5211 Romana,
1783 5160 1812 5197 tn
1826 5122 1917 5214 ΞᾎἏζ,

40 5219 67 5254 ¹¹*
129 5227 261 5279 ordinem
279 5225 475 5292 reiiprosornm
495 5223 673 5274 institutores.
709 5220 765 5274 Sed
777 5221 890 5291 plene‘
875 5245 957 5275 ania
983 5221 1111 5294 pontifice
1130 5231 1261 5293 tanquam
1280 5224 1383 5294 capite,
1408 5222 1608 5293 cardinalibus,
1632 5222 1820 5298 archiepisco-³

129 5310 245 5374 δεὺιως,
279 5313 345 5381 quia
374 5326 425 5362 nec
451 5309 616 5378 prophetae,
655 5322 706 5360 nec
740 5308 871 5377 apostoli,
907 5324 957 5362 nec
982 5311 1033 5379 pis,
1047 5309 1192 5379 episcopis,
1206 5307 1403 5373 sacerdotibus,
1415 5309 1687 5379 monachialestntis
1699 5312 1814 5369 etlareis

128 5397 285 5470 primitivae
309 5395 440 5449 ecclesiae
459 5392 583 5446 doctores
603 5391 723 5462 amplexi
743 5385 808 5446 sunt
827 5391 957 5462 dogmata
983 5413 1037 5449 non
1055 5413 1073 5448 a
1092 5395 1200 5462 nostris,
1219 5395 1267 5447 sed
1288 5412 1304 5447 a
1323 5391 1379 5447 suis
1397 5392 1719 5468 ipsorum‘scriptoiibus
1730 5399 1816 5470 potis?

128 5480 253 5557 papalia,
273 5475 359 5551 ¹quae
394 5496 445 5533 nos
483 5496 514 5534 er
544 5471 653 5549 scriptis
681 5476 789 5532 illornnt
814 5494 955 5549 oppugna·
984 5480 1091 5548 simum,
1112 5479 1155 5533 vel
1173 5496 1207 5533 ex
1229 5479 1276 5548 iis,
1297 5476 1450 5550 quoti'suos
1470 5498 1531 5536 esse
1547 5476 1731 5556 contendunt,
1749 5476 1815 5540 deli·

1401 5584 1456 5638 34*
