4004 6022
745 303 797 359 DE
814 302 1006 367 nccmsle.
1658 328 1719 389 349

10 446 53 503 b
66 445 289 503 discurrentem:
310 451 423 504 Mecum
435 452 477 505 eie
488 460 588 524 manto,
602 457 674 511 aelle
687 474 729 512 me
740 459 857 525 Pontif-
886 469 913 514 et
924 469 1016 516 tuetur
1030 464 1116 520 Niluc
1129 467 1160 521 in
1173 466 1219 520 lib.
1234 470 1345 524 adnare
1357 470 1473 540 primat.
1481 487 1592 543 popae,
1605 476 1722 530 canaan

10 532 88 587 dnm
98 535 200 604 potine
214 551 299 603 meam
307 536 496 593 Lutltcrenam
510 541 674 609 relipionem
684 546 817 614 amplecti
824 546 858 600 ob
884 549 974 602 eeenti
980 558 1044 604 eant
1053 551 1162 620 aliquot
1172 546 1359 623 Pariei'eneee,
1369 562 1399 608 ut
1411 555 1522 612 Gereon
1531 560 1682 615 etAlmain
1691 562 1723 616 in
1735 575 1772 618 xi
1786 573 1830 620 tet

10 618 94 673 illm
106 619 249 688 inprimit,
268 622 336 691 eata
354 624 417 677 illic
437 629 602 695 compendio
619 631 727 683 di'ecere
741 649 859 701 poenam
884 632 967 685 librie
986 636 1023 687 de
1040 643 1179 704 poteetate
1199 639 1346 708 eccleciae,
1364 656 1414 694 nec
1430 659 1486 696 non
1506 644 1670 714 Alpioneue
1687 648 1723 700 de

12 704 173 770 critatem,
189 705 321 760 uidelicet
340 707 368 760 ei
387 710 446 777 eje,
467 715 544 780 quod
561 715 603 767 ait
615 716 762 785 pontifex,
780 734 858 787 nepo,
887 719 987 773 Caetra
1003 720 1051 773 lib.
1071 724 1095 774 1.
1115 739 1139 776 e.
1152 727 1178 775 2.
1198 732 1297 779 eontra
1315 727 1444 782 luerem
1461 736 1489 782 et
1506 729 1656 786 Adrianue
1672 730 1720 788 Vl.

14 792 96 861 qaod
112 798 200 858 necat
212 792 353 860 pontifex,
371 811 483 848 rnreum
502 799 543 850 eit
559 800 621 863 ille,
640 818 734 854 annuo
753 810 780 855 et
797 819 856 872 epe.
882 822 963 874 papa
973 808 1064 874 (nota)
1078 807 1280 878 ineuaeetione
1290 814 1325 865 de
1338 814 1557 884 confirmatione,
1569 817 1619 885 qai
1629 833 1722 871 omnee

15 874 152 933 (laturae
171 877 201 931 in
218 877 321 935 enchir.
339 886 462 936 controv.
482 884 511 937 in
528 885 588 940 leco
602 887 637 942 de
649 905 746 943 eumm.
759 890 858 961 pontif.
885 908 940 944 non
959 890 989 942 in
1003 893 1147 964 pontifice,
1165 896 1217 947 red
1231 896 1261 949 in
1278 898 1396 951 eooleeia
1413 899 1470 953 eive
1491 900 1521 953 in
1538 900 1659 955 concilio
1675 918 1722 970 ee·

16 978 46 1035 p.
72 968 138 1018 tte:
172 964 266 1018 Pente
294 965 440 1020 arteriam
464 970 632 1026 catholicam
655 983 695 1027 eet
719 976 859 1042 judicium
885 977 981 1030 nerali
995 985 1104 1032 tantum
1120 982 1292 1036 cmmituunt
1309 984 1547 1052 infallibilitatem
1558 987 1670 1056 jrtdt‘oii
1685 989 1722 1041 de

16 1049 154 1116 matri,
171 1052 224 1103 aed
240 1052 318 1120 praed
334 1068 368 1104 eo
385 1071 438 1122 per
454 1064 562 1110 emtam
574 1060 667 1112 orbem
678 1062 786 1132 difflua
799 1063 858 1115 eine
885 1063 967 1115 rebec
994 1065 1068 1127 fidei.
1105 1064 1149 1119 De
1175 1065 1228 1121 hac
1255 1068 1378 1124 secunda
1404 1071 1542 1127 sententia
1568 1071 1620 1126 eub
1637 1070 1722 1127 tinem

16 1136 197 1204 meienmie
210 1138 394 1193 incommedie
405 1159 489 1196 unum
501 1144 532 1197 in
546 1145 637 1199 locum
646 1148 722 1201 coire
732 1156 859 1217 nequeat,
885 1147 984 1218 capitia
1003 1148 1188 1205 Bellarminue
1207 1154 1377 1223 pronuntiat,
1396 1155 1471 1226 qued
1489 1173 1545 1211 non
1556 1156 1593 1210 eit
1599 1155 1722 1226 proprie

17 1228 44 1277 et
60 1238 120 1291 pro
143 1237 176 1275 re
200 1231 269 1277 nato
288 1227 463 1294 uacationes
481 1230 616 1294 difficiles
634 1249 690 1285 nen
706 1251 776 1287 raro
795 1248 858 1286 eoo·
885 1232 1040 1304 haeretica,
1065 1252 1128 1289 cum
1156 1238 1250 1291 aditae
1279 1238 1432 1293 tolerentur
1458 1241 1494 1293 ab
1516 1241 1646 1309 eccleeim
1673 1241 1724 1310 eui

17 1307 147 1372 riantur,
164 1325 304 1363 neceeeum
321 1320 396 1380 erat,
415 1315 521 1383 mafora·
538 1320 703 1386 compendio
722 1317 858 1373 Cerialia·
885 1333 946 1371 eam
964 1328 1124 1388 aequantur.
1160 1322 1257 1377 Tertia
1275 1327 1412 1379 tententur
1426 1334 1466 1380 eat
1478 1325 1508 1380 in
1521 1326 1581 1380 alie
1593 1332 1722 1396 anemo,

17 1410 118 1449 aarum
153 1398 307 1451 commedit
335 1399 462 1469 fidet'eue
496 1403 656 1471 intepretati
683 1406 857 1476 proepicere.
880 1403 1041 1472 pontificem
1073 1424 1129 1461 nen
1154 1424 1240 1476 peace
1264 1410 1324 1464 ullo
1349 1412 1434 1465 modo
1458 1427 1518 1465 eeee
1543 1411 1722 1480 haereticum,

19 1476 151 1535 Girr'etae
171 1482 258 1550 ipitur
280 1500 389 1537 mamma
411 1487 552 1555 capientia
581 1497 607 1542 et
631 1490 751 1543 caritate
773 1508 858 1543 unum
884 1504 934 1542 nec
949 1491 1050 1544 docere
1064 1491 1176 1560 publice
1192 1492 1333 1563 borean,
1361 1497 1474 1550 etiamei
1490 1496 1568 1551 eolue
1588 1512 1649 1550 rem
1667 1496 1721 1550 ali·

16 1566 161 1637 §ufficem‘t
178 1568 209 1621 in
227 1568 345 1623 eccleeia
362 1572 583 1627 eenetituendum
602 1576 858 1645 nominandumque
884 1591 967 1643 eriam
987 1576 1111 1645 definiat.
1142 1578 1191 1632 Ita
1208 1579 1342 1633 Albertue
1353 1580 1721 1651 Piqpiualibdlierarcb.

17 1650 167 1717 bominem,
188 1654 234 1707 eui
249 1655 291 1708 eie
307 1672 388 1709 auam
404 1660 593 1726 praeemtiam
611 1661 755 1731 cunctique
765 1661 857 1731 Spiri-
884 1661 978 1715 ecclee.
1007 1679 1030 1715 c.
1058 1665 1082 1716 8.
1119 1662 1163 1718 De
1189 1664 1243 1719 hac
1269 1666 1407 1721 eontentia
1434 1666 1486 1721 aab
1513 1666 1597 1724 finem
1621 1666 1720 1739 capitia

17 1746 62 1794 tere
86 1740 214 1807 aretiam
238 1742 400 1808 addiceret,
422 1751 452 1796 at
470 1745 506 1797 de
523 1747 730 1814 quaestionibue
747 1749 817 1811 fidei
832 1756 859 1802 et
883 1747 1043 1816 pronuntiat
1069 1748 1267 1814 Bellarminue‚
1301 1751 1376 1822 qued
1401 1753 1438 1806 eit
1458 1753 1634 1823 probabilia,
1664 1770 1721 1808 nen

17 1825 168 1892 reliyionie
185 1826 334 1880 decernens
350 1845 492 1898 nunquam
508 1839 630 1901 erraret,
653 1835 706 1887 aed
715 1834 806 1900 fidem
822 1834 858 1886 ab
883 1840 976 1886 tamen
995 1841 1080 1890 certa.
1118 1834 1226 1897 Qrtarta
1246 1837 1383 1890 cententio
1401 1845 1455 1906 eet,
1471 1839 1644 1907 pontificem,
1663 1839 1721 1893 eine

19 1911 162 1981 aparatio
177 1910 341 1981 plantatam
358 1914 522 1969 inviolatam
542 1917 734 1988 anteprameue
751 1936 858 1987 temper
884 1918 1041 1972 baereticae
1060 1935 1121 1974 ecee
1136 1920 1237 1989 poerit,
1254 1923 1311 1975 eive
1323 1939 1387 1990 non,
1405 1939 1461 1976 non
1469 1940 1555 1994 poree
1566 1924 1626 1978 ullo
1638 1925 1722 1978 modo

18 2004 217 2067 commearem·
239 2000 281 2052 ad
304 2016 383 2069 onem
407 2001 438 2052 in
455 2001 548 2055 dubiie
564 2011 739 2056 recurrerent
756 2021 858 2072 omnea,
885 2005 1015 2074 definire,
1034 2004 1150 2075 aliquid
1165 2006 1333 2060 haereticam
1352 2024 1371 2060 a
1389 2015 1448 2060 toto
1468 2009 1589 2062 eccleeia
1606 2010 1721 2063 ereden-

18 2083 183 2137 doetrinam
201 2100 281 2137 mam
298 2086 341 2136 ad
357 2086 420 2153 aiae
437 2087 616 2141 collimarent
634 2097 659 2143 et
677 2090 753 2159 ejue,
779 2106 858 2158 mrem
885 2092 960 2144 dum.
1002 2088 1083 2145 Hanc
1115 2091 1271 2160 opinionem
1297 2091 1366 2147 dicit
1388 2109 1448 2148 eree
1469 2094 1722 2148 communiaeimam

16 2184 73 2224 aen
95 2185 184 2239 poree
211 2186 332 2223 errorem
358 2187 518 2241 proponere
543 2182 667 2238 nectent,
693 2177 856 2230 sententiam
881 2179 946 2243 fere
979 2178 1101 2232 emnium
1129 2176 1354 2249 Oetltelicorum,·
1391 2180 1456 2233 item
1485 2181 1669 2234 eertieeimam
1695 2189 1722 2234 et

16 2262 209 2325 uenerantur.
235 2252 273 2309 Et
289 2261 402 2326 postea:
422 2257 507 2312 Hunc
524 2275 593 2313 eane
610 2277 667 2313 non
681 2261 858 2315 conueniebat
884 2265 1073 2317 cremendam.
1112 2263 1199 2318 Recte
1224 2269 1317 2318 antem
1334 2263 1414 2318 addit
1430 2262 1616 2320 Bellarminne
1635 2265 1721 2336 parti-

16 2340 109 2396 aleam
138 2356 196 2395 eece
221 2357 305 2410 quem
331 2341 412 2397 rllrem
438 2344 591 2412 bominem,
622 2346 670 2400 cui
686 2363 756 2401 euro
775 2348 858 2400 totiue
884 2347 974 2402 culam
986 2349 1065 2416 fere,
1084 2364 1150 2402 nem
1168 2364 1204 2403 ne
1222 2347 1291 2402 haec
1310 2348 1422 2419 quidem
1441 2348 1534 2420 opinio
1545 2349 1582 2404 ab
1594 2350 1721 2406 omnibue

16 2427 153 2481 eccleciae
167 2428 363 2481 committenda
376 2437 446 2495 erat,
458 2430 734 2500 beatnmapeetolum
742 2432 858 2486 Petrum
884 2440 1052 2504 acceptatur.
1089 2418 1236 2487 Gleeea'in
1253 2451 1277 2489 c.
1298 2449 1315 2488 a
1333 2440 1411 2489 recta
1425 2439 1467 2491 24.
1486 2439 1593 2506 quara
1609 2441 1637 2490 i:
1657 2435 1721 2491 ecr-

17 2514 137 2583 ey'ueeue
161 2528 334 2566 mcceecoree
354 2513 508 2583 (pontifices
527 2515 686 2583 Romanoa).
721 2516 859 2571 Batonius
884 2528 940 2572 tum
972 2526 1028 2583 eat,
1058 2520 1136 2588 qued
1159 2535 1243 2589 pepo
1275 2535 1374 2574 errore
1397 2527 1499 2590 pateat.
1538 2536 1562 2576 c.
1589 2518 1618 2576 Si
1645 2537 1720 2592 papa

16 2599 47 2655 iu
63 2597 213 2653 annalibus
231 2614 304 2653 anno
322 2596 423 2654 christi
443 2604 500 2656 ³73.
519 2619 595 2655 num.
611 2607 657 2657 21:
677 2604 723 2658 Ea
740 2604 858 2658 arbitrie
885 2604 948 2659 diet.
966 2610 1014 2660 te:
1039 2604 1104 2657 Non
1121 2604 1187 2657 licet
1205 2620 1315 2674 papam
1332 2605 1550 2673 reprehendere,
1572 2605 1629 2658 niti
1645 2607 1720 2660 inee-

17 2685 147 2741 Romani
167 2684 312 2754 pontificia
334 2687 441 2754 pendet
468 2689 583 2742 decreta
607 2690 678 2753 fidei
701 2690 814 2744 concire
834 2699 859 2743 et
884 2690 980 2744 nietrtr
1002 2708 1020 2744 a
1039 2691 1109 2758 fide
1133 2691 1238 2744 devina.
1270 2688 1398 2745 Panorm.
1418 2708 1442 2747 a.
1462 2689 1624 2762 significanti
1643 2697 1720 2747 extra

16 2771 129 2827 mette
155 2779 272 2827 matare.
308 2768 460 2844 Gregoriue
478 2773 513 2827 de
530 2772 641 2830 Valent.
661 2781 726 2830 tom.
745 2782 768 2832 ³.
785 2792 858 2831 com·
884 2775 919 2830 de
936 2776 1028 2831 elect:
1050 2774 1207 2831 Concilium
1219 2783 1315 2845 poteet
1332 2778 1471 2830 damnare
1484 2793 1594 2847 papam
1607 2776 1720 2833 datae·

16 2864 137 2914 menter.
164 2855 193 2911 in
217 2855 353 2912 Theman
380 2874 408 2928 p.
426 2862 468 2916 tt.
496 2859 561 2917 edit.
597 2859 711 2917 Venet:
738 2863 859 2917 Nomine
883 2862 949 2916 reri.
984 2858 1092 2916 Gerren
1110 2859 1158 2918 lib.
1172 2860 1207 2915 de
1217 2866 1317 2933 petent.
1331 2863 1415 2918 eccl:
1439 2863 1510 2917 l'am
1525 2880 1616 2933 papa,
1635 2878 1720 2932 quam

17 2943 157 2999 eccleciae
180 2943 365 3009 intellieimne
390 2944 451 3013 ejnc
469 2952 554 3014 ceput
572 2945 731 3000 Romanum
744 2949 858 3018 pontifi·
884 2948 1032 3018 epiecopue
1058 2955 1122 3001 cunt
1150 2963 1169 2999 a
1192 2947 1257 3012 fide
1284 2947 1445 3002 deviabilee.
1486 2948 1605 3020 ”Papa
1629 2952 1721 3019 petent

18 3044 86 3086 cem.
121 3027 183 3095 Quo
202 3027 323 3098 pertinet
344 3027 414 3083 illud
432 3030 607 3101 quorundam
618 3031 859 3090 ·Scholartieerum
885 3049 977 3089 errare
997 3039 1018 3089 1.
1037 3033 1112 3088 cirea
1126 3048 1288 3104 perronam3
1316 3038 1340 3090 ².
1358 3038 1422 3088 actu
1440 3038 1552 3088 externo
1569 3033 1606 3088 eb
1617 3039 1721 3089 metum

19 3122 167 3183 uterium,
182 3131 292 3186 papam
310 3131 369 3168 eree
387 3117 532 3170 eccleciam
551 3118 720 3172 virtualiter.
885 3120 994 3189 mertia,
1019 3124 1043 3176 3.
1062 3126 1095 3174 ut
1112 3119 1235 3188 privatae
1250 3118 1348 3188 bom03
1372 3124 1397 3174 i.
1415 3117 1506 3188 iacte3
1534 3124 1557 3173 5.
1576 3117 1721 3173 uideatur

57 3206 117 3258 teu.
151 3200 332 3269 Expendatur
348 3218 414 3257 vero
432 3202 461 3256 in
478 3202 604 3258 examine
620 3204 704 3274 hujus
722 3203 858 3274 opinionis
884 3204 1060 3276 particularia
1080 3205 1209 3275 apionem
1228 3220 1306 3258 ruem
1326 3203 1415 3259 obiter
1435 3202 1612 3274 exponendo,
1632 3208 1657 3259 e.
1675 3219 1720 3258 ec-

23 3293 47 3345 l.
63 3303 147 3358 qaam
165 3285 250 3342 fallax
268 3288 306 3341 ait
325 3287 470 3343 eccleciam
489 3288 653 3342 catholicam
667 3290 809 3361 appellare
829 3295 858 3345 et
884 3292 958 3345 culte
976 3290 1287 3362 proptercupiditatem
1305 3288 1496 3362 praecidendi;
1518 3295 1541 3342 t.
1560 3289 1589 3343 in
1605 3305 1672 3343 caen
1684 3289 1720 3344 ab

21 3374 111 3430 eolum
138 3372 299 3445 pontificem
324 3373 479 3428 Romanum
505 3374 675 3446 intelligere,
708 3392 771 3431 uum
797 3376 859 3447 ipee
885 3376 1002 3433 ecelesia
1015 3375 1138 3431 nendum
1157 3372 1286 3446 definito,
1309 3380 1331 3432 8.
1352 3374 1561 3445 interpretative
1575 3374 1605 3429 in
1624 3373 1720 3430 haere·

20 3459 206 3517 Bellarminue
223 3460 272 3517 lib.
291 3464 314 3515 3.
333 3460 368 3515 de
385 3460 504 3515 ecclesia
520 3477 542 3515 o.
566 3467 604 3516 17.
625 3462 699 3517 circa
715 3461 798 3518 finem
816 3481 857 3519 re
885 3463 928 3517 ain
948 3460 1148 3518 concentiendi.
1184 3460 1284 3516 Potest
1301 3460 1384 3517 etiam
1403 3459 1528 3532 exemplo
1547 3459 1657 3516 enardi
1676 3475 1721 3515 ec·

20 3553 65 3603 cte
90 3546 209 3601 ecribat:
235 3546 297 3600 Uno
321 3563 443 3616 perenna
463 3565 518 3601 non
532 3556 625 3617 poten
645 3549 705 3603 diei
722 3551 857 3620 eectata,·
884 3548 1024 3606 cerionem
1048 3547 1183 3619 praebere
1199 3546 1302 3602 invitae
1320 3552 1349 3602 et
1366 3552 1478 3601 coactus
1496 3545 1569 3601 falec
1586 3545 1721 3615 decidere,

20 3638 44 3690 2.
64 3648 148 3704 quam
166 3629 273 3685 ἄτοπον
290 3639 374 3702 atque
393 3632 529 3687 absonum
548 3632 591 3700 eit,
610 3635 732 3688 omnium
744 3635 856 3708 dogma·
883 3634 1052 3690 haereticum
1081 3631 1212 3688 simulare
1234 3630 1374 3704 fidemque
1398 3631 1563 3687 catholicam
1586 3631 1721 3687 exteriore

19 3726 80 3774 tnm
106 3717 263 3773 firmitatem
287 3717 324 3772 ab
348 3718 430 3773 uniue
448 3718 566 3774 Romani
584 3719 722 3790 pontificia
739 3722 857 3777 aucteri-
883 3719 1052 3791 prefeeeiene
1082 3717 1281 3787 condemnare,
1318 3734 1390 3790 quae
1416 3718 1509 3773 emnia
1535 3718 1720 3774 Bellerminue

19 3808 80 3859 tate
98 3810 126 3859 et
140 3803 247 3874 judicio
266 3820 404 3860 arceemre
423 3812 451 3860 et
469 3805 594 3860 ultimam
606 3805 672 3862 fidei
684 3806 857 3862 Christianae
883 3805 987 3877 fatetur
1014 3811 1043 3861 et
1070 3803 1196 3859 concedit
1223 3803 1271 3858 lib.
1299 3809 1324 3859 t.
1351 3803 1386 3859 de
1409 3803 1488 3859 Rem.
1507 3809 1585 3876 pent.
1606 3821 1629 3859 e.
1648 3809 1672 3861 8.
1691 3810 1720 3859 et

19 3890 216 3946 resolutionem
244 3890 272 3944 in
299 3890 436 3961 pontificia
455 3898 554 3962 pectus
572 3892 672 3963 iacere,
693 3910 756 3948 cum
773 3893 857 3947 hirto·
884 3908 959 3965 eeqq.
977 3908 1067 3964 unque
1086 3890 1122 3946 ad
1143 3896 1183 3946 15.
1202 3890 1250 3960 qui
1269 3888 1352 3944 etiam
1365 3887 1506 3944 Liberium
1526 3889 1562 3944 ub
1575 3888 1719 3945 haereseon

18 3977 79 4031 riae
108 3982 137 4031 et
160 3991 205 4030 ree
230 3976 292 4046 ipea
309 3982 459 4046 tententur,
484 3977 580 4049 quales
598 3978 799 4050 aintplerique
817 3979 858 4034 illi
884 3977 998 4033 crimine
1019 3975 1137 4033 liberare
1157 3992 1212 4031 non
1230 3976 1326 4030 velena
1343 3974 1416 4029 hanc
1433 3972 1631 4029 consertionem
1648 3974 1718 4028 edit:

17 4061 140 4117 Romani
166 4063 307 4133 praesulee
337 4067 365 4116 et
394 4078 477 4133 qaam
502 4063 612 4134 impura
637 4063 693 4118 rint
714 4069 856 4135 pectorum
884 4064 951 4118 Niei
966 4064 1122 4131 fateamur,
1142 4061 1283 4116 Liberium
1294 4059 1720 4129 olieuotemporedafecieeeo

18 4149 135 4204 interum
155 4147 269 4212 scrinia
294 4153 318 4203 ³.
339 4164 423 4220 quam
441 4148 578 4204 lubricum
596 4150 780 4205 constituatur
794 4150 858 4207 reli·
884 4149 1040 4204 cunctantia
1058 4149 1088 4201 in
1099 4148 1169 4217 fide
1188 4148 1304 4214 tuenda,
1325 4145 1452 4216 capimur
1470 4144 1594 4199 Felicem
1608 4144 1652 4200 H.
1671 4145 1720 4215 qui

17 4235 112 4308 glanis
130 4239 242 4289 noemae
262 4233 437 4305 principium,
458 4234 481 4289 ei
501 4235 530 4289 in
549 4235 688 4308 pontificio
706 4236 857 4292 infallibili·
885 4236 996 4289 Liberio
1014 4235 1118 4289 oioente
1132 4234 1337 4303 pontificatum
1356 4233 1449 4302 pectit,
1467 4249 1486 4284 a
1504 4248 1618 4286 numero
1626 4232 1719 4302 penti·

16 4327 77 4377 tate
94 4320 165 4375 illud
183 4320 374 4376 constituatur.
412 4321 451 4377 Ut
471 4321 543 4377 euim
555 4322 782 4393 praetermittam,
801 4340 856 4377 nen
876 4323 964 4389 ficum
983 4320 1138 4387 occludere,
1156 4336 1218 4372 eum
1235 4327 1328 4372 tomen
1345 4319 1418 4372 lune
1436 4320 1529 4388 iprum
1549 4317 1672 4372 Felicem
1688 4325 1720 4370 ut

16 4424 100 4480 perae
123 4422 156 4460 ex
174 4406 302 4461 evidente
321 4406 416 4478 alique
434 4406 593 4478 scripturae
613 4408 689 4463 dicte
706 4408 857 4463 infallibili·
868 4400 871 4459 Ξ
878 4424 990 4477 popam
1010 4414 1036 4459 et
1055 4413 1205 4474 martyrem
1225 4404 1342 4458 eecleeia
1361 4404 1500 4457 eatleliea
1517 4404 1719 4459 veneretur.**

15 4498 104 4548 tatem
122 4491 243 4562 probari,
261 4508 323 4547 eam
344 4508 379 4546 ne
399 4510 483 4547 unum
503 4494 614 4565 quidem
634 4494 748 4566 proferri
761 4495 856 4564 percit,
883 4492 980 4546 Petrae
1001 4491 1110 4547 concilii
1122 4490 1289 4546 Barileeneia
1307 4490 1336 4544 in
1355 4488 1433 4561 epiri.
1453 4489 1550 4560 eyned.
1570 4493 1594 4544 3.
1615 4489 1718 4557 dicunt,

15 4579 91 4652 qued
119 4578 251 4633 disertam
278 4578 416 4650 pontificio
439 4578 556 4634 Romani
579 4581 744 4636 mentionem
761 4579 912 4647 iaciat‚}ee
935 4577 1050 4648 saepiae
1072 4584 1199 4647 eapertee
1221 4592 1280 4630 ecee
1306 4584 1332 4630 et
1349 4577 1462 4646 kaiam,
1483 4590 1593 4646 papam
1611 4590 1717 4629 errare.

14 4682 136 4738 cumque
166 4664 261 4719 emnia
286 4665 341 4719 rint
370 4682 387 4719 a
417 4665 577 4737 quaestione
603 4667 695 4721 aliena
721 4672 749 4722 et
773 4655 1009 4739 nimielCueauue
1024 4663 1072 4718 lib.
1094 4669 1115 4719 1.
1137 4662 1172 4717 de
1192 4663 1318 4718 concord
1338 4662 1436 4718 cathol.
1455 4678 1478 4717 e.
1501 4667 1546 4717 15:
1570 4661 1718 4715 Judieium

14 4755 100 4824 lenge
128 4751 231 4822 petitu
257 4757 290 4805 ut
316 4751 399 4806 etiam
426 4751 535 4807 silentio
560 4750 730 4822 praeteream
749 4770 855 4809 araneos
867 4748 870 4831 ξ
881 4751 952 4816 fidei
967 4767 1023 4804 noa
1045 4758 1085 4804 eat
1102 4765 1211 4819 aernpcr
1228 4750 1259 4803 in
1278 4756 1348 4803 natu
1365 4748 1449 4802 uniar
1463 4747 1607 4818 pontificia
1619 4746 1718 4814 defini-

12 4839 78 4895 illee
104 4837 211 4908 aliquot
227 4837 389 4908 pontificum
407 4853 525 4905 errores,
552 4854 621 4909 quoe
642 4854 758 4909 operam
774 4844 869 4897 exau,
883 4838 948 4902 bile,
968 4837 1035 4908 quio
1056 4836 1213 4889 lametieue
1230 4852 1290 4889 ecee
1302 4842 1404 4904 potent.
1433 4833 1595 4903 Alphonrue
1614 4831 1650 4888 de
1666 4830 1718 4888 (lu-

14 4924 124 4979 natione
149 4923 265 4994 palliare
289 4931 438 4993 conantur,
462 4924 506 4978 vel
529 4922 583 4978 hec
608 4924 697 4979 colum
716 4926 856 4982 observari
867 4902 869 4961 l
881 4929 938 4979 etro
955 4922 1002 4977 lib.
1023 4929 1045 4979 1.
1063 4921 1171 4978 adver.
1189 4920 1294 4977 haeree
1313 4936 1337 4977 c.
1356 4925 1388 4976 22
1408 4920 1494 4991 Papa
1510 4920 1541 4972 in
1547 4920 1609 4989 fide
1621 4932 1718 4972 errare

13 5016 90 5083 pete,
112 5010 186 5082 quod
204 5027 239 5064 ne
259 5009 312 5081 ipei
331 5011 443 5082 quidem
456 5009 596 5065 Pontificii
608 5009 643 5065 de
655 5010 854 5068 infallibilitate
866 5010 869 5075 ἑ
877 5017 978 5082 potent,
995 5017 1027 5064 ut
1047 5009 1146 5063 melina
1165 5008 1313 5062 centenae
1329 5014 1430 5078 tenent,
1448 5007 1533 5061 etiam
1551 5021 1584 5059 ea
1600 5004 1652 5072 lie,
1669 5003 1720 5074 eui

13 5097 65 5152 illa
83 5095 142 5152 eive
160 5095 305 5167 privilegio
316 5113 373 5151 non
386 5097 495 5151 errandi
507 5094 631 5167 pontifici
645 5095 777 5152 divinitus
790 5099 855 5153 date
866 5088 869 5153 l
876 5097 1002 5168 papatui
1016 5095 1171 5164 plurimum
1190 5094 1296 5161 ferent,
1313 5093 1386 5146 inter
1403 5110 1472 5163 quoe
1487 5100 1526 5146 eet
1538 5091 1718 5146 innocentiae

13 5183 87 5239 inter
113 5198 143 5236 ee
169 5183 350 5239 consentiant
386 5181 433 5238 sic
455 5183 527 5238 enim
547 5180 732 5237 BellarmInue
756 5182 805 5237 lib.
831 5164 868 5269 a:
882 5184 944 5252 ejue
959 5182 1080 5236 neminie
1098 5187 1216 5251 mtartue
1231 5178 1364 5249 pontifea
1381 5179 1413 5232 in
1430 5177 1558 5248 capitale
1571 5177 1669 5247 prima
1682 5179 1717 5231 de

14 5268 50 5324 de
67 5268 200 5338 pontifice
218 5285 241 5325 o.
260 5276 289 5325 2:
316 5269 448 5323 &cunda
469 5269 607 5324 cententio
625 5276 677 5334 eet,
692 5270 988 5355 pontificemianmma
1018 5267 1165 5322 trinitate.
1215 5263 1350 5319 Arborine
1379 5264 1408 5319 in
1438 5263 1582 5333 theoeepb.
1613 5262 1662 5317 lib.
1693 5269 1717 5319 t.

12 5358 101 5412 etiam
117 5364 147 5409 ut
164 5356 324 5427 pontificem
340 5372 426 5426 peace
445 5374 503 5411 eece
521 5356 692 5411 haereticum
711 5362 736 5409 et
754 5357 854 5410 elecem
880 5373 905 5410 c.
930 5361 977 5413 32:
1003 5356 1088 5425 Papa
1102 5359 1198 5423 peteet
1215 5366 1313 5406 errare
1331 5352 1361 5404 in
1373 5352 1450 5419 fide,
1476 5358 1502 5406 et
1520 5350 1655 5431 aberrant
1672 5349 1720 5403 elli

12 5443 158 5511 lemene,
178 5443 206 5498 ei
222 5443 327 5513 alapae
344 5444 474 5510 pentrali
490 5442 611 5501 amarlie
628 5441 755 5514 definiet,
773 5450 800 5497 et
819 5444 855 5499 cle
879 5451 941 5497 tota
957 5444 1015 5512 eia,
1032 5440 1082 5513 qai
1093 5440 1181 5495 aliter
1194 5438 1322 5494 ecntiunt.
1350 5436 1458 5492 lbidcm
1470 5442 1552 5493 vocat
1566 5452 1612 5493 eoa
1623 5451 1717 5491 meen-

10 5530 94 5598 facto
112 5526 430 5600 alienandeeccidieee.
461 5528 855 5601 Haueopieianemeeqaitur
880 5536 999 5597 tutaret,
1027 5528 1079 5600 eui
1106 5544 1169 5583 eum
1195 5527 1342 5581 immunem
1367 5540 1386 5578 a
1410 5524 1495 5596 lapeu
1520 5524 1670 5580 laereeeoe.
1690 5529 1719 5577 et
