4004 6022
260 238 325 297 ιιι
825 220 1391 285 aoeusvrcasmuasncuuuus

264 385 402 441 inuisitati
426 384 554 453 iatettr'pi.
605 380 737 447 Quamvis
763 381 837 437 enim
859 380 939 436 electi
963 371 1105 451 quatenns
1124 379 1302 434 sesumam
1336 380 1519 435 seditionibus
1551 396 1653 450 preses
1683 387 1767 452 utque
1797 381 1962 438 obumbrato

265 471 335 527 tales
355 489 411 526 non
427 470 483 525 sint
502 468 621 524 externis
639 467 726 522 oeulis
745 467 827 536 obvii,
847 472 942 523 umen
962 473 1099 537 quatenus
1125 475 1203 535 aunt,
1230 475 1255 520 et
1280 467 1348 536 quio
1372 469 1496 534 inerunt,
1515 468 1607 537 poulo
1626 476 1693 537 post
1720 469 1803 523 nullo
1820 469 1962 524 dubitante

265 557 430 628 profitentur
455 556 539 610 fidem
566 552 670 610 Christi
694 558 722 608 et
747 558 812 606 suut
835 551 959 607 membra
982 550 1099 606 visibilis
1126 553 1296 607 claruerant.
1335 559 1360 608 ³.
1379 552 1497 618 Quando
1515 553 1615 608 incidit
1631 559 1741 624 tempus
1757 555 1915 624 ejusmodi,
1936 564 1963 610 nt

265 642 413 705 ecclesiae,
451 648 565 696 eatenus
602 656 620 694 a
653 638 877 710 persecutoribus
911 637 1041 692 videntur
1071 643 1100 692 et
1127 645 1255 693 externus
1274 638 1408 695 ecelesiae
1423 639 1541 694 visibilis
1560 639 1692 709 splendor
1709 640 1879 710 intercidat,
1899 647 1963 696 tune

264 728 372 801 gladios
395 744 487 782 corum
510 726 677 797 quandoque
703 723 820 796 experiri
842 727 1002 794 eoguntur.¹
1032 721 1099 777 vin-
1127 741 1182 777 non
1205 729 1248 779 eet
1271 725 1434 796 simpliciter
1457 724 1493 780 de
1514 725 1680 780 necessitate
1702 727 1817 795 sunus,
1847 733 1883 782 ιι
1903 725 1962 797 quis

264 813 348 870 centii
372 813 531 869 Lerinensis
554 812 660 866 dietum
684 811 797 882 proprie
822 811 943 881 pertinet
961 809 997 863 ad
1016 824 1098 879 quae·
1125 826 1186 864 sese
1210 811 1315 865 visibili
1332 827 1365 866 ac
1384 811 1546 883 particulari
1564 811 1698 867 ecelesiae
1717 814 1890 884 conjunget,
1916 811 1962 868 ssd

264 900 379 955 ationem
396 904 569 970 sequentem,
588 915 624 953 an
642 897 759 953 ecclesia
777 896 864 966 possit
881 912 981 951 errare.
1020 893 1097 959 Quas
1125 895 1244 962 sufficit,
1267 904 1300 951 ut
1322 898 1384 968 quis
1402 915 1454 969 per
1473 913 1567 952 veram
1583 897 1667 953 tidem
1687 898 1724 953 ιιι
1743 899 1902 954 membrum
1920 915 1960 954 ee·

264 985 336 1042 enim
361 985 431 1039 haec
449 984 558 1040 illatio?
595 983 759 1039 Vincentius
777 983 936 1037 Lerinensis
953 980 1097 1052 reprehen-
1125 982 1227 1038 elesiae
1245 983 1408 1053 catholicae,
1429 985 1465 1038 de
1482 1001 1516 1040 ea
1528 984 1601 1039 enim
1613 986 1724 1055 proprie
1739 984 1961 1057 intelligendum,

265 1072 308 1126 dit
333 1071 506 1140 Nestorium,
536 1070 610 1141 quod
638 1070 755 1139 diceret,
786 1077 871 1124 totam
896 1068 1040 1122 eeclesiam
1068 1066 1097 1120 in
1124 1070 1199 1139 qued
1231 1074 1309 1125 extra
1335 1071 1481 1125 ecclesiam
1509 1088 1565 1126 uon
1589 1072 1626 1125 sit
1653 1072 1737 1126 salus.
1787 1070 1961 1128 Recordatur

265 1158 397 1229 mysterio
415 1156 613 1212 incarnationis
628 1171 742 1211 enasse.
778 1155 854 1226 Ergo
872 1159 1007 1224 perpetuo
1024 1152 1097 1206 futu·
1126 1156 1308 1211 Bellarminua
1334 1174 1442 1226 eorum,
1463 1173 1536 1227 quae
1553 1158 1680 1228 superius
1699 1156 1812 1226 docuit,
1839 1159 1960 1213 mesta·

264 1261 311 1305 rus
339 1251 382 1299 ιιι
409 1244 473 1299 talis
492 1243 625 1298 ecelesiae
645 1249 747 1309 status,
772 1248 803 1295 ut
821 1240 968 1311 splendore
985 1248 1097 1295 externe
1124 1244 1212 1296 menis
1235 1243 1341 1296 ιιιὶιιιι
1365 1245 1405 1296 od
1426 1244 1546 1297 salutem
1564 1246 1711 1311 ere-sfleere,
1737 1245 1764 1296 si
1779 1252 1846 1299 oete
1864 1261 1901 1298 oe
1916 1245 1961 1298 ds·

263 1330 300 1385 sit
324 1329 438 1386 illustris
465 1346 499 1384 ac
523 1327 660 1384 visibilis?
700 1327 837 1398 Tempore
861 1326 982 1383 Nestorii
1005 1327 1098 1381 docto·
1124 1330 1232 1382 siderio
1256 1330 1312 1382 sint
1338 1330 1368 1382 iu
1392 1330 1525 1397 sectato,
1558 1331 1684 1399 ριιιιιιι
1706 1337 1772 1383 osto
1794 1331 1826 1382 ιι
1851 1346 1887 1384 an
1909 1347 1960 1384 ιιι

262 1434 306 1473 ιιι
335 1416 467 1474 ιιιιιιιιι
498 1433 552 1470 ιιι
581 1422 708 1470 errarunt
731 1415 760 1468 in
786 1413 904 1468 arficulo
931 1413 1096 1468 incarnatio·
1124 1416 1188 1470 ιιιι.
1237 1421 1261 1471 ι.
1287 1416 1339 1469 Est
1366 1414 1439 1469 enim
1469 1413 1571 1486 duplex
1596 1416 1633 1470 ad
1656 1415 1804 1471 eeclesiam
1826 1433 1959 1484 necessus,

263 1503 320 1569 nis,
350 1520 416 1574 ergo
443 1509 568 1572 tempore
596 1508 716 1572 papatus
742 1499 865 1570 episcopi
886 1499 1028 1564 Romanae
1054 1515 1097 1554 ec·
1125 1491 1252 1554 emeram
1270 1509 1296 1554 st
1313 1500 1454 1570 murum,
1472 1501 1519 1556 ille
1537 1500 1570 1555 fit
1587 1501 1759 1572 professione
1777 1509 1808 1557 et
1828 1502 1899 1571 loeo,
1916 1501 1959 1556 hic

264 1588 365 1644 clesiae
389 1606 445 1643 non
469 1594 597 1642 errarunt
621 1589 650 1642 in
676 1587 737 1642 aliis
760 1586 901 1658 religionis
926 1585 1098 1642 Christianae
1124 1587 1179 1642 fide
1203 1588 1295 1643 cordis
1316 1594 1346 1642 et
1362 1589 1466 1652 anim03
1489 1589 1535 1643 ille
1554 1604 1610 1642 non
1628 1595 1670 1643 est
1686 1588 1853 1659 simpliciter
1870 1595 1900 1644 et
1916 1589 1958 1644 ab

263 1674 395 1730 articulis.
1125 1673 1213 1729 solute
1235 1673 1272 1727 ad
1298 1674 1417 1729 salutem
1433 1673 1618 1741 necessarius,
1640 1673 1754 1744 quando
1772 1675 1883 1730 scilicet
1899 1673 1959 1729 talis

300 1767 358 1817 101.
395 1760 507 1816 Sextum
531 1751 756 1831 argumentorum
773 1757 889 1813 classem
908 1757 979 1828 petit
995 1757 1099 1813 Bellar·
1125 1760 1220 1831 aliqua
1243 1759 1360 1814 visibilis
1385 1760 1502 1815 ecclesia
1527 1759 1679 1814 ministerio
1702 1759 1781 1814 verbi
1802 1761 1959 1831 incorrupto

264 1847 354 1902 minus
383 1859 426 1901 er
446 1844 550 1917 triplici
577 1845 693 1900 ratione.
739 1848 762 1897 1.
794 1833 828 1898 Si
853 1845 1011 1914 eliqreaado
1036 1844 1099 1897 sota
1126 1846 1251 1917 gaudem
1276 1864 1332 1901 non
1357 1845 1543 1909 instituetur,
1570 1844 1615 1899 cui
1632 1844 1694 1915 quis
1711 1862 1773 1901 sese
1791 1848 1959 1919 conjungere

263 1939 388 1987 meamet
413 1933 443 1984 io
471 1932 576 1985 meando
604 1930 722 1985 ecclcm'o
751 1931 913 1999 iuuisrbs'lr's,
941 1930 1099 2000 aliquunde
1125 1933 1226 2002 possit3
1255 1931 1382 1985 hievero
1403 1931 1576 1986 adsalutem
1599 1931 1709 1985 omnino
1727 1932 1904 1988 neccesarius
1921 1939 1958 1989 ss

263 2021 347 2074 etiam
364 2012 443 2072 solos
462 2026 533 2071 assat
552 2017 734 2086 impossibiles
752 2017 796 2079 iis,
815 2018 864 2086 qut
882 2025 947 2070 suut
964 2025 1044 2071 cetra
1058 2033 1098 2070 ee·
1125 2025 1153 2073 et
1177 2005 1212 2071 ¹iu
1246 2016 1411 2073 saevissimis
1441 2016 1679 2087 persecutionibus
1708 2021 1737 2072 et
1768 2017 1958 2088 grassmubu

262 2105 386 2160 clauom.
426 2105 504 2157 Num
529 2121 585 2158 aen
602 2109 723 2173 possent
741 2102 854 2156 salvari
861 2142 868 2172 ,
891 2103 948 2156 orbi
966 2104 996 2157 ιιι
1015 2104 1099 2157 eccle·
1125 2104 1244 2175 publicis
1280 2103 1444 2174 corruptelis
1474 2103 1566 2157 adhue
1596 2103 1688 2157 locum
1718 2102 1813 2159 habet.
1863 2112 1887 2160 5.
1916 2104 1958 2158 Sic

262 2194 335 2246 aiom
359 2190 574 2259 inps-odiantur,
608 2190 843 2258 quemadmodum
869 2196 992 2259 tempore
1016 2192 1097 2244 Nouo
1124 2198 1248 2260 tempore
1275 2190 1354 2245 Elias
1380 2195 1486 2259 septem
1512 2189 1560 2242 illa
1590 2189 1678 2244 millia
1703 2189 1861 2254 hominum,
1891 2206 1958 2261 qnae

257 2277 392 2347 peribunt
415 2275 590 2340 accusaris,
617 2276 669 2343 qui
691 2291 745 2327 uon
769 2275 907 2328 habebant
928 2277 1037 2328 astitum
1058 2278 1100 2329 od
1125 2276 1202 2331 Deus
1220 2275 1273 2330 sibi
1290 2281 1492 2340 reservaverat,
1517 2275 1618 2330 salvari
1636 2280 1805 2345 potuerunt,
1822 2276 1891 2331 licet
1906 2293 1956 2331 uon

261 2381 366 2419 orcam.
403 2363 440 2417 At
459 2381 515 2417 ιιι
529 2369 649 2432 possunt
668 2362 782 2429 inpredi
798 2362 996 2430 torcolarium,
1015 2379 1098 2432 ιιιαιι
1124 2364 1250 2418 viverent
1266 2362 1295 2416 in
1313 2361 1363 2415 tali
1378 2361 1481 2416 visibili
1500 2361 1595 2432 aliqua
1612 2368 1641 2415 et
1657 2362 1820 2432 particulari
1835 2362 1956 2428 ecclesia,

260 2451 409 2521 iquorem
434 2449 522 2518 ipitus
546 2465 601 2502 noa
620 2448 723 2514 hubent
742 2448 901 2501 remedium.
938 2447 1098 2518 Responde·
1124 2465 1196 2521 quae
1229 2465 1247 2503 a
1275 2448 1401 2502 coetibus
1430 2447 1611 2505 idololatricis
1637 2447 1697 2501 loco
1724 2455 1798 2502 ιιιιι
1825 2455 1957 2519 separata,

260 2553 336 2593 mus:
375 2542 398 2592 1.
416 2533 569 2590 Ecclesiam
594 2534 762 2589 invisibilem
787 2533 893 2604 duplici
907 2551 989 2589 seusu
1009 2541 1038 2589 et
1056 2553 1098 2590 re·
1124 2535 1193 2588 alias
1223 2534 1297 2589 enim
1325 2533 1404 2588 Elias
1429 2533 1547 2588 iniissent
1570 2542 1643 2588 nota.
1690 2539 1715 2589 6.
1741 2532 1813 2589 Cum
1837 2539 1957 2606 tempore

261 2629 359 2695 spectu
383 2622 515 2690 dicimus,
541 2621 631 2692 primo
655 2623 720 2691 quia
742 2620 859 2676 eeclesia
881 2621 1018 2676 catholica
1035 2639 1097 2676 san·
1124 2621 1260 2692 passionis
1295 2619 1396 2674 Christi
1427 2619 1557 2689 discipuli
1584 2635 1651 2690 prae
1681 2625 1758 2674 metu
1788 2621 1956 2677 Judaeornm

260 2715 369 2765 ctorum
387 2713 430 2763 ιιι
448 2705 603 2775 invisibilis,
624 2725 687 2761 cum
705 2707 793 2761 oeulis
812 2706 938 2761 humanis
957 2725 1022 2762 vere
1039 2724 1097 2763 ere·
1123 2724 1183 2763 sese
1206 2708 1235 2761 in
1262 2706 1388 2760 abditum
1415 2712 1443 2760 et
1468 2705 1607 2760 occultum
1633 2705 1725 2759 locum
1751 2707 1955 2776 concluderent

262 2796 358 2851 dentes
386 2801 415 2849 et
443 2793 532 2847 sancti
562 2793 598 2847 ab
624 2792 779 2862 hypocritis
805 2792 926 2847 discerni
949 2799 1096 2864 nequeant
1123 2809 1174 2847 nec
1199 2791 1313 2862 publice
1334 2791 1386 2845 toti
1408 2790 1470 2845 urbi
1489 2791 1763 2861 Hierosolymitanae
1780 2793 1841 2848 noti
1860 2801 1954 2862 essem,

260 2880 324 2938 Hoc
352 2895 436 2935 sensu
462 2895 528 2934 vera
555 2878 673 2934 ecclesia
699 2885 741 2934 est
766 2884 794 2934 et
819 2883 914 2932 manet
941 2878 1096 2947 invisibilis,
1122 2877 1300 2933 nihilominus
1327 2877 1374 2931 via
1398 2877 1495 2931 salutis
1519 2893 1574 2930 non
1601 2876 1654 2931 fuit
1677 2877 1789 2948 penitus
1810 2879 1955 2934 interclusa

262 2966 370 3021 edumei
406 2965 435 3019 in
467 2971 525 3020 toto
558 2964 661 3018 mundo
683 2969 776 3018 essent
799 2963 1038 3035 frequentissimae
1068 2971 1096 3019 et
1121 2964 1199 3028 illis,
1218 2964 1267 3034 qui
1289 2940 1369 3018 <irent
1388 2968 1467 3017 extra
1485 2963 1642 3031 ecelesiam,
1667 2963 1733 3018 licet
1751 2981 1808 3019 non
1827 2973 1900 3022 esset
1916 2981 1955 3020 ee

261 3052 475 3124 gloriosissimae
494 3050 676 3121 particulares
694 3049 836 3106 ecelesiae.
853 3095 855 3098 s
874 3049 1011 3115 Secundo,
1030 3050 1096 3121 quia
1121 3050 1207 3104 elesia
1227 3049 1344 3103 visibilis
1367 3065 1414 3117 eo,
1443 3049 1480 3102 dc
1504 3063 1559 3119 quo
1582 3048 1655 3103 inter
1679 3067 1729 3103 nos
1749 3056 1777 3104 ιι
1794 3049 1954 3106 Pontificius

261 3139 395 3194 ecclesiae
418 3136 600 3209 particulares
623 3136 652 3191 in
670 3152 733 3211 eum
750 3135 858 3207 possint
878 3135 966 3206 redigi
984 3140 1095 3204 statum,
1121 3131 1441 3204 controvertitnr,modo.
1462 3135 1580 3189 ahilud
1591 3135 1955 3209 estsimpliciterloquendo‚

260 3232 293 3281 ut
309 3243 365 3280 non
378 3225 438 3279 ,sint
457 3229 569 3279 externo
588 3229 616 3278 et
632 3222 733 3277 illustri
751 3222 1033 3294 quodamsplendore
1044 3223 1096 3276 toti
1121 3222 1267 3277 ecclesiam
1287 3239 1347 3277 esse
1363 3220 1508 3288 visibilem,
1527 3220 1604 3274 aliud
1622 3237 1687 3275 vero
1704 3228 1755 3291 est,
1774 3239 1836 3277 eam
1856 3223 1955 3278 mundo

260 3312 363 3367 mundo
375 3310 506 3379 visibiles,
527 3310 639 3381 quando
657 3309 764 3364 scilicet
775 3309 902 3364 haereses
914 3309 1095 3377 invalescunt,
1122 3326 1181 3364 esse
1193 3308 1338 3363 visibilem.
1362 3307 1479 3362 Centum
1497 3306 1537 3360 illi
1552 3305 1712 3376 prophetae,
1725 3324 1795 3378 quos
1808 3309 1917 3365 Abdias
1928 3311 1955 3364 in

259 3398 465 3470 persecutiones
501 3398 630 3452 saeviunt
663 3402 691 3451 ιι
722 3396 918 3451 scandalorum
948 3397 1095 3451 multitudo
1121 3396 1230 3450 duabus
1247 3394 1387 3464 speluncis
1400 3392 1615 3463 temporeEliae
1629 3393 1797 3462 occultabat,
1811 3397 1954 3453 constitue

259 3494 400 3540 externam
423 3483 557 3539 eeclesiae
581 3483 681 3537 faciem
705 3481 844 3538 obseurat.
873 3489 913 3538 ¹2.
931 3483 973 3536 Ex
998 3489 1097 3538 neutra
1121 3481 1191 3535 bant
1210 3481 1278 3536 duas
1295 3481 1428 3536 ecclesias
1443 3479 1574 3544 visibiles,
1594 3479 1644 3533 sed
1660 3478 1787 3536 -chabeli
1809 3488 1838 3537 et
1855 3482 1955 3538 mundo

259 3569 357 3624 harum
382 3568 615 3640 significationum
638 3568 734 3624 inferri
757 3573 863 3639 potest,
894 3569 1044 3640 aliquando
1067 3570 1096 3624 in
1121 3584 1177 3623 non
1196 3572 1274 3622 erant
1293 3566 1415 3621 visibiles
1435 3583 1468 3620 ac
1485 3565 1552 3620 noti.

261 3654 364 3710 mundo
388 3650 660 3724 solam‘invisibilem
679 3654 824 3709 eeclesiam
843 3671 961 3710 manere.
994 3655 1094 3720 Quam·
1158 3661 1214 3710 102.
1251 3656 1278 3707 2.
1299 3655 1347 3707 De
1371 3654 1481 3707 ratione
1499 3651 1582 3704 ssim
1598 3668 1680 3705 serus
1698 3652 1832 3706 eeclesiae
1850 3661 1906 3717 est,
1928 3661 1955 3705 ut

259 3741 300 3794 ris
325 3739 398 3794 enim
416 3739 554 3794 catholiea
573 3747 730 3815 sanctorum
751 3740 868 3798 ecelesia
886 3743 922 3796 sit
939 3743 1094 3812 invisibilis,
1121 3743 1157 3795 sit
1180 3740 1309 3797 visibdis.
1346 3742 1426 3808 Erpo
1444 3739 1471 3793 ιι
1487 3738 1606 3792 ιειιιιία
1625 3738 1743 3791 aduodes
1756 3741 1851 3808 perit,
1876 3740 1955 3794 uallo

258 3824 308 3881 illa
333 3831 427 3881 tamen
451 3841 594 3896 nunquam
617 3833 710 3881 manet
730 3828 790 3882 sola
808 3834 836 3883 et
854 3844 871 3881 a
889 3827 992 3883 visibili
1010 3830 1094 3885 eccle·
1121 3846 1188 3882 vcro
1201 3826 1319 3883 melesio
1330 3833 1460 3880 remanet.
1479 3824 1703 3893 Respondemus:
1719 3824 1779 3879 asi
1790 3824 1826 3879 de
1840 3825 1954 3880 ecclesia

259 3912 301 3966 sia
318 3919 456 3981 separata,
475 3927 538 3966 cum
557 3916 634 3967 extra
651 3918 761 3967 coetum
778 3918 940 3968 vocatorum
957 3912 1095 3969 nunaunt
1121 3923 1280 3970 sanctorum
1304 3911 1442 3967 catholiea
1465 3926 1554 3965 sermo
1580 3914 1633 3976 ιιι,
1659 3909 1694 3965 de
1716 3909 1790 3964 illius
1811 3917 1912 3966 natura
1929 3917 1954 3967 et

260 3997 411 4068 quaerendi
439 3997 528 4054 electi.
576 3996 709 4060 Quamvis
736 3999 821 4053 etiam
847 3999 964 4055 ecclesia
992 4000 1022 4054 in
1048 4017 1095 4055 eea
1121 4001 1227 4057 ratione
1251 4004 1307 4068 est,
1331 4004 1364 4052 ut
1391 3997 1428 4052 sit
1453 3995 1611 4061 invisibilis,
1634 3997 1701 4068 quie
1725 4013 1789 4066 pars
1814 3999 1876 4080 ejus
1902 4013 1954 4052 una

259 4084 402 4155 angustias
420 4083 510 4154 redigi
527 4084 623 4154 possit,
641 4091 741 4139 utnon
754 4083 929 4157 sitgloriosa,
947 4085 1095 4156 splendore
1120 4087 1149 4141 in
1174 4086 1258 4142 coelis
1280 4081 1453 4154 triumphans
1473 4098 1490 4135 a
1510 4080 1590 4135 nobis
1610 4100 1666 4137 non
1684 4082 1868 4154 conspicitur,
1894 4099 1954 4155 pars

259 4179 372 4225 externo
392 4176 476 4240 atque
500 4187 547 4240 ee,
575 4189 657 4242 quem
678 4171 819 4226 Pontificii
842 4177 984 4240 statuunt,
1012 4172 1093 4228 modo
1121 4173 1210 4228 altera
1233 4171 1355 4225 militans
1377 4167 1531 4238 hypocritis
1555 4167 1715 4224 intermixta
1738 4185 1821 4223 sensu
1844 4177 1954 4225 externo

259 4255 388 4320 visibilis,
413 4272 446 4309 ex
464 4272 496 4310 ee
514 4261 608 4311 tamen
626 4256 721 4312 inferri
739 4258 849 4329 nequit,
875 4259 951 4330 qnod
967 4259 1093 4314 absolute
1120 4259 1157 4314 ab
1179 4258 1232 4313 illis
1256 4256 1375 4312 discerni
1396 4272 1451 4309 non
1469 4261 1569 4325 potest.
1607 4261 1631 4310 2.
1650 4254 1681 4310 Si
1698 4255 1733 4309 de
1750 4255 1875 4310 ecelesiis
1894 4273 1953 4327 par·

260 4348 289 4396 et
306 4339 470 4410 simpliciter
487 4342 625 4412 loquendo
644 4360 699 4398 non
719 4343 755 4398 sit
771 4343 901 4411 visibilis,
927 4361 989 4398 eum
1008 4344 1092 4415 pauci
1119 4343 1283 4401 ticnlaribus
1309 4360 1398 4398 sermo
1417 4345 1473 4408 est,
1500 4340 1690 4410 concedimus,
1714 4341 1830 4397 esseda
1850 4343 1954 4397 ιιιιιιι

259 4426 299 4480 illi
324 4425 505 4500 confessores,
531 4428 555 4481 si
581 4429 625 4483 vel
649 4429 766 4484 maxime
793 4429 845 4485 toti
863 4430 966 4484 mundo
981 4431 1093 4501 publice
1120 4432 1267 4494 ecclesiae,
1292 4435 1324 4483 ut
1348 4428 1385 4482 sit
1403 4427 1536 4497 visibilis,
1567 4432 1596 4482 et
1621 4427 1661 4482 sic
1679 4444 1788 4498 semper
1804 4428 1834 4482 in
1853 4428 1954 4483 mundo

258 4512 316 4568 noti
341 4530 398 4568 non
421 4511 489 4581 sint,
524 4520 617 4567 tamen
644 4513 698 4568 sibi
723 4514 790 4586 ipsis
814 4516 931 4570 invicem
955 4517 1014 4571 nuti
1033 4534 1093 4573 esse
1121 4525 1214 4573 manet
1238 4516 1332 4587 aliqua
1352 4513 1469 4568 visibilis
1488 4514 1620 4583 ecclesia,
1644 4514 1694 4569 sed
1718 4531 1803 4569 exeo
1823 4533 1879 4570 nun
1897 4521 1955 4586 pot·

257 4598 377 4670 possint,
400 4615 433 4653 ac
462 4599 486 4653 si
511 4599 555 4653 vel
574 4599 691 4654 maxime
712 4606 777 4655 actu
793 4618 848 4656 non
868 4602 924 4656 sint
943 4603 1093 4674 conspicui,
1121 4611 1163 4660 est
1180 4602 1289 4672 inferri,
1315 4601 1390 4673 qnod
1409 4618 1441 4658 eo
1459 4603 1540 4657 medo
1566 4618 1599 4656 ac
1619 4618 1714 4665 sensu,
1740 4619 1796 4670 quo
1817 4600 1955 4657 Pontificii

206 4688 210 4692 '
257 4690 351 4741 tanmn
371 4684 498 4754 potentia
516 4692 580 4739 sunt
598 4684 726 4742 visibiles.
763 4686 842 4742 Sicut
859 4688 900 4742 sol
919 4706 974 4744 non
993 4690 1094 4744 desinit
1120 4690 1225 4760 volunt,
1243 4688 1280 4742 sit
1295 4687 1421 4741 visibilis.
1453 4695 1476 4744 3.
1493 4687 1727 4760 Distinguendum
1745 4687 1819 4743 enim
1832 4687 1956 4743 estinter

257 4788 318 4826 esse
333 4770 457 4840 visibilis,
479 4772 503 4825 si
516 4770 560 4825 vel
574 4773 692 4828 maxime
706 4773 828 4829 nubibus
841 4781 931 4830 tectus
943 4776 1092 4848 aliquando
1120 4791 1178 4830 rem
1197 4780 1226 4829 et
1243 4774 1283 4830 rei
1301 4774 1422 4828 modum.
1452 4775 1548 4829 Manet
1566 4781 1701 4846 perpetuo
1721 4774 1750 4828 in
1767 4773 1848 4830 terris
1862 4773 1955 4846 aliqua

257 4862 322 4912 actu
343 4875 399 4913 non
417 4856 559 4924 videatur,
580 4874 643 4912 cum
660 4866 757 4929 postea
774 4859 927 4917 clarissimo
945 4863 1092 4933 splendore
1119 4861 1237 4917 visibilis
1270 4862 1402 4927 eeclesia,
1438 4862 1488 4917 sed
1519 4879 1574 4917 nou
1604 4869 1647 4918 ιιι
1677 4867 1812 4932 perpetuo
1840 4862 1869 4916 in
1900 4875 1956 4917 uns

254 4943 340 5013 jubar
365 4942 439 4998 illius
462 4943 616 5015 refulgeat3
644 4943 684 4998 sic
704 4945 821 5001 eeclesia
839 4964 893 5002 non
912 4948 1013 5004 desinit
1032 4965 1092 5003 ease
1119 4949 1240 5020 quadem
1269 4949 1335 5005 sede
1368 4956 1396 5004 et
1421 4957 1534 5005 externo
1560 4947 1706 5019 splendore
1735 4946 1868 5018 visibilis3
1905 4946 1953 5002 ali·

257 5028 386 5095 visibilis,
410 5029 434 5082 si
459 5029 503 5086 vel
521 5030 639 5085 maxime
656 5030 713 5087 veri
731 5030 902 5088 confessores
920 5033 949 5088 in
967 5034 1090 5089 cavernis
1118 5034 1229 5105 qnando
1264 5035 1300 5090 ab
1331 5036 1472 5102 omnibus,
1509 5034 1676 5108 quandoque
1705 5050 1769 5088 vero
1805 5049 1823 5087 a
1857 5034 1955 5103 paucis

258 5120 286 5169 et
303 5115 419 5170 occultis
436 5114 504 5170 locis
523 5115 701 5182 delitescant,
717 5117 784 5189 quia
802 5118 1008 5176 defervescente
1029 5137 1091 5192 per·
1117 5120 1242 5191 conspici
1270 5129 1369 5192 potest
1414 5122 1583 5179 Observetur
1613 5117 1782 5190 quaestionis
1811 5123 1902 5173 status
1928 5125 1956 5174 et

258 5207 415 5256 secutorum
444 5201 521 5258 rabie
552 5209 580 5258 et
608 5202 757 5276 profligata
787 5205 942 5262 haeresium
971 5205 1091 5277 caligine
1116 5206 1201 5263 facile
1225 5208 1386 5279 apparebit,
1414 5207 1481 5280 qnid
1507 5205 1543 5261 de
1569 5204 1621 5260 hoc
1645 5209 1808 5279 argumento
1833 5211 1953 5262 statuen-

258 5283 358 5340 iterum
382 5288 412 5342 in
435 5289 579 5360 publicum
602 5290 748 5359 prodeunt
786 5291 961 5364 Augustinus
978 5292 1014 5347 de
1031 5291 1090 5346 uni·
1117 5293 1183 5348 dum
1201 5294 1244 5351 ιιι

148 5373 307 5424 xt.1to.tat
329 5373 469 5429 ecclesa.
489 5381 536 5431 20:
572 5378 609 5430 Iu
625 5376 693 5431 aliis
710 5378 834 5447 postitio
849 5395 935 5449 saepe
953 5377 1090 5433 nonnulla
1156 5385 1211 5438 103.
1248 5384 1275 5436 3.
1308 5380 1357 5437 Vel
1383 5377 1506 5435 homiues
1530 5375 1578 5430 illi
1597 5378 1713 5444 acuatu,
1740 5380 1792 5449 qui
1808 5378 1956 5434 seeluioua

257 5454 390 5512 sectatos
421 5463 544 5515 membro
572 5462 848 5532 prossolmeats'bto
877 5466 1034 5520 tamaium
1065 5467 1283 5522 et‘s'nes‘sibrlem
1318 5465 1502 5525 ιιιιιιιιιιιι,
1536 5465 1705 5533 profitentur
1733 5465 1838 5534 palam
1868 5467 1954 5532 ιᾱιιι
