3998 6024
668 292 671 297 ,
755 253 1103 314 nemoascendit
1158 270 1160 287 ¹
1701 265 1770 323 tut

73 418 168 478 tuunt,
192 429 248 468 non
275 419 394 485 possunt
418 412 519 470 inferre
539 413 642 469 realem
666 413 805 469 unionem.
846 410 913 466 Fin-
941 407 1079 467 Christum
1104 412 1299 483 intuebuntur,
1319 413 1365 469 vel
1386 428 1496 484 semper
1518 428 1633 468 coenam
1652 410 1773 468 celebra·

74 505 146 572 gunt
167 499 270 555 realem
294 500 424 556 unionem
451 499 510 555 sine
534 499 602 556 reali
619 499 792 571 praesentia,
818 496 913 569 sicque
940 496 1019 555 bunt.
1055 506 1080 556 7.
1098 499 1201 556 Veram
1217 499 1301 556 fidem
1319 499 1437 571 apostoli
1454 498 1483 554 in
1501 516 1587 555 coena
1602 497 1773 568 babnemnt3

76 605 109 643 ex
131 585 251 643 mamma
277 585 373 641 divisis
396 585 676 658 disjunctissimisque
693 585 801 642 faciunt
818 602 912 641 unum.
940 590 969 640 et
994 585 1036 640 illi
1067 586 1096 641 in
1125 587 1231 643 coslum
1250 586 1359 642 evolare
1376 585 1536 658 ibidemque
1553 585 1693 641 Christum
1708 600 1773 640 con·

76 673 175 729 Posset
191 672 306 745 quidem
321 671 393 728 inter
412 672 514 730 Christi
533 690 633 744 corpus
649 671 750 729 absens
769 678 797 728 et
813 688 913 743 panem
939 671 1066 742 templati
1093 690 1148 729 non
1169 679 1327 744 potnerunt
1363 678 1387 730 3.
1410 672 1486 730 Num
1503 671 1596 728 eibum
1613 672 1713 728 intueri
1732 677 1774 727 est

78 758 292 816 eucharisticum
317 759 411 831 aliqua
434 759 531 815 relatio
554 767 582 816 et
606 763 701 830 σχέσιν
722 765 854 832 tanquam
873 758 914 813 in·
940 757 1042 814 edere?
1075 765 1105 814 at
1135 760 1258 815 Christus
1290 778 1389 831 corpus
1418 777 1499 815 suum
1529 760 1612 815 edere
1637 757 1774 830 jussit*tlt

79 852 120 902 ter
137 846 279 919 signatum
297 850 327 901 et
344 846 454 917 signum
473 846 544 912 dari,
564 845 612 901 sed
631 863 687 902 non
703 862 771 900 vera
788 852 817 900 et
832 844 915 900 realis
940 849 1043 915 Σχέσιν
1070 853 1099 901 et
1121 854 1245 902 mutuam
1269 846 1427 902 relationem
1456 847 1528 902 inter
1550 845 1635 902 fidem
1655 852 1683 901 et
1698 845 1774 917 obje

10 934 157 1003 ttttnnio,
188 939 221 988 ut
242 931 472 989 Keckermannus
495 934 665 1005 nugatur*
712 930 822 987 Mirifici
850 945 915 986 vero
940 938 1016 987 ctum
1035 933 1104 1002 ejus,
1122 933 1252 989 videlicet
1268 952 1333 1000 rem,
1350 950 1422 1004 quae
1441 934 1571 1002 creditur,
1588 933 1773 1000 concedimus,

81 1023 267 1093 disputatores
294 1025 322 1076 et
347 1019 498 1091 chymistae
525 1026 589 1074 sunt
613 1018 779 1086 adversarii,
811 1017 859 1090 qui
881 1034 915 1073 ex
941 1019 990 1072 sed
1008 1019 1083 1090 quod
1103 1017 1242 1091 objectum
1257 1036 1363 1092 semper
1376 1036 1506 1090 praesens
1518 1019 1555 1074 sit
1566 1018 1632 1074 fidei
1644 1019 1775 1091 quodque

77 1126 132 1166 uns
164 1107 320 1179 mdemque
356 1105 498 1163 relationis
529 1112 629 1161 natura
660 1104 811 1161 contrarias
841 1103 915 1159 circa
940 1103 1010 1160 fides
1029 1109 1126 1161 tantae
1144 1105 1289 1176 potestatis
1308 1106 1351 1171 sit,
1374 1112 1406 1160 ut
1425 1105 1534 1176 objecta
1551 1105 1633 1161 etiam
1651 1104 1774 1160 mmotis·

78 1194 203 1252 eamdem
231 1212 289 1250 rem
318 1193 479 1250 affectiones
511 1194 610 1248 elicere
637 1200 747 1249 norunt.
797 1191 914 1255 Quando
941 1191 1520 1265 simavereelficiatpmmentianegamus.
1539 1191 1774 1263 Distinguendum

79 1298 198 1353 namque
216 1280 272 1335 illis
289 1279 444 1352 objicimus,
461 1286 489 1337 et
508 1280 620 1351 quidem
633 1281 706 1351 jure,
724 1278 799 1350 quod
817 1276 914 1334 abseu·
942 1277 1015 1332 enim
1027 1285 1070 1333 est
1084 1279 1157 1333 inter
1168 1280 1281 1332 sadum
1289 1279 1488 1348 promissionis
1502 1287 1527 1332 et
1536 1296 1594 1332 rem
1607 1279 1699 1348 ipsam
1708 1296 1774 1348 pro·

79 1368 144 1424 tiam
169 1367 294 1438 corporis
315 1365 344 1421 in
367 1365 499 1438 mysterio
523 1382 626 1422 coenae
646 1370 787 1436 statuant,
812 1373 916 1438 negant
941 1364 1065 1421 missam.
1082 1364 1591 1436 Verbumpromissionistamfirmiter
1599 1364 1775 1437 amplectitur

79 1455 129 1511 boc
150 1471 185 1510 ex
211 1460 310 1509 natura
335 1452 491 1518 relationis,
519 1452 585 1523 quia
606 1451 713 1507 scilicet
731 1458 828 1507 mutua
845 1452 914 1508 rela-
941 1451 1010 1507 fides
1023 1452 1104 1523 eique
1115 1452 1185 1521 fidit,
1200 1453 1268 1510 acsi
1277 1452 1404 1524 jamdum
1416 1451 1531 1524 impleta
1542 1459 1614 1507 esset
1623 1452 1773 1524 promissio,

79 1547 167 1597 torum
191 1544 289 1611 σχέσιν
314 1555 407 1594 veram
430 1537 616 1609 praesentiam
641 1537 751 1595 inferat.
786 1537 914 1593 Vicissim
941 1539 990 1595 sed
1004 1555 1037 1593 ex
1051 1556 1147 1594 eonon
1156 1539 1342 1611 consequitur,
1351 1557 1410 1595 rem
1418 1539 1656 1610 promissamactu
1668 1555 1776 1611 semper

80 1628 190 1701 quando
212 1610 310 1683 cdntra
326 1630 449 1681 noemam
468 1625 633 1680 sententiam
655 1624 690 1680 de
709 1641 776 1680 vera
793 1625 914 1698 corporis
942 1632 1056 1682 exstare·
1075 1628 1107 1662 ³*
1113 1626 1268 1700 Scheglrius
1279 1634 1352 1684 cont.
1363 1645 1492 1699 anonym.
1500 1632 1578 1699 pti:
1589 1628 1677 1681 Fides
1686 1627 1776 1682 emam

70 1713 182 1770 Christi
210 1714 241 1769 in
271 1730 357 1770 coena
388 1712 547 1784 praesentia
572 1711 727 1782 disputant,
758 1711 854 1767 itidem
882 1729 914 1767 ex
941 1713 970 1765 in
981 1714 1116 1782 objectum
1124 1715 1244 1784 aliquod
1244 1717 1345 1784 sertas·
1355 1724 1380 1769 st
1389 1723 1429 1769 est
1438 1714 1775 1786 meamrommqaiddom,

77 1808 179 1857 natura
203 1801 345 1857 relationis
371 1804 566 1872 argumentum
592 1803 706 1868 petunt,
738 1815 793 1870 quo
821 1816 914 1854 veram
943 1801 1006 1870 spes
1024 1801 1128 1870 quippe
1141 1803 1214 1866 tides
1221 1802 1365 1870 posterius
1377 1802 1514 1871 quiddam
1531 1800 1621 1873 φύσει,
1638 1808 1684 1855 ast
1702 1802 1775 1870 obje-

78 1887 201 1960 corporis
231 1891 390 1960 παρουσίαν
418 1886 589 1956 impugnent
625 1883 758 1940 statuunt
775 1885 848 1940 enim
871 1903 914 1939 re·
943 1894 1207 1941 ctumseamensnrc
1215 1889 1390 1958 ipsimprius
1398 1889 1535 1957 quiddam
1544 1885 1697 1959 osurierit.
1710 1889 1776 1942 Nos

78 1975 165 2029 hiem
190 1973 330 2029 correlato
359 1991 414 2028 aon
438 1973 528 2025 iassae
548 1971 592 2026 nel
620 1973 733 2035 aduae,
766 1974 817 2025 sed
841 1971 914 2026 loco-
943 1972 1030 2041 igitur
1053 1978 1143 2034 πίστις
1166 1992 1253 2028 caasa
1277 1983 1316 2030 est
1334 1975 1524 2044 praesentiae,
1548 1976 1599 2028 ssd
1620 1970 1652 2028 τὸ
1678 1975 1777 2030 πιστὸν

78 2079 140 2115 mm
163 2059 323 2114 Messallis
334 2066 472 2128 perpetuo
490 2074 550 2111 esee
567 2058 715 2121 distincta,
740 2075 775 2111 ac
789 2058 915 2126 proinde
940 2077 1073 2128 maerens
1093 2064 1138 2125 sic
1153 2068 1428 2130 armentariam,
1446 2069 1476 2114 ut
1492 2060 1640 2135 ἐπιστήμης
1650 2079 1738 2116 caasa
1751 2071 1777 2117 st

77 2166 181 2218 cos-pas
201 2145 309 2200 Christi
332 2163 382 2199 nco
401 2146 430 2198 in
444 2162 522 2214 pass
539 2163 589 2199 aec
611 2162 672 2199 mim
684 2162 762 2214 pace
776 2162 916 2215 praesens
941 2164 1071 2212 masura
1101 2148 1246 2216 interpres
1273 2156 1300 2202 et
1322 2165 1377 2202 noa
1400 2146 1535 2221 ἐπιστήμη
1558 2153 1609 2202 τοῦ
1633 2146 1776 2216 interritos

78 2252 144 2290 sess.
177 2231 296 2288 Crellius
308 2232 358 2289 lib.
372 2237 394 2288 1.
409 2238 480 2302 part.
494 2248 563 2286 conr.
579 2248 607 2302 p.
617 2238 659 2287 47.
686 2223 915 2288 Keekermannus
941 2252 1029 2287 caasa
1052 2235 1169 2291 ecastit.
1211 2234 1241 2290 Si
1261 2233 1332 2289 fides
1352 2240 1445 2305 potest
1466 2234 1560 2290 facere
1579 2252 1679 2306 corpus
1698 2235 1776 2292 Chri-

77 2322 96 2376 l.
116 2320 144 2376 d.
166 2319 264 2376 Jodoc
287 2317 378 2376 Naum
400 2318 429 2372 in
448 2317 599 2372 asserione
624 2322 687 2372 test
713 2335 736 2373 e.
761 2323 797 2373 3.
810 2335 869 2390 arg.
891 2324 914 2374 6.
942 2321 977 2376 sti
1003 2319 1105 2376 absens
1123 2338 1188 2376 vere
1210 2337 1354 2393 praesens,
1380 2320 1465 2376 faciet
1481 2321 1512 2375 id
1529 2321 1573 2377 vel
1589 2322 1775 2379 intentionali-

78 2427 107 2479 p.
133 2413 181 2463 ὅθι
209 2406 238 2460 ai
260 2407 417 2474 obvertunt,
442 2405 562 2461 localem
588 2413 695 2459 tactam
715 2407 916 2476 praesentiam,
941 2411 985 2462 ter
1002 2412 1030 2462 et
1047 2406 1217 2479 imaginarie,
1234 2405 1279 2462 vel
1297 2406 1417 2463 realiter.
1453 2406 1483 2463 Si
1500 2407 1584 2477 prius,
1599 2416 1729 2479 sequetur
1745 2410 1776 2465 in

78 2513 136 2548 sos
159 2511 225 2549 sero
253 2509 359 2548 mtrem
378 2491 488 2547 omuino
503 2492 696 2562 praesentiam
710 2510 735 2544 -o
751 2501 855 2546 notura
873 2510 916 2546 re·
942 2494 1032 2549 verbis
1071 2511 1173 2550 coenae
1209 2493 1400 2566 imaginariam
1430 2494 1565 2549 duntaxat
1594 2495 1776 2565 praesentiam

79 2582 198 2637 lationis
231 2580 356 2649 scelecti,
387 2578 603 2650 respondemus,
639 2576 787 2633 terminum
820 2576 917 2633 localis
942 2581 1080 2652 promitti;
1105 2581 1129 2636 si
1145 2581 1294 2652 posterius,
1317 2586 1463 2653 sequetur,
1484 2580 1560 2653 quod
1577 2581 1730 2638 incarnatio
1748 2589 1778 2641 et

81 2668 257 2741 praesentiae
274 2684 335 2723 esse
352 2665 528 2738 ambiguum,
546 2681 647 2736 corpus
666 2663 768 2719 Christi
785 2680 917 2735 praesens
943 2669 1034 2740 passio
1052 2669 1115 2724 Filii
1133 2669 1186 2725 Dei
1204 2669 1331 2742 patribus
1348 2669 1378 2724 in
1397 2669 1431 2726 V.
1449 2669 1483 2724 Τ.
1504 2685 1554 2740 per
1570 2668 1655 2726 fidem
1671 2669 1777 2726 fuerint

83 2771 143 2811 esse
171 2754 290 2810 dicimus
315 2752 344 2807 in
368 2752 416 2808 illo
439 2752 513 2821 loeo,
531 2752 561 2806 in
578 2768 634 2823 quo
650 2750 806 2807 celebratur
823 2767 916 2816 coena,
943 2755 1099 2826 praesentia
1122 2756 1262 2812 interum
1282 2757 1437 2813 natura.llil
1478 2756 1581 2814 Utres
1600 2755 1732 2812 sehabet
1746 2757 1777 2812 in

80 2841 131 2897 sed
157 2841 241 2898 modo
272 2839 352 2895 locali
384 2846 412 2895 et
441 2838 677 2908 circumscriptivo
703 2854 832 2908 praesens
856 2854 917 2894 esse
943 2859 993 2897 sno
1018 2858 1093 2912 esse,
1122 2842 1163 2897 ita
1188 2842 1225 2897 in
1244 2859 1305 2898 eam
1333 2843 1402 2899 fides
1428 2842 1513 2900 debet
1539 2843 1613 2899 ferri.
1649 2841 1678 2898 Si
1704 2834 1778 2899 euim
1940 2907 1942 2911 .

81 2945 225 3000 negamus.
266 2925 295 2982 Si
318 2926 502 2998 praesentiam
525 2925 643 2980 localem
668 2941 751 2979 sensu
772 2923 918 2995 posteriori
943 2929 1013 2984 fides
1031 2929 1112 2985 aliter
1131 2945 1193 2985 sam
1210 2929 1440 3002 apprehenderet,
1459 2946 1526 2985 vera
1540 2929 1610 2985 fides
1626 2945 1684 2984 non
1697 2933 1777 2986 esset
1790 2938 1815 2981 z
1829 2936 1874 2981 tst.

82 3014 257 3085 intelligrmt,
281 3012 386 3068 habent
401 3030 453 3068 nos
470 3010 523 3065 sibi
541 3010 757 3080 consentientem
782 3010 806 3064 si
823 3011 916 3082 priori,
944 3015 1019 3086 Ergo
1039 3016 1062 3069 si
1081 3033 1176 3071 verum
1194 3021 1244 3084 est,
1264 3017 1337 3087 quod
1358 3014 1508 3070 adversarii
1526 3021 1659 3082 statuunt,
1678 3032 1778 3087 corpus

81 3118 276 3174 repugnamus.
312 3098 474 3155 Praesentia
499 3115 516 3154 a
538 3096 671 3153 relatione
689 3113 741 3152 nec
762 3097 917 3153 excluditur
944 3100 1046 3157 Christi
1075 3100 1229 3157 secundum
1256 3103 1403 3156 essentiam
1428 3118 1485 3157 non
1511 3119 1571 3157 esse
1597 3119 1727 3173 praesens
1748 3101 1778 3157 in

82 3205 133 3243 nec
151 3184 393 3258 praesupponitur,
411 3185 460 3240 sed
476 3184 573 3240 relatio
587 3184 624 3238 ad
638 3183 823 3254 praesentiam
835 3183 916 3239 modo
944 3205 1042 3252 coena,
1061 3187 1158 3260 utique
1176 3188 1258 3242 etiam
1276 3173 1434 3242 ildss'illnd
1450 3199 1483 3244 ut
1499 3203 1628 3257 praesens
1647 3205 1699 3243 neo
1716 3195 1778 3261 pot·

81 3273 258 3329 indifiereute
285 3288 315 3327 se
343 3271 441 3337 habet,
465 3276 497 3327 nt
521 3287 555 3327 ex
578 3270 754 3326 distinctione
776 3270 848 3327 inter
864 3270 918 3326 tria
944 3281 987 3330 est
1013 3290 1064 3329 nec
1097 3273 1180 3330 debet
1208 3272 1423 3344 apprehendere.
1471 3280 1492 3330 1.
1523 3272 1666 3329 Credimus
1692 3273 1778 3329 vitam

81 3360 231 3417 relatorum
253 3375 356 3431 genera
374 3358 500 3429 superius
519 3357 661 3430 assignata
681 3356 799 3429 intelligi
817 3363 917 3428 potest.
944 3366 1099 3429 aeternam,
1117 3377 1201 3432 quam
1220 3359 1300 3415 nobis
1317 3364 1491 3430 praesentem
1510 3374 1570 3415 esse
1588 3359 1637 3430 qui
1656 3375 1778 3418 asserere

80 3448 166 3503 Pater
188 3453 218 3502 et
234 3445 324 3501 Filius
342 3446 429 3501 relata
450 3451 528 3514 sunt,
559 3461 614 3516 qua
638 3443 771 3499 relatione
790 3450 917 3501 manente
945 3446 1030 3516 volet,
1055 3452 1158 3500 statum
1182 3445 1317 3500 ecclesiae
1342 3444 1486 3499 militantis
1508 3461 1571 3499 cnm
1589 3438 1778 3516 triumphante

83 3535 169 3590 Pater
185 3531 312 3588 localiter
331 3532 428 3587 adesse
446 3531 491 3587 vel
508 3547 564 3586 non
582 3531 679 3586 adesse
699 3536 790 3601 potest
807 3530 887 3585 Filio.
944 3534 1109 3602 confundet,
1145 3532 1281 3588 credimus
1299 3531 1395 3586 mundi
1412 3531 1579 3587 creationem
1595 3538 1659 3588 ante
1672 3531 1779 3604 aliquot

10 3633 56 3673 idel
121 3626 178 3677 tot.
204 3619 286 3684 Quod
303 3618 368 3673 fidei
385 3618 478 3674 omnia
494 3616 717 3689 praesentissima
733 3632 793 3671 esse
812 3616 917 3681 dicunt,
945 3620 1110 3675 millenarios
1140 3620 1258 3689 factam3
1293 3619 1430 3675 credimus
1456 3618 1682 3675 resurrectionem
1707 3636 1779 3675 mor·

10 3687 70 3789 ζ,
84 3706 181 3762 itidem
200 3723 306 3762 marum
323 3711 351 3760 et
367 3706 450 3759 inane
468 3709 511 3759 est
524 3703 736 3775 subterfugium.
768 3702 831 3760 **1.
844 3702 918 3759 Vera
944 3714 1054 3761 tuorum
1083 3706 1112 3761 in
1140 3706 1195 3762 fine
1221 3706 1332 3760 demum
1360 3704 1445 3761 seculi
1471 3705 1601 3761 futuram.
1637 3706 1713 3778 Ergo
1730 3705 1779 3779 qul

10 3802 36 3829 ι*
84 3792 155 3850 fides
172 3792 316 3848 infiducia
328 3798 444 3847 constat.
472 3789 917 3860 Celsinianorumincontempla·
944 3792 1013 3849 haec
1039 3810 1103 3849 vere
1127 3793 1401 3864 paesentis-dicere
1423 3792 1506 3861 velit,
1532 3809 1596 3847 cum
1614 3793 1721 3848 ratione
1738 3792 1779 3849 in-

83 3881 171 3948 dens,
195 3885 223 3935 et
245 3879 286 3934 sie
309 3879 350 3934 illi
373 3877 546 3934 confundunt
569 3875 654 3932 fidem
678 3875 836 3931 historicam
854 3893 918 3932 cum
944 3881 1034 3936 sanire
1075 3879 1238 3936 censebitur.
1285 3885 1309 3935 2.
1334 3879 1378 3934 Pii
1407 3885 1513 3935 veteres
1542 3879 1720 3934 crediderunt
1748 3879 1778 3936 in
1861 3890 1864 3894 ’

79 3967 267 4039 justificante,
289 3971 316 4022 et
333 3965 476 4036 proprium
493 3964 637 4020 beatorum
656 3961 794 4018 Christum
813 3963 919 4019 scilieet
944 3967 1084 4024 Christum
1111 3972 1257 4022 venturum
1278 3966 1307 4022 in
1328 3983 1454 4034 carnem,
1477 3981 1624 4037 passurum
1642 3971 1670 4021 et
1687 3983 1777 4022 resur

83 4055 112 4109 in
130 4053 209 4110 coelo
224 4051 420 4122 contemplari,
442 4050 478 4105 ad
495 4050 587 4103 Deum
608 4054 637 4107 et
654 4048 793 4105 Christum
810 4050 839 4105 in
858 4067 918 4107 coe·
943 4058 1092 4109 recturum.
1130 4053 1169 4108 At
1189 4053 1250 4124 quis
1267 4067 1378 4108 carnem
1396 4059 1424 4106 et
1441 4052 1596 4124 passionem
1614 4050 1718 4107 Christi
1734 4052 1777 4125 ip·

83 4141 142 4197 lum
159 4140 254 4195 venire
272 4138 429 4194 viventibus
446 4139 475 4192 in
492 4151 575 4191 carne
594 4135 751 4192 attribuunt
768 4141 792 4193 2.
814 4136 875 4194 Cor.
895 4144 920 4204 5,
945 4139 982 4193 sis
1006 4145 1179 4209 praesentem
1200 4138 1286 4193 tuisse
1314 4138 1448 4194 asseret?
1471 4144 1495 4194 3.
1518 4136 1607 4193 Vetus
1629 4143 1778 4195 tasmmes·

82 4246 109 4285 v.
130 4234 154 4282 2.
188 4225 262 4281 Phil.
285 4231 312 4290 1,
338 4243 363 4279 v.
380 4230 421 4281 23.
458 4231 481 4280 2.
498 4223 575 4280 Vera
591 4222 661 4278 fides
680 4229 757 4278 certa
774 4230 830 4294 est,
850 4224 919 4280 haec
945 4233 1004 4280 tum
1020 4224 1120 4280 habuit
1138 4222 1221 4278 σκιὰν
1236 4221 1395 4296 μελλόντων
1413 4222 1537 4293 ἀγαθῶν,
1560 4224 1686 4277 umbram
1702 4226 1779 4290 ferta·

81 4315 197 4370 incerta
239 4312 341 4370 Nullus
370 4311 442 4367 enim
475 4309 698 4366 Celsinianorum
727 4310 830 4367 referre
860 4319 919 4383 pot·
945 4330 1042 4366 rorum
1070 4312 1216 4375 bonorum,
1247 4309 1335 4367 Hebr.
1358 4315 1403 4378 ¹0,
1429 4327 1455 4364 v.
1482 4316 1505 4365 1.
1535 4310 1558 4365 si
1576 4309 1689 4367 fuerunt
1706 4311 1780 4367 bona

81 4408 141 4470 est,
163 4400 192 4455 in
217 4415 273 4473 quo
297 4399 368 4454 coeli
386 4397 489 4470 angulo
510 4396 650 4452 Christum
667 4396 826 4463 offenderit,
846 4399 920 4455 ideo·
945 4398 1049 4461 futura,
1068 4397 1163 4467 utique
1178 4395 1301 4452 nondum
1313 4394 1602 4467 fueruntpraesentia.
1639 4403 1663 4452 4.
1683 4403 1707 4454 2.
1717 4395 1779 4453 Cor:

82 4506 140 4562 que
159 4488 230 4543 istae
254 4485 365 4558 aquilae
390 4485 477 4540 instar
494 4484 669 4555 graculorum
690 4484 919 4541 circumvolitant.
947 4492 978 4553 5,
997 4502 1023 4538 v.
1043 4489 1074 4538 6:
1104 4484 1181 4537 Dum
1211 4483 1373 4551 incorpore
1391 4499 1500 4546 mmsis,
1527 4484 1743 4553 peregrinemur
1759 4480 1823 4537 o·'
1853 4502 1856 4507 ⁴

82 4582 108 4632 3.
128 4574 213 4629 Fides
231 4589 302 4643 opus
321 4570 406 4628 habet
421 4570 601 4642 promissione
621 4577 648 4626 et
664 4570 802 4634 mandato,
818 4571 863 4624 cui
880 4572 920 4626 in·
948 4571 1086 4638 Domie05
1113 4587 1139 4624 r.
1159 4577 1188 4624 l:
1213 4586 1269 4638 per
1292 4571 1376 4633 fidem
1402 4569 1475 4622 esim
1491 4570 1665 4624 ambulamus
1682 4576 1708 4622 et
1724 4584 1780 4626 aaa

80 4661 195 4718 nitatur.
236 4659 277 4713 At
298 4658 367 4713 haec
393 4657 547 4713 subrelatio
571 4657 600 4711 in
626 4655 733 4712 coelum
752 4657 829 4712 nullo
847 4656 919 4713 Scri·
942 4675 998 4726 per
1014 4658 1139 4726 speciem.
1175 4655 1326 4726 Apostolus
1344 4653 1427 4710 infert
1444 4654 1498 4710 hoc
1514 4655 1604 4724 modo,
1623 4654 1780 4727 peregrine·

80 4757 183 4821 pturae
204 4747 361 4804 testimonio
381 4745 528 4817 probatur,
556 4744 604 4800 ubi
625 4744 699 4800 enim
718 4745 860 4815 Scriptura
877 4761 919 4800 as-
947 4760 1007 4797 mur
1026 4760 1044 4797 a
1063 4742 1197 4811 Domino,
1222 4742 1342 4797 necdum
1359 4742 1384 4797 ei
1402 4749 1688 4814 praesentassemus,
1715 4742 1781 4814 quis

81 4832 508 4904 monstrosissimam
527 4831 652 4888 Christus
670 4831 814 4888 adscendit
830 4839 859 4887 et
876 4832 920 4887 cui
946 4847 996 4900 per
1020 4828 1104 4886 fidem
1128 4828 1309 4884 ambulamus.
1349 4828 1512 4884 Adversarii
1536 4829 1616 4883 modo
1641 4829 1780 4884 contrario

80 4921 187 4981 Christi
205 4937 308 4992 corpus
326 4919 504 4976 Celsinianue
521 4916 651 4987 includit,
673 4917 775 4974 essein
793 4936 922 4990 suprema
947 4917 1082 4971 inferunt:
1117 4914 1290 4970 ambulamus
1319 4928 1370 4985 per
1400 4913 1489 4970 fidem.
1524 4914 1598 4985 Ergo
1621 4920 1781 4984 praesentet

79 5009 157 5065 orbis
187 5013 276 5079 parte.
320 5013 344 5062 l.
363 5005 438 5062 vera
464 5003 533 5058 fides
557 5011 646 5060 totum
671 5003 812 5060 Christum
838 5003 921 5058 simul
947 5002 1066 5058 Domino
1095 5019 1198 5056 sumus.
1234 5008 1259 5056 5.
1279 4999 1365 5056 Hebr.
1387 5006 1433 5064 11.
1456 5018 1480 5055 v.
1500 5007 1545 5056 13:
1575 5001 1663 5053 Junci
1689 5003 1781 5069 fidem

79 5093 285 5169 apprehendit;
307 5100 337 5149 at
362 5091 525 5148 Calviniana
547 5091 592 5146 vel
618 5090 747 5146 distincte
769 5106 869 5162 corpus
894 5095 922 5144 et
948 5090 1051 5143 mos-toi
1066 5096 1131 5142 sant
1147 5088 1197 5141 icti
1214 5103 1315 5155 omna,
1339 5103 1401 5141 cam
1419 5104 1475 5141 nos
1495 5094 1583 5142 essent
1602 5088 1701 5156 adepti
1711 5105 1781 5158 pro·

80 5181 248 5254 sangninem
269 5178 370 5235 Christi
390 5177 516 5251 percipit,
535 5176 581 5232 vel
598 5175 704 5230 Christi
720 5175 922 5232 institutionem
949 5177 1048 5238 mbas,
1071 5177 1124 5228 aed
1140 5175 1247 5228 eminas
1266 5190 1300 5227 ea
1318 5175 1454 5228 adessent
1472 5180 1497 5227 et
1513 5173 1713 5243 credidissent,
1731 5173 1780 5231 uhi

80 5268 176 5326 violat.
213 5274 237 5324 5.
258 5266 331 5323 Vera
355 5264 424 5322 fides
449 5281 504 5320 uua
529 5264 559 5318 in
576 5262 611 5319 V.
632 5268 661 5318 st
676 5261 713 5319 Ns
728 5262 761 5317 Τ.
785 5270 815 5318 at
838 5262 920 5320 inv.
948 5263 1155 5334 conjunguntur
1181 5259 1293 5316 credere
1322 5266 1351 5315 st
1377 5260 1522 5333 necesses
1546 5258 1640 5313 videre
1667 5275 1701 5314 ac
1726 5278 1782 5317 nun

79 5358 115 5413 Τ.
140 5355 235 5413 nullus
257 5354 286 5409 in
309 5352 416 5409 coelum
440 5353 551 5409 evolans
576 5348 777 5406 Christumibi
799 5350 828 5404 in
845 5356 922 5407 certo
947 5349 1073 5420 adipisci.
1115 5353 1140 5403 b.
1165 5347 1209 5403 Ac
1231 5346 1328 5402 merito
1352 5346 1414 5415 quis
1432 5345 1559 5415 miretur,
1587 5344 1651 5400 fidei
1670 5350 1781 5403 noemae

81 5444 144 5500 loeo
167 5440 373 5512 contemplatus
396 5445 445 5496 est.
486 5445 509 5495 6.
528 5436 603 5494 Vera
625 5435 695 5493 fides
718 5451 826 5507 semper
845 5436 922 5492 Chri·
947 5436 984 5491 ab
1009 5433 1173 5490 adversariis
1196 5438 1305 5488 tantum
1325 5429 1426 5500 tribui,
1455 5431 1529 5504 quod
1555 5447 1653 5503 corpus
1675 5430 1783 5488 Christi

80 5537 156 5587 snm
187 5526 388 5600 apprehendit,
418 5532 450 5583 at
477 5522 634 5583 Celsiniani
658 5521 704 5581 rel
729 5539 787 5580 nou
813 5538 922 5595 semper
947 5524 979 5579 in
996 5538 1084 5579 coena
1099 5538 1231 5594 praesens
1248 5520 1336 5588 sistat,
1355 5532 1420 5572 cum
1435 5518 1519 5576 verbo
1535 5517 1647 5583 Clnisfl,
1665 5517 1721 5572 imo
1739 5514 1782 5571 dis
