4004 6022
778 248 830 308 nu
850 249 973 309 SACRA
991 252 1129 313 CORNL·
1151 282 1154 291 ·
1197 260 1204 303 ι
1562 280 1565 289 ,
1739 263 1799 332 m

114 406 194 475 edite,
210 405 265 460 lec
282 410 325 460 sat
341 422 442 476 corpus
458 422 562 472 mcum,
582 407 672 472 liliis,
692 407 744 463 lios
764 417 805 465 cst
823 410 940 479 seepus's
966 406 1069 467 Christi
1091 417 1120 467 et
1140 413 1198 467 vita
1224 418 1336 469 aetema
1357 428 1423 470 vers
1442 415 1619 473 cruciantibus
1638 417 1799 490 oticmntnr,

113 508 196 556 m,
221 491 276 547 boc
296 499 341 547 sst
367 492 487 549 instituit
514 495 718 551 sanctissimum
744 501 939 551 manentum
965 502 1031 551 tunc
1058 499 1248 568 concedimus,
1279 500 1330 555 has
1360 501 1554 571 promissiones
1577 504 1698 560 ethaeo
1726 507 1799 562 bona

111 582 136 632 st
158 588 377 646 sacramentum,
403 579 432 635 in
457 597 512 652 qno
536 582 677 638 mediante
700 581 847 638 benedicto
866 598 939 652 pane
965 583 1093 640 coelestia
1121 585 1149 639 in
1175 586 1260 642 verbo
1293 587 1430 658 evangelii
1460 587 1556 644 oblata
1580 605 1636 644 non
1663 591 1715 646 nisi
1744 591 1799 648 fldc

109 680 201 721 serum
230 665 321 734 ipsius
348 682 448 736 cerpus
478 675 507 722 et
533 668 673 724 mediante
700 668 846 724 benedicto
874 669 938 723 vino
965 669 1068 739 accipi3
1098 671 1148 725 sed
1166 671 1256 741 siper
1273 673 1496 743 evangeliumin
1514 692 1615 746 genere
1632 677 1798 749 intelligitur

108 766 187 805 rurus
212 751 302 822 ipsius
331 752 445 823 sanguis
473 754 601 808 omnibus
631 753 807 810 benedictum
837 771 938 826 panem
966 754 1101 826 quidquid
1126 757 1155 810 in
1173 756 1289 812 historia
1308 759 1471 830 evangelica
1489 761 1523 816 N.
1542 760 1576 818 T.
1596 779 1613 815 a
1630 761 1741 818 Christo
1757 763 1798 818 in·

107 836 338 893 manducantibus
355 846 384 895 et
401 839 578 896 benetfietum
588 840 682 895 vinum
703 840 863 897 bibentibus
882 841 937 894 dis·
965 841 1092 896 stitutum
1111 842 1146 896 ad
1166 843 1353 914 obsignandas
1377 853 1406 899 et
1422 844 1624 900 confirmandas
1641 848 1808 917 promissio·

107 922 246 978 tribuatur
271 925 309 978 ad
333 924 537 982 confirmandas
559 935 588 983 st
608 926 795 999 obsignandas
824 926 937 997 promis
965 943 1013 982 nes
1037 928 1213 999 evangelicas
1241 931 1351 1001 proprie
1376 932 1416 986 sic
1444 932 1548 1001 dictas,
1577 940 1645 988 tunc
1671 933 1797 1003 dicimus,

107 1009 195 1064 siones
221 1011 398 1081 evangelicas
420 1012 456 1067 de
478 1012 637 1070 remissione
657 1019 832 1084 peccatorum
851 1022 880 1068 et
897 1029 938 1068 re·
965 1014 1193 1069 sacramentalem
1211 1016 1452 1073 manducationem
1461 1017 1583 1087 corporis
1594 1026 1623 1073 et
1634 1017 1796 1075 bibitionem

107 1093 188 1166 liquis
210 1094 352 1152 beneficiis
371 1098 521 1154 traditione
538 1099 621 1169 hujus
639 1100 761 1170 corporis
782 1100 938 1154 inmortcm
964 1099 1108 1171 sanguinis
1129 1099 1230 1156 Christi
1257 1119 1312 1156 non
1334 1119 1416 1174 ροοοο
1442 1120 1459 1157 a
1482 1103 1567 1159 verbo
1591 1103 1731 1175 evangelii
1749 1121 1795 1160 ex·

107 1188 134 1236 st
161 1182 297 1240 sffusiom
326 1184 410 1254 hujus
443 1186 585 1258 sanguinis
614 1186 643 1240 in
668 1204 718 1242 ara
744 1188 833 1242 crucis
858 1185 937 1241 nobis
964 1185 1048 1247 cludi,
1068 1202 1130 1240 cum
1149 1187 1185 1242 sit
1202 1187 1325 1259 sigillum
1340 1189 1551 1259 promissionum
1563 1190 1793 1262 evangelicarum.

106 1268 201 1338 partis.
236 1269 309 1336 Ergo
331 1270 417 1325 rerba
435 1272 485 1326 illa
499 1288 603 1328 coenae
620 1273 827 1337 substantialia,
856 1273 937 1340 eds'te,
964 1271 1074 1327 Placuit
1095 1272 1168 1326 enim
1194 1273 1305 1329 Christo
1325 1291 1380 1330 non
1406 1275 1480 1330 nudo
1504 1292 1577 1346 pane
1600 1283 1629 1332 et
1645 1278 1723 1345 vino,
1746 1278 1795 1334 ssd

104 1354 155 1409 lec
175 1364 216 1409 est
236 1372 339 1426 corpus
353 1375 451 1420 mam,
473 1359 570 1427 bille,
588 1360 640 1413 laec
660 1369 701 1414 est
717 1362 834 1429 respuis
851 1376 936 1424 mesu,
962 1357 1050 1428 ipsius
1076 1359 1198 1430 eorporis
1221 1368 1249 1416 et
1272 1362 1416 1433 sauguinis
1439 1362 1482 1417 sni
1503 1368 1632 1432 maraste
1654 1362 1795 1436 evangell-

105 1447 168 1495 sarit
193 1441 279 1497 suba
306 1445 464 1498 testamenti
495 1453 523 1501 et
552 1447 732 1514 sacrmenti,
760 1462 815 1501 uon
843 1453 936 1501 autem
962 1460 1009 1499 cas
1036 1445 1231 1516 promissiones
1259 1447 1340 1503 nobis
1366 1448 1531 1519 cbsignme,
1555 1455 1584 1504 et
1608 1448 1661 1503 hac
1685 1451 1794 1507 ratium

105 1527 190 1583 rerba
220 1528 425 1600 promissionis,
456 1547 492 1586 aa
522 1533 728 1588 saoramemalis
760 1532 936 1587 manducatio
962 1529 1075 1602 aliquod
1091 1531 1255 1587 beneficium
1270 1534 1418 1606 evangelii,
1439 1534 1571 1591 videficet
1587 1536 1794 1592 sacnmentnlis

106 1614 226 1684 corporis
253 1621 280 1669 ct
310 1614 407 1671 bibitio
430 1619 573 1689 sanguinis
596 1619 697 1674 Christi
722 1637 777 1674 non
798 1626 840 1674 est
863 1636 935 1672 sum·
961 1625 1093 1672 κοινωνία
1109 1619 1233 1688 corporis
1249 1626 1278 1674 et
1295 1619 1438 1690 sanguinis
1456 1619 1570 1688 Christi,
1589 1637 1645 1677 non
1662 1620 1794 1692 recipitur

105 1718 178 1755 mum
202 1701 272 1756 illud
300 1701 465 1759 beneficium
491 1705 520 1758 in
543 1705 629 1761 serbo
645 1705 783 1776 evangelii
799 1705 934 1760 credenti·
960 1702 1030 1773 fide,
1046 1705 1096 1758 sed
1113 1721 1166 1759 ore.
1963 1765 1966 1776 ,

106 1786 157 1841 bus
177 1787 318 1855 oblatum,
344 1790 394 1845 sed
416 1790 544 1846 beneficii
566 1792 639 1847 illius
664 1791 851 1863 signaculum,
879 1808 934 1861 quo
998 1797 1054 1847 187.
1090 1794 1116 1846 9.
1137 1791 1285 1860 Quidquid
1303 1793 1441 1846 intretis
1460 1809 1506 1862 os,
1526 1794 1557 1847 iu
1574 1803 1695 1848 eestrsru
1712 1794 1822 1853 sedita
1836 1801 1907 1894 quse·

26 1873 93 1919 2³¹²
105 1874 299 1942 promissiones
316 1876 496 1948 evangelicae
513 1878 689 1934 credentibus
707 1878 889 1950 obsignentur
906 1883 935 1932 et
961 1886 987 1930 et
1011 1879 1194 1931 inaccessum
1212 1879 1359 1946 emittitm,
1385 1878 1484 1936 hiattlu
1511 1886 1555 1949 15,
1583 1897 1608 1932 v.
1631 1887 1668 1937 11.
1704 1881 1794 1951 Atqui
1804 1855 1920 1951 2:¹2³&

105 1961 306 2019 cummanum
342 1968 365 2017 2.
384 1962 494 2018 Deinde
506 1962 683 2020 Chemnicius
701 1964 848 2035 distinguit
864 1964 935 2018 inter
961 1964 1018 2017 tels
1040 1965 1110 2032 quid
1135 1965 1171 2017 ds
1193 1971 1359 2033 coeperest
1384 1968 1518 2034 seepssiee
1542 1966 1647 2022 Christi
1668 1969 1793 2037 capitose
1804 1957 1899 2049 ᾖξ’·

105 2048 312 2117 promissionem
335 2056 364 2105 et
383 2067 441 2104 rem
460 2052 630 2121 promissam.
665 2050 815 2105 Promissio
832 2051 934 2122 accipi·
961 2052 1052 2115 asses.
1089 2048 1314 2120 Respondemus:
1344 2057 1365 2106 1.
1382 2049 1509 2107 Christus
1529 2053 1565 2109 de
1584 2053 1717 2124 externis,
1734 2070 1793 2109 cos*
1805 2060 1859 2101 ssia

105 2141 148 2187 tur
163 2133 235 2200 lide,
259 2151 303 2190 res
321 2135 457 2206 promissa
474 2152 558 2207 saepe
575 2137 658 2192 ctiam
675 2153 789 2207 corpore
807 2154 856 2192 sen
875 2154 934 2193 cor·
961 2136 1103 2207 poralibus
1132 2153 1165 2191 ac
1190 2136 1366 2191 naturalibus
1395 2137 1463 2194 cibis
1490 2139 1626 2209 loquitur,
1656 2156 1726 2211 quos
1744 2154 1794 2210 per

104 2219 191 2288 porali
209 2220 392 2277 instrumento
413 2221 564 2293 accipitur,
583 2229 615 2276 nt
633 2224 754 2288 sanatio,
771 2223 851 2293 panis
868 2240 934 2294 que·
961 2240 1099 2277 secessum
1125 2224 1188 2292 ejici
1216 2223 1390 2294 pronuntiat,
1419 2225 1521 2279 usitato
1547 2226 1653 2280 scilicet
1679 2224 1795 2281 mturse

104 2305 225 2360 tidisnus
242 2313 295 2361 etc.
330 2308 479 2363 Promissie
497 2308 617 2379 Spiritus
633 2309 723 2365 sancti
739 2309 795 2364 lide
815 2310 852 2365 ab
869 2326 934 2380 apo
961 2309 1070 2378 ordine;
1100 2315 1132 2364 at
1156 2325 1255 2377 corpus
1278 2317 1308 2364 ct
1331 2309 1444 2380 sanguis
1467 2310 1569 2366 Christi
1586 2318 1652 2367 sunt
1668 2313 1747 2367 cibus
1766 2319 1794 2368 et

104 2393 179 2447 stol'n
208 2394 263 2448 fuit
290 2403 417 2465 accepta,
452 2396 563 2450 interim
593 2410 688 2452 verum
718 2403 827 2465 namt,
859 2397 934 2468 quod
960 2404 1043 2467 potus
1061 2395 1228 2467 spiritualis,
1253 2412 1308 2450 non
1325 2396 1361 2450 ad
1380 2396 1452 2450 hanc
1470 2397 1569 2466 vitam,
1597 2398 1646 2452 sed
1665 2399 1795 2469 spirituas

104 2477 221 2549 Spiritus
243 2486 357 2536 sanctus
382 2483 412 2536 in
431 2483 526 2553 specie
548 2483 707 2553 linguarum
731 2484 874 2554 ignem
892 2499 933 2538 se·
960 2485 1013 2538 lem
1040 2500 1075 2538 ac
1099 2482 1244 2538 coelestem
1264 2500 1314 2537 nos
1335 2484 1468 2539 nutriens.
1504 2489 1528 2539 t.
1545 2483 1650 2555 Ecquis
1667 2500 1732 2540 sero
1751 2485 1792 2540 di·

104 2565 174 2622 dcrit
190 2584 275 2639 super
291 2570 432 2640 apostolos
449 2569 545 2624 Actor.
565 2574 589 2633 t,
607 2588 633 2627 v.
653 2576 677 2625 t.
714 2576 738 2624 ³.
751 2570 798 2625 Ad
816 2570 933 2625 solidam
961 2585 1023 2625 cere
1039 2570 1150 2633 audeat,
1170 2568 1214 2624 rel
1232 2569 1256 2623 si
1274 2568 1385 2636 audeat,
1403 2569 1477 2624 unde
1488 2569 1626 2640 probabit,
1643 2570 1792 2640 Christum,

104 2651 187 2724 igitur
209 2655 366 2725 argumenti
384 2656 594 2726 explicationem
615 2655 789 2712 observanda
805 2662 849 2713 eet
864 2657 933 2712 haec
962 2657 1009 2727 qui
1026 2662 1070 2711 est
1087 2656 1142 2711 Dei
1160 2655 1248 2710 virtus
1266 2663 1295 2711 et
1313 2656 1452 2727 sepientis
1473 2662 1494 2713 1.
1516 2656 1579 2714 Cor.
1602 2663 1623 2723 1,
1642 2675 1667 2713 v.
1688 2663 1729 2714 tt.
1746 2658 1792 2713 vel

104 2740 257 2797 distinctim
283 2742 377 2798 Verbo
399 2743 587 2815 promissionis
610 2749 659 2798 aut
682 2743 848 2816 intelligitur
870 2747 934 2815 ipsa
960 2760 1016 2798 non
1033 2743 1142 2798 novisse
1160 2742 1288 2807 modum,
1306 2743 1351 2798 vel
1368 2758 1424 2797 non
1442 2759 1525 2812 posse
1543 2741 1668 2812 efficere,
1685 2752 1718 2799 ut
1732 2759 1791 2799 cor·

105 2827 239 2883 ordinatio
255 2827 358 2883 Christi
376 2839 405 2885 et
422 2846 518 2885 sacrae
535 2846 639 2885 coenae
658 2830 803 2898 institutio,
824 2847 856 2885 ac
874 2836 933 2884 tum
960 2847 1013 2899 pus
1042 2835 1072 2884 et
1096 2830 1210 2901 sanguis
1237 2829 1324 2899 ipsius
1351 2828 1379 2883 in
1402 2845 1481 2883 saura
1502 2845 1589 2884 coena
1610 2831 1793 2886 manducetur

104 2913 270 2987 significatio
296 2921 338 2970 est
357 2916 570 2986 catachrestica,
594 2916 675 2971 aliter
699 2916 783 2972 etiam
799 2934 853 2972 vox
872 2934 932 2988 pro
959 2932 993 2970 ao
1023 2915 1135 2973 bibatur
1161 2915 1218 2970 alia
1244 2916 1450 2985 supernaturali
1476 2931 1510 2970 ac
1532 2916 1643 2971 coelesti
1665 2914 1792 2974 rational

105 3001 239 3057 missionis
257 3002 395 3071 accipitm
410 3002 439 3057 in
456 3004 575 3072 majore,
598 3002 680 3058 aliter
695 3004 725 3057 in
743 3003 860 3073 minore3
884 3011 934 3059 aut
961 3010 985 3060 3.
1005 3004 1104 3072 addo,
1128 3002 1203 3074 quod
1225 3002 1433 3071 pronuntiatum
1449 3000 1553 3058 Christi
1571 3020 1606 3058 ne
1625 3005 1736 3074 quidem
1756 3003 1792 3060 dc

105 3087 218 3143 verbum
244 3088 432 3158 promissionis
455 3089 592 3160 accipitur
614 3090 723 3159 stricte,
748 3106 782 3144 ac
806 3097 865 3145 tum
892 3091 933 3146 di·
959 3088 1133 3144 naturalibus
1175 3088 1246 3143 cibis
1284 3088 1322 3141 eit
1359 3088 1552 3144 universaliter
1588 3091 1790 3163 accipiendum.

104 3163 298 3245 elinguandam
322 3179 365 3230 est
390 3174 463 3229 inter
487 3174 672 3230 substantiam
694 3192 799 3231 coenae
821 3180 932 3248 atejus
961 3175 1134 3230 lombardus
1161 3174 1274 3245 quidem
1297 3181 1322 3230 3.
1348 3175 1506 3230 sent.-·dist
1532 3181 1555 3231 3.
1579 3175 1621 3233 lit.
1646 3176 1680 3234 N.
1705 3184 1733 3232 et
1756 3177 1792 3239 0.

102 3257 228 3315 imaum
264 3260 312 3315 Ad
329 3259 512 3315 substantiam
530 3276 633 3316 coenae
654 3262 796 3333 pertinum
811 3263 933 3333 paniset
960 3271 1057 3332 nepot,
1084 3262 1246 3314 elimatam
1268 3277 1333 3313 esre
1354 3262 1384 3313 iss
1409 3262 1594 3315 ammutium
1609 3265 1712 3316 nutriti
1726 3282 1790 3317 eoa-

102 3345 209 3415 vinum,
233 3361 335 3417 corpas
358 3350 386 3398 et
409 3345 523 3417 sanguis
543 3346 645 3402 Christi
671 3364 800 3403 sommia
818 3350 932 3403 mandu-
959 3351 1037 3415 certi,
1053 3347 1146 3417 potius
1163 3354 1257 3401 minen
1275 3362 1339 3400 cum
1351 3346 1458 3401 Thema
1474 3354 1545 3418 part.
1559 3354 1581 3405 1.
1596 3366 1621 3419 q.
1635 3354 1690 3404 119.
1704 3356 1754 3405 art.
1767 3357 1789 3406 1.

102 3432 173 3487 ontio
190 3448 223 3489 sc
241 3431 341 3487 bibitio
359 3433 582 3502 sacramentalis3
599 3433 636 3487 ad
650 3433 772 3489 fractum
783 3435 932 3506 applicatio
959 3435 1043 3491 Scuto
1062 3442 1086 3490 4.
1109 3438 1177 3488 sent
1201 3432 1263 3486 dist
1284 3440 1324 3488 11.
1348 3450 1374 3503 q.
1397 3441 1418 3488 1.
1437 3439 1522 3504 atque
1539 3434 1601 3487 aliis
1617 3434 1789 3505 philosophis

101 3515 297 3574 beneficiorum
320 3517 437 3583 Christi,
464 3517 518 3573 hoc
536 3527 579 3574 est
595 3521 773 3576 manducatio
789 3528 818 3576 et
834 3521 931 3576 bibitio
959 3537 992 3576 ac
1015 3519 1129 3575 medicis
1152 3518 1344 3586 moerendum,
1369 3518 1531 3573 alimentum
1553 3534 1649 3574 revera
1667 3523 1790 3579 converti

100 3603 259 3675 spiritualis
299 3603 450 3660 Ptomissio
475 3605 590 3676 respicit
615 3604 698 3662 fidem
725 3622 776 3661 seu
801 3606 931 3677 fructum,
957 3608 986 3660 in
1004 3603 1190 3662 substantiam
1207 3604 1313 3671 numiti,
1330 3603 1406 3673 qnod
1426 3603 1506 3659 docet
1523 3603 1687 3660 Aristoteles
1704 3606 1752 3661 lib.
1767 3613 1790 3662 1;

100 3697 212 3762 proptor
229 3707 312 3762 quern
329 3708 409 3746 sacre
425 3708 514 3747 coena
532 3698 575 3747 est
591 3691 735 3761 instituta3
752 3708 853 3764 corpus
866 3709 931 3748 vero
959 3691 1183 3763 degeneratione
1200 3696 1229 3746 et
1249 3695 1368 3761 corrupt.
1386 3707 1411 3745 c.
1427 3697 1452 3745 5.
1470 3696 1500 3746 et
1512 3690 1623 3762 probari
1636 3697 1727 3762 potest
1737 3692 1790 3748 hoc

101 3783 128 3833 st
147 3778 402 3850 immaculati,
432 3785 569 3851 quatenus
592 3778 663 3834 illud
688 3780 829 3835 mediante
848 3780 930 3837 bene·
958 3783 1136 3850 argumento:
1167 3777 1258 3846 Maior
1283 3777 1423 3847 quantitas
1447 3776 1612 3831 naturaliter
1635 3778 1789 3849 acquiritur

74 3897 82 3915 ·
101 3863 173 3920 dicto
192 3882 266 3935 pane
282 3866 520 3936 manducandum,
544 3865 589 3920 hic
606 3881 671 3921 vero
689 3866 831 3923 mediante
847 3866 930 3922 bene·
958 3867 1001 3922 sel
1023 3864 1183 3922 extensione
1205 3864 1249 3918 rel
1275 3861 1411 3918 atimlone
1437 3878 1526 3918 norae
1548 3864 1688 3920 materiae.
1731 3864 1788 3922 Sed
1801 3875 1826 3919 x
1840 3874 1884 3918 stc.

100 3951 173 4007 dicto
190 3952 254 4008 vino
272 3952 410 4009 bibendum
419 3953 512 4022 datur,
528 3969 584 4007 uon
602 3953 742 4024 pertinent
758 3954 794 4008 ad
809 3954 929 4010 fructum
957 3969 1011 4007 non
1030 3951 1188 4007 extenditur
1205 3955 1329 4019 mnium,
1347 3949 1423 4022 qaod
1441 3950 1563 4004 nutritur
1581 3955 1610 4004 et
1627 3960 1789 4022 angmenta-

101 4055 216 4104 cocuae,
241 4039 290 4094 sed
314 4038 350 4092 ad
369 4039 457 4109 ipsam
476 4038 666 4094 substantiam.
702 4038 845 4096 Hactenus
863 4058 929 4112 ergo
955 4047 1018 4108 tur,
1036 4038 1106 4092 alins
1124 4034 1272 4091 rarcfieret.
1308 4035 1384 4107 Ergo
1401 4037 1550 4107 apponitur
1567 4036 1594 4091 ei
1612 4053 1685 4092 nova
1702 4045 1787 4094 mats·

76 4130 79 4135 '
98 4124 227 4197 neganda
252 4124 398 4192 assumtio,
426 4125 493 4196 quia
516 4143 617 4197 corpus
641 4134 669 4180 st
695 4126 809 4198 sanguis
828 4125 929 4181 Christi
955 4129 1004 4195 ria,
1023 4138 1095 4196 quae
1114 4123 1270 4178 necessario
1287 4124 1408 4192 speciem
1425 4123 1524 4177 nutriti
1546 4123 1645 4177 induit.
1683 4123 1788 4180 Sensus

98 4211 206 4282 proprie
224 4211 363 4282 loquendo
383 4228 439 4266 non
460 4211 613 4267 offeruntur
631 4212 716 4268 serbo
733 4212 927 4283 promissionis,
956 4229 1021 4284 ergo
1047 4209 1193 4265 verborum
1218 4207 1320 4265 Christi
1349 4224 1403 4262 non
1427 4215 1484 4278 est,
1512 4223 1593 4264 omne
1619 4211 1730 4265 omnino
1754 4226 1788 4274 ae

98 4297 146 4352 sed
167 4297 251 4352 serbo
268 4297 463 4367 institutionis,
491 4299 671 4355 ordinationis
688 4316 723 4353 ac
741 4299 927 4370 dispositionis
955 4306 1057 4364 totum,
1086 4295 1161 4366 quod
1187 4293 1351 4357 assumitur,
1379 4293 1409 4347 in
1436 4310 1575 4349 mettum
1602 4297 1708 4365 emitti,
1735 4299 1788 4349 aed

98 4383 208 4440 Christi.
243 4389 267 4440 t.
287 4383 406 4448 Quidam
430 4402 500 4441 novo
527 4385 668 4441 schemate
692 4385 766 4455 idem
783 4402 927 4457 argumen-
955 4385 1068 4454 aliquid
1103 4398 1136 4435 ce
1171 4381 1262 4446 omni,
1305 4383 1382 4450 qued
1423 4383 1592 4451 mumius,
1633 4384 1787 4454 explicante

98 4477 156 4526 tum
173 4469 307 4525 induuntt
324 4470 415 4526 Mtte
434 4478 475 4525 est
494 4472 556 4527 ella
571 4473 927 4541 cormeuei‘eats'ccerpors’s
955 4474 1075 4543 Lyrauo.
1703 4487 1705 4491 ·

97 4566 123 4611 ct
141 4558 287 4627 respuistis
305 4556 413 4610 Christi
431 4557 459 4611 iu
478 4575 580 4625 eoesau,
605 4577 689 4629 quem
714 4559 745 4611 ie
761 4558 926 4627 promissio-
992 4563 1048 4615 188.
1088 4560 1131 4610 111.
1157 4553 1256 4608 Orells
1282 4555 1464 4608 manducatio
1485 4553 1575 4624 plesse
1603 4564 1643 4609 cst
1669 4555 1786 4611 inutilis.
1800 4557 1921 4652 mdis

96 4644 176 4698 nilus
207 4643 352 4711 scamelli.
400 4646 488 4713 Atqui
513 4646 716 4714 promissiones
750 4645 927 4714 eoeepelioee
956 4646 1006 4699 Pii
1033 4645 1105 4698 emm
1129 4642 1195 4710 jam
1218 4648 1283 4694 ente
1311 4657 1414 4709 corpus
1439 4648 1465 4693 et
1491 4642 1654 4710 respuissent
1680 4641 1789 4695 Christi
1799 4663 1860 4704 „210

96 4731 195 4784 saum
224 4731 402 4799 specuum
432 4733 561 4799 eorpus«
594 4741 620 4786 u
649 4730 797 4800 eaquae
825 4730 930 4787 essse
955 4735 1010 4795 ess
1028 4729 1257 4800 telesperus,
1281 4727 1358 4795 quos
1380 4727 1421 4779 aa
1443 4727 1561 4781 seuseu
1584 4727 1645 4781 uie
1662 4715 1916 4808 msfisegfflqgt

96 4819 371 4873 communicationem
388 4819 452 4873 sole
464 4820 526 4884 fide
546 4821 748 4888 woepteuslem
756 4826 928 4890 proponunt.
954 4818 1050 4887 sirapiis
1079 4833 1144 4870 cero
1175 4813 1355 4868 meedswetio
1386 4813 1440 4866 s'lla
1470 4815 1512 4866 ed
1531 4813 1677 4882 judicium
1703 4815 1787 4875 cedit.

97 4907 177 4973 hisee
200 4922 257 4958 eeu
281 4914 321 4958 cst
344 4906 407 4959 elio
428 4904 643 4960 comminutio
666 4907 797 4976 corporis
820 4912 847 4959 et
865 4923 929 4959 sess-
955 4904 1178 4974 Respondemus:
1203 4904 1397 4971 argumentum
1421 4897 1458 4953 ab
1482 4899 1573 4954 inutili
1598 4899 1716 4970 petitum
1741 4916 1787 4955 ex·

95 4991 190 5058 puies's
210 4991 317 5045 Christi
333 4992 364 5044 ie
380 5006 484 5058 cosso,
511 5006 595 5059 quam
613 4991 775 5059 spititualis
791 4994 855 5046 sole
873 4994 929 5058 tide
955 4990 1098 5064 posuimus
1117 4988 1243 5058 superius
1264 4983 1291 5060 S.
1311 4991 1367 5040 108.
1387 4990 1581 5056 argumentum
1604 4985 1641 5040 ab
1667 4985 1788 5041 absurdo

96 5079 279 5147 oeesplessslo.
319 5076 374 5133 Sed
407 5079 517 5148 praeter
545 5073 756 5146 ambiguitatem
782 5079 811 5132 in
834 5077 929 5150 phrasi
955 5078 1044 5134 eidem
1065 5080 1217 5146 cognatum
1241 5071 1419 5142 exposuimus
1443 5069 1470 5146 S.
1490 5077 1531 5127 88.
1558 5071 1612 5126 boc
1638 5071 1699 5127 loco
1724 5072 1786 5128 bre·

96 5162 247 5233 spiritualis
268 5162 522 5219 communicationis
542 5161 669 5230 saperius
688 5163 842 5232 expositam
861 5164 930 5218 latet
955 5165 1026 5219 viter
1046 5177 1203 5217 monemus:
1232 5165 1254 5214 1.
1274 5157 1336 5212 Huc
1358 5156 1487 5215 methodo
1506 5163 1593 5213 totam
1612 5175 1708 5214 samaa
1724 5176 1786 5215 coe·

96 5249 179 5305 marn
208 5247 380 5318 ambiguitas
409 5249 438 5303 in
463 5246 550 5303 verbo
579 5248 726 5318 evangelii.
769 5249 880 5307 Etenim
906 5250 929 5304 si
956 5264 1008 5305 nae
1024 5247 1227 5302 institutionem
1244 5243 1376 5300 iacsslims
1397 5244 1483 5299 everti
1502 5260 1594 5314 posse.
1619 5244 1647 5299 Si
1662 5245 1733 5299 enim
1747 5244 1787 5316 pil

95 5353 145 5407 per
162 5335 341 5407 evangelium
358 5334 551 5406 intelliguntur
576 5333 770 5402 premiisioncs
789 5337 929 5408 cimgell-
956 5336 1018 5391 ideo
1035 5350 1091 5389 non
1108 5350 1179 5404 opus
1196 5331 1301 5386 hebent
1318 5329 1513 5384 sacramentali
1531 5330 1743 5386 manducatione
1759 5337 1788 5386 et

95 5437 145 5476 cae
161 5421 273 5492 proprie
290 5421 331 5474 sic
349 5421 454 5488 dictas,
483 5420 513 5472 in
538 5419 643 5486 quibus
659 5418 783 5475 remhsio
802 5431 929 5492 peecato-
956 5418 1104 5487 bibitione,
1130 5419 1196 5491 quia
1219 5415 1371 5487 spiritualis
1388 5414 1566 5472 manducatio
1585 5423 1614 5472 et
1633 5417 1731 5473 bibitio
1750 5416 1787 5471 ad

96 5525 170 5577 rum,
194 5506 319 5578 justins,
346 5506 468 5562 donatie-
486 5500 610 5571 Spin'tus
636 5504 738 5576 aucti,
753 5504 929 5566 innatum
956 5508 1073 5566 salutm
1091 5507 1158 5577 ipsis
1176 5503 1293 5572 suffiuit;
1316 5500 1506 5573 agehenna
1524 5503 1646 5560 instituit
1662 5503 1789 5561 Christus

1401 5606 1456 5667 tt*
