4004 6022
668 252 1011 318 numeniacum
1624 222 1681 330 lca

10 425 64 469 uec
90 406 191 477 fuisse,
222 406 296 484 quod
320 416 442 484 tempore
465 415 662 485 persecutionis
679 433 734 472 non
751 423 826 488 pote·
856 413 914 471 sine
932 416 1126 486 superstitione
1144 423 1172 473 et
1189 412 1249 474 sine
1266 412 1399 490 peculiari
1413 414 1680 479 cultuextreusum.

10 504 68 561 rant.
89 497 196 572 quodes
214 497 324 566 vellent,
343 499 380 553 ad
397 499 591 556 celebrandam
608 518 721 558 coenem
735 502 828 559 Domi·
855 501 932 558 Haec
955 502 990 557 D.
1018 502 1206 574 Chemnicius,
1236 521 1308 576 quae
1332 521 1368 561 ne
1391 504 1474 561 verbo
1491 505 1603 578 quidem
1619 504 1683 562 Bel·

10 581 89 641 ulcsm
115 585 271 641 convenire.
308 584 378 642 Cum
396 587 481 660 igitur
500 606 551 645 nec
569 589 672 662 ubique
689 607 740 646 uec
759 608 828 647 sem·
854 588 985 643 terminus
1003 590 1123 662 attingit.
1154 596 1178 647 8.
1195 589 1347 649 Concilium
1360 590 1554 648 'lhidentinum
1564 609 1629 649 sess.
1645 597 1684 649 13.

12 685 52 739 per
72 670 181 742 copiam
198 672 396 728 communionis
413 674 515 732 habere
533 683 659 748 possent,
684 693 719 732 ne
736 685 827 733 tamen
854 693 877 730 c.
904 681 929 732 d.
952 677 1177 732 consuetudinem
1200 677 1360 733 asservandi
1382 676 1575 733 eucharistiam
1591 679 1681 739 insa·

16 753 151 813 incidentes
171 759 295 830 periculo
322 760 415 832 aliquo
437 763 547 832 penitus
564 763 739 834 privarentur
755 749 828 818 com·
853 762 941 817 crario
962 762 1076 818 Nisseni
1093 762 1202 819 manilii
1220 764 1384 819 auctoritate
1401 763 1573 834 potissimum
1590 763 1683 820 deien-

19 843 138 913 nemone,
163 845 314 917 particulas
340 848 474 918 quasdam
496 848 525 903 in
544 856 625 906 coetu
642 849 828 905 ecclesiastico
853 848 902 905 dit.
946 847 980 903 Id
1005 847 1188 905 Bellarminns
1210 850 1250 904 sic
1272 850 1392 921 explicet
1410 867 1462 907 can
1483 858 1522 907 11.
1540 850 1621 920 (elias
1642 855 1682 908 ts.

20 937 124 1001 neptas
156 939 346 1002 murmane,
383 934 432 989 sed
461 940 558 1004 postea
580 935 738 1007 judicatum
766 935 826 1004 suit,
852 933 922 989 alies
943 937 1010 1003 20.):
1044 936 1128 989 anet
1145 939 1282 1005 synodus,
1304 944 1335 990 nt
1354 936 1384 990 s‘n
1403 938 1529 991 absentia
1541 939 1682 1007 preshyte-

21 1017 180 1072 oetissimum
208 1035 269 1074 esse
292 1020 491 1091 praescriptum
514 1020 693 1077 institutionis
717 1037 826 1077 servare
851 1037 947 1074 rcrrrm
979 1023 1095 1076 diaconi
1119 1023 1315 1077 eminentiam
1334 1025 1502 1094 peramant,-
1528 1025 1593 1094 jam
1616 1042 1681 1080 cero

20 1103 131 1175 etsequi.
166 1102 272 1160 Causas
292 1105 423 1176 publicae
443 1107 501 1163 sive
519 1108 724 1165 ecclesiasticae
739 1125 825 1164 asser
849 1106 910 1159 sins
923 1108 1092 1177 presbyteria
1109 1127 1165 1163 non
1176 1116 1271 1178 potest
1288 1109 1426 1165 celebrari
1439 1127 1535 1173 coena.
1554 1129 1603 1165 nea
1620 1112 1682 1165 dic·

19 1188 111 1245 trionis
137 1189 211 1245 idem
234 1191 408 1248 Chemnicius
432 1192 517 1250 hasce
534 1202 735 1251 commemorat.
770 1194 824 1251 Nc·
851 1194 929 1247 conis
955 1195 1024 1248 data
1043 1195 1103 1263 snat
1124 1195 1278 1250 auctoritas
1296 1197 1447 1266 offerendi,
1471 1214 1537 1266 erpo
1555 1197 1682 1251 erachari-

16 1273 97 1330 atiani
123 1277 342 1344 contendebant,
364 1280 455 1350 lapsos
475 1285 505 1336 et
520 1281 669 1353 praecipue
685 1282 715 1337 in
733 1298 824 1351 perse·
850 1279 906 1333 etia
932 1288 1075 1334 recentiam
1097 1282 1156 1346 fnit
1178 1281 1209 1335 in
1234 1282 1366 1346 secusia,
1389 1290 1419 1335 ut
1444 1283 1541 1352 paonis
1559 1292 1681 1355 tempore

13 1362 105 1419 nuans
135 1381 190 1420 non
220 1382 279 1421 esse
302 1365 474 1436 recipiendos
498 1372 527 1423 et
550 1368 586 1422 ad
607 1367 824 1424 communionem
851 1366 985 1420 distribui
995 1374 1102 1437 posset.
1139 1365 1209 1423 item
1227 1384 1287 1423 cau.
1309 1372 1354 1422 1³²
1387 1369 1521 1431 labetur.
1538 1379 1568 1424 ut
1586 1388 1681 1425 atcun-

11 1448 128 1505 ttolesiae
158 1449 357 1521 admittendos,
394 1452 501 1509 etiamsi
533 1455 730 1526 poenitentiam
760 1471 824 1527 age-
851 1440 919 1506 dam
940 1453 1085 1523 antiquam
1108 1454 1235 1524 rapulam
1259 1455 1289 1506 in
1316 1455 1414 1508 mortis
1437 1456 1559 1511 ανιιοιιιο
1578 1457 1684 1511 nemini

10 1542 64 1593 mc
107 1536 234 1593 Ecclesia
259 1554 324 1594 vero
348 1538 554 1610 poenitentibus
572 1558 629 1596 non
646 1541 768 1613 negabat
784 1558 825 1597 re·
851 1541 1035 1607 demparstm
1051 1558 1136 1595 sacra
1152 1542 1320 1611 communio,
1337 1541 1403 1610 jam
1421 1559 1485 1597 cero
1502 1545 1611 1612 aspecti
1626 1561 1682 1597 ncn

10 1622 214 1679 medecanam
243 1630 272 1680 et
297 1627 529 1689 communionem,
561 1626 610 1683 sed
637 1632 729 1683 tamen
748 1634 780 1683 ιιι
795 1628 825 1682 in
849 1633 999 1695 potuerant
1016 1628 1057 1680 ari
1074 1628 1219 1682 ecclesiam
1237 1629 1340 1698 venire,
1358 1644 1408 1683 nec
1419 1629 1514 1699 potnit
1532 1638 1590 1685 tcta
1608 1631 1681 1686 actio

10 1708 76 1779 ipsis
109 1714 278 1765 statueretur
309 1712 463 1782 exemplum
492 1713 633 1769 damnem
662 1713 781 1785 reliquos
807 1731 824 1768 a
849 1712 990 1792 petebrari
1013 1713 1044 1767 in
1063 1714 1197 1768 subiectae
1215 1716 1430 1786 aspectantium,
1450 1717 1621 1785 praesertim
1641 1733 1682 1771 se-

10 1790 74 1851 *asili
102 1802 218 1866 peccato
247 1803 333 1868 utque
363 1798 565 1868 exploraretur,
596 1816 632 1854 an
659 1817 726 1856 sera
754 1807 825 1856 essct
850 1800 972 1852 candnm
1003 1799 1161 1868 opinionem
1191 1801 1436 1871 adversariorum,
1472 1803 1521 1872 pat
1548 1805 1683 1858 damnant

10 1881 177 1951 molientis,
196 1881 343 1954 discipline
359 1885 487 1940 severiori
505 1886 548 1941 usi
564 1892 637 1942 sunt
672 1885 735 1942 Non
752 1887 824 1942 enim
850 1885 950 1939 musas
967 1887 1116 1957 privatas,
1145 1904 1211 1957 ergo
1235 1906 1344 1943 memes
1354 1889 1436 1957 sas't,
1462 1897 1492 1943 ut
1510 1890 1682 1945 eucharistia

10 1968 84 2024 atim
122 1968 160 2023 ad
193 1971 411 2027 communionem
440 1972 613 2029 admiserunt
644 1972 824 2044 poenitentes,
849 1981 1007 2026 servaretur
1029 1982 1192 2026 commata
1214 1991 1271 2044 pro
1291 1975 1423 2043 aspectis.
1459 1973 1682 2048 Respondemus:

10 2053 38 2111 td
66 2054 148 2126 prius
177 2071 227 2127 per
255 2064 361 2113 certum
389 2060 520 2130 temporis
551 2059 725 2115 intervallum
750 2067 825 2116 certa
851 2058 1164 2115 ConciliumNieaenum
1175 2058 1344 2115 celebratum
1356 2060 1410 2115 fuit
1422 2077 1494 2117 anno
1507 2060 1611 2118 Christi
1622 2068 1682 2120 325.

10 2140 140 2213 'sciplina
175 2143 331 2214 probabant
360 2145 482 2215 ipsorum
519 2146 726 2218 poenitentiam.
780 2145 823 2201 Ne
851 2145 973 2200 seculum
998 2143 1085 2216 igitur
1111 2144 1251 2202 Nicaenee
1277 2146 1376 2218 synodi
1397 2162 1453 2202 non
1471 2154 1513 2203 eet
1530 2149 1683 2205 vetustissi·
1808 2156 1815 2177 ²

10 2244 83 2283 men
101 2228 249 2300 quisquam
267 2229 467 2300 poenitentium
487 2237 610 2303 ternpore
628 2232 676 2287 illo
692 2232 824 2287 canonico
850 2248 925 2286 mum
947 2237 1055 2301 tempus
1082 2231 1221 2287 ecclesiae
1260 2232 1408 2288 Praeterea
1426 2233 1473 2305 qui
1492 2240 1520 2289 et
1540 2239 1610 2306 quot
1626 2235 1684 2290 sint
1776 2230 1782 2244 ⁸

10 2313 114 2369 sadum
138 2314 247 2386 expleto
272 2315 332 2371 sine
350 2316 572 2373 reconciliatione
590 2325 617 2375 et
634 2317 824 2373 communione
849 2318 889 2371 illi
912 2333 1044 2381 canones,
1073 2334 1142 2390 quos
1166 2325 1260 2389 patres
1282 2318 1357 2373 illius
1379 2319 1489 2375 concilii
1509 2327 1619 2391 praeter
1636 2339 1680 2377 ex·

10 2399 155 2469 caederet,
174 2407 308 2456 statutum
326 2401 392 2470 fuit,
420 2404 498 2458 utin
516 2404 639 2474 periculo
657 2404 823 2475 mortispri-
850 2403 1012 2474 positionem
1044 2400 1109 2457 lidei
1144 2403 1303 2472 ediderunt,
1332 2404 1414 2461 valde
1442 2403 1588 2477 ambiguae
1616 2413 1681 2461 sunt

10 2494 55 2543 sta
79 2487 254 2544 absolutione
278 2495 306 2544 et
326 2491 517 2546 communione
535 2490 778 2546 reconciliarentur
798 2498 825 2546 et
851 2488 999 2559 opiniones.
1038 2486 1187 2543 Gratianus
1207 2488 1327 2544 distinm
1350 2495 1388 2547 16.
1408 2499 1535 2546 numerat
1554 2498 1680 2549 tdcanc
1694 2502 1719 2544 a
1731 2502 1777 2545 su.

10 2591 18 2628 ι
43 2573 267 2630 communionem
288 2575 421 2632 ecclesiae
445 2576 647 2648 reciperentur,
669 2583 755 2648 utque
783 2594 824 2632 re·
852 2592 914 2638 nes,
937 2591 969 2629 ex
992 2573 1093 2646 quibus
1111 2580 1219 2630 tantum
1240 2581 1272 2630 ³0
1290 2583 1388 2646 postea
1404 2576 1433 2632 in
1451 2575 1576 2633 Romana
1594 2579 1680 2634 eccle-

10 2659 84 2731 eptio
108 2658 158 2715 illa
180 2666 210 2738 et
226 2661 394 2732 communio,
421 2661 487 2718 licet
506 2662 585 2718 fieret
602 2662 744 2735 privatim,
772 2678 826 2717 non
852 2662 894 2717 sia
922 2660 1011 2715 relicti
1038 2667 1109 2716 sunt
1155 2659 1347 2717 Theodorstus
1375 2661 1421 2717 lib.
1456 2669 1477 2719 1.
1506 2662 1681 2720 historiarum

10 2761 88 2800 oram
105 2751 166 2801 tota
184 2746 316 2817 ecclesie,
334 2754 427 2803 tamen
444 2749 629 2804 testimonium
648 2756 720 2805 esset
736 2748 826 2821 publi·
853 2748 949 2804 eccles.
977 2764 1001 2803 c.
1028 2752 1051 2804 8.
1076 2747 1174 2820 viginti
1201 2766 1319 2805 omenes
1344 2749 1471 2820 agnoscit
1496 2751 1532 2807 de
1554 2751 1681 2808 ecclesia·

10 2847 45 2887 se
69 2832 233 2904 receptionis
258 2839 286 2888 et
305 2834 478 2890 admissionis
497 2836 533 2889 ad
550 2835 769 2891 communionem
788 2841 826 2889 to·
853 2837 922 2892 stica
946 2834 1112 2905 disciplina,
1138 2852 1193 2892 non
1218 2837 1320 2908 plures.
1361 2837 1399 2891 Et
1420 2837 1604 2893 Bellerminus
1622 2839 1683 2910 ipse

9 2915 51 2972 ius
67 2934 149 2973 serae
169 2918 317 2988 ecclesiae,
342 2920 405 2976 ideo
424 2920 459 2976 de
478 2921 525 2976 illo
544 2922 604 2994 ipso
621 2939 707 2992 pane,
733 2921 781 2994 qui
798 2920 827 2975 in
853 2924 957 2979 fatetm
982 2922 1034 2976 hcc
1055 2921 1132 2986 loco,
1157 2921 1233 2976 illam
1254 2928 1361 2994 partem
1381 2923 1495 2979 canonis
1512 2940 1569 2979 non
1586 2923 1684 2980 haberi

10 3010 76 3061 cetu
98 3005 230 3061 saleim
255 3005 417 3062 benedictus
435 3013 511 3078 erat,
533 3025 567 3063 ex
581 3026 636 3080 quo
654 3008 753 3079 reliqui
771 3025 827 3064 cre
853 3011 882 3065 in
904 3009 1031 3066 omnihus
1059 3008 1235 3064 editionibus.
1276 3009 1320 3064 De
1343 3009 1391 3065 illo
1415 3026 1481 3066 vero
1499 3027 1618 3081 omens,
1650 3027 1684 3064 ex

10 3087 93 3147 lentes
113 3091 328 3162 participarent,
354 3093 519 3164 particulam
544 3094 665 3149 dandam
687 3111 747 3150 esse
766 3112 827 3151 cen·
854 3115 908 3170 quc
926 3096 1138 3153 resurretionem
1156 3095 1273 3165 probare
1290 3101 1433 3165 conantur,
1451 3113 1494 3153 res
1508 3102 1683 3152 neumatum

10 3183 119 3247 neunt,
131 3183 206 3234 uteo
218 3179 307 3233 minus
321 3179 480 3235 dubitarent
490 3179 569 3251 lapsi,
580 3197 611 3236 se
623 3180 708 3251 recipi
717 3180 745 3235 in
755 3198 827 3237 com·
854 3184 951 3253 dubie,
974 3184 1024 3239 sed
1041 3183 1123 3238 etiam
1140 3189 1271 3253 suspecte
1287 3188 1337 3237 est.
1373 3181 1514 3237 Posterior
1531 3181 1603 3237 enim
1622 3199 1683 3237 sen-

10 3263 154 3321 uunionem
171 3266 281 3336 mystici
301 3265 434 3336 corporis,
456 3285 526 3320 unere
544 3267 615 3320 enim
629 3269 727 3335 panis,
744 3286 826 3322 unam
854 3270 940 3326 tenda
967 3269 1094 3324 alludens
1123 3267 1161 3321 ad
1187 3267 1411 3331 reservationem,
1442 3272 1475 3322 ut
1500 3266 1606 3323 scilicet
1628 3267 1682 3338 ipsi

10 3365 98 3421 carpas
122 3352 203 3407 matti
226 3370 334 3419 samua,
361 3353 428 3421 prtia
452 3355 487 3405 de
510 3371 565 3408 nnc
579 3370 657 3422 pane
670 3354 827 3424 particeps·
855 3356 963 3412 diaconi
1000 3355 1030 3410 in
1062 3353 1188 3409 absentis
1226 3352 1450 3424 presbyterorum
1483 3353 1625 3424 proferant
1654 3359 1683 3408 et

10 3454 71 3506 aas,
99 3443 120 3493 1.
139 3435 200 3492 Cor.
221 3443 264 3500 10,
290 3454 315 3490 v.
338 3443 377 3493 11.
416 3436 555 3510 Cumque,
584 3437 655 3493 sicut
672 3438 827 3510 Cyprianus
854 3442 952 3512 edent,
982 3441 1010 3496 in
1040 3456 1144 3496 canone
1165 3439 1213 3494 illo
1239 3455 1289 3495 nec
1309 3440 1416 3495 Graece
1439 3438 1553 3510 legitur,
1580 3457 1632 3494 nec
1653 3439 1682 3494 in

10 3523 123 3592 inuitur
145 3523 192 3579 lib.
219 3528 242 3579 3.
266 3523 345 3593 epist.
370 3529 409 3578 11.
430 3524 586 3579 sacerdotes
605 3524 719 3595 quidam
736 3525 826 3596 lapsos
854 3528 972 3584 decretis
992 3529 1055 3584 diet.
1075 3533 1115 3584 93.
1136 3543 1160 3583 c.
1178 3526 1317 3598 pervenit,
1339 3542 1390 3580 nec
1409 3525 1439 3580 in
1455 3525 1540 3596 priori
1561 3525 1682 3581 editione

10 3608 127 3678 privatim
152 3607 211 3664 sine
235 3608 356 3680 episcopi
379 3615 407 3664 et
429 3609 561 3665 ccclesiae
585 3627 720 3665 consensu
737 3611 827 3666 absol·
853 3613 1048 3684 sanctiorum,
1065 3613 1115 3668 sed
1132 3612 1254 3668 secunde
1272 3611 1365 3681 editio,
1383 3611 1456 3666 sicut
1475 3626 1508 3666 ex
1522 3627 1627 3667 canone
1642 3617 1681 3668 lt.

10 3703 91 3751 terent
115 3702 144 3749 et
169 3695 418 3764 communicarent,
448 3695 537 3767 magis
561 3696 667 3766 placuit
690 3697 736 3751 hie
760 3715 827 3766 mos,
853 3700 919 3757 facit
933 3706 972 3769 18,
991 3699 1126 3756 itaetiam
1138 3697 1237 3753 alludit
1251 3697 1465 3753 adsententiam
1479 3697 1564 3755 illam.
1595 3696 1681 3768 Apud

10 3781 85 3836 rtad
109 3780 326 3837 communionem
350 3782 548 3852 poenitentium
568 3782 597 3838 in
614 3784 737 3853 periculo
756 3802 825 3839 mor·
853 3786 995 3842 Ruffinum
1021 3783 1069 3840 lib.
1095 3791 1116 3840 1.
1142 3801 1165 3838 c.
1195 3789 1219 3839 6.
1242 3783 1346 3855 legitur
1370 3784 1399 3838 in
1421 3784 1471 3839 illo
1494 3800 1600 3840 canone
1617 3782 1682 3838 talis

10 3868 32 3923 ia
54 3874 255 3938 usurparentur
279 3867 431 3938 particulae
457 3868 536 3937 illae,
562 3886 595 3924 ex
618 3869 719 3941 quibus
745 3877 827 3926 antea
853 3873 990 3945 quaedam
1012 3869 1132 3939 additio,
1157 3869 1207 3926 sed
1226 3887 1282 3926 non
1298 3888 1331 3927 ec
1350 3871 1444 3940 modo,
1466 3871 1539 3926 sicut
1554 3871 1583 3925 in
1600 3870 1681 3924 tomis

10 3952 112 4011 missia
142 3955 172 4011 in
203 3963 285 4009 coetu
314 3956 542 4024 communicarat,
575 3961 607 4010 ut
630 3955 670 4011 ita
695 3954 827 4021 infirmus,
852 3958 1040 4014 conciliorum.
1083 3955 1161 4013 Nihil
1179 3958 1251 4013 enim
1266 3958 1351 4014 habet
1369 3958 1405 4013 dc
1421 3956 1585 4029 proferendo
1603 3956 1683 4028 quasi

10 4042 61 4099 icet
77 4042 107 4098 iu
125 4042 187 4097 loco
202 4041 312 4113 privato
332 4042 423 4097 asolo
441 4041 616 4113 presbytero,
634 4049 726 4098 umen
747 4045 826 4115 quasi
852 4050 1021 4102 reservatum
1053 4041 1150 4108 buerit,
1178 4043 1227 4098 sed
1253 4042 1414 4115 simpliciter
1437 4043 1521 4100 dicit:
1557 4044 1684 4097 Diaccnt

10 4127 107 4184 ubliee
125 4126 264 4184 communi
282 4128 439 4183 testimonio
456 4145 474 4182 a
491 4134 551 4183 tcta
569 4128 685 4184 ecclesis
702 4130 739 4184 ad
752 4147 825 4185 com·
848 4132 1045 4202 prementibus
1065 4130 1238 4200 presbyteris
1257 4130 1454 4184 eukaristiam
1471 4147 1527 4184 non
1544 4130 1684 4199 dividant,

10 4213 153 4271 tunionem
179 4214 266 4285 recipi
288 4213 468 4284 judicaretur.
513 4216 583 4270 Item
609 4232 672 4270 curn
698 4214 825 4272 haereses
852 4221 903 4273 sed
939 4218 999 4272 iilis
1035 4217 1180 4285 apsntibus
1214 4217 1304 4270 solnm
1338 4218 1501 4271 ministrent.
1555 4216 1590 4271 Si
1617 4234 1684 4270 cero

10 4310 21 4358 t
40 4300 179 4357 maiman
196 4299 271 4355 varie
289 4300 434 4356 turbarent
451 4301 610 4368 ecclesiam,
637 4302 677 4356 ita
693 4309 726 4357 ut
743 4320 824 4373 pecu·
848 4305 994 4374 presbytes·
1011 4303 1106 4356 nullm
1122 4304 1159 4355 sit
1177 4302 1207 4354 in
1221 4303 1457 4371 praesentiscere
1476 4304 1585 4356 demum
1599 4302 1686 4356 stiam

10 4400 77 4445 ares
95 4402 159 4442 suos
176 4393 271 4443 coetus
288 4392 427 4458 cogerent,
445 4386 493 4441 ubi
509 4387 727 4443 communionem
747 4407 825 4445 suam
851 4391 922 4459 ipris
948 4391 1035 4445 licere
1062 4389 1197 4442 dividere.
1244 4387 1315 4443 Cum
1341 4404 1407 4461 ergo
1429 4387 1463 4444 de
1480 4389 1616 4446 sententia
1632 4387 1682 4442 illa

10 4472 188 4542 elehrabant,
213 4472 358 4542 haeretiei,
385 4479 417 4528 ut
441 4474 562 4529 ostendit
583 4473 703 4546 Tripart.
728 4476 775 4532 lib.
800 4482 824 4533 3.
852 4476 965 4533 canonis
983 4474 1124 4530 alludente
1142 4473 1178 4528 ad
1192 4473 1404 4529 reservationem
1421 4491 1465 4530 res
1485 4475 1524 4530 sic
1540 4474 1682 4530 sehabeat

10 4604 16 4616 .
39 4566 82 4617 11.
98 4577 134 4617 ne
150 4559 237 4632 igitur
254 4558 353 4614 infirmi
372 4559 512 4614 haeretica
529 4561 718 4617 communione
735 4580 825 4618 macu·
851 4568 880 4617 et
904 4562 932 4616 in
961 4568 1039 4617 sexta
1063 4557 1275 4630 Carthaginensi
1303 4559 1411 4631 synodo
1433 4560 1552 4617 convicti
1578 4559 1682 4615 fuerint

10 4653 133 4715 nentur,
161 4653 246 4719 utque
270 4645 394 4701 morituri
418 4646 609 4717 disjungerent
633 4664 663 4702 se
686 4648 722 4704 ab
740 4647 824 4705 omni·
850 4648 968 4705 Romani
987 4648 1022 4703 de
1038 4647 1145 4703 falsatis
1158 4645 1309 4702 canonibus
1320 4645 1459 4715 Nicaenie,
1478 4663 1596 4719 cumque
1606 4661 1682 4700 assu·

10 4750 49 4787 us
73 4728 220 4788 haereticis
239 4738 462 4799 attestarentur,
488 4748 517 4786 se
535 4749 594 4789 esse
612 4739 640 4789 ot
652 4751 827 4805 perseverare
852 4744 973 4792 mentum
999 4733 1068 4789 illud
1094 4749 1150 4788 non
1178 4734 1213 4789 de
1239 4732 1497 4804 cimumgcscaticne
1518 4739 1546 4788 et
1563 4736 1681 4787 ostenta·

10 4818 69 4875 elle
99 4818 128 4872 in
158 4819 349 4873 communione
378 4835 460 4873 verae
490 4818 636 4887 ecclesiam
663 4821 769 4891 placuit
794 4840 827 4878 ex
852 4820 942 4884 tione,
973 4819 1023 4875 sed
1052 4819 1087 4874 de
1114 4818 1307 4875 distributione
1331 4819 1475 4891 loquatur,
1505 4817 1682 4873 manifestum

10 4904 44 4962 bo
74 4906 136 4977 ipsc
159 4921 232 4976 pane
256 4909 285 4959 et
312 4904 392 4972 vino,
426 4904 506 4974 cujus
532 4912 638 4975 partem
663 4909 781 4964 ecelesia
799 4910 826 4964 in
854 4914 908 4972 est,
935 4906 1025 4978 qualis
1046 4909 1083 4960 sit
1098 4905 1167 4962 haec
1184 4905 1321 4975 probatio.
1355 4905 1501 4961 Monuerat
1519 4904 1623 4959 isthaec
1642 4910 1683 4958 to·

10 4986 108 5048 tablino
144 4997 224 5046 coetu
258 4996 409 5058 sumserat,
448 4992 666 5048 communionem
695 4996 827 5066 praehere
854 4995 939 5049 tidem
957 4991 1049 5048 verbis
1069 4991 1104 5047 D.
1125 4990 1315 5061 Chemnicius,
1341 4992 1391 5048 sed
1409 4990 1591 5046 Bellerminus
1609 4989 1683 5044 sicco

10 5076 225 5152 egrotantibus,
249 5083 335 5148 utque
361 5077 415 5132 illis
440 5076 537 5132 diebus
558 5084 586 5134 et
604 5078 691 5150 horis,
718 5083 828 5154 quando
854 5080 926 5151 pede
949 5095 983 5133 ee
1004 5077 1149 5149 praeterit,
1172 5082 1280 5133 tantum
1300 5076 1381 5145 dicit,
1404 5077 1476 5131 inne
1493 5094 1627 5131 canonem
1641 5094 1684 5131 sa·

10 5162 110 5221 iubhee
139 5163 169 5218 in
197 5164 316 5219 ecclesia
349 5181 404 5218 non
434 5162 618 5221 celebraretur
647 5167 827 5221 ministerium
853 5175 929 5221 stare
959 5167 1038 5234 apud
1066 5165 1229 5230 Ruspinam,
1256 5164 1307 5234 cni
1327 5171 1394 5218 testa
1421 5162 1529 5233 Oprittc
1553 5163 1584 5216 in
1604 5163 1683 5233 epist.
1778 5237 1781 5242 ι

10 5250 195 5318 ueheristiae,
222 5251 345 5305 succurri
372 5260 466 5322 posset
491 5250 558 5321 illis,
585 5250 632 5323 qui
656 5251 684 5309 iu
704 5252 827 5323 periculo
853 5255 894 5308 acl
912 5270 986 5307 conc.
1007 5250 1101 5307 Carth.
1118 5266 1198 5304 ceros
1218 5257 1243 5302 et
1259 5250 1429 5305 animaene
1445 5265 1565 5304 canones
1575 5249 1685 5308 imeae

10 5335 91 5395 nortis
112 5344 301 5406 versarentur,
326 5336 430 5409 aliquid
448 5338 579 5392 reservari
598 5337 702 5408 placuit
718 5339 753 5394 ab
772 5356 827 5394 uno
853 5339 949 5400 Canon
970 5344 1010 5394 13.
1027 5336 1129 5392 nullius
1149 5335 1232 5408 plane
1248 5336 1441 5392 reservationis
1460 5335 1626 5391 mentionem
1642 5335 1683 5393 tr-

10 5424 44 5483 tte
78 5423 211 5499 publicae
240 5423 432 5479 celebrationis
463 5423 644 5481 eucharistiae
674 5442 761 5496 usque
791 5426 826 5480 sd
851 5427 898 5481 cit
932 5425 1047 5480 Nemini
1059 5424 1262 5495 poenitentium
1279 5424 1309 5476 in
1325 5424 1422 5478 moras
1438 5422 1684 5479 articulosacram

10 5510 119 5568 nonime
136 5519 314 5583 sequentem,
339 5527 409 5580 quae
430 5511 577 5566 reservatio
595 5510 649 5566 fuit
666 5510 826 5581 simpliciter
853 5513 1070 5567 cmnmnnicnem
1103 5508 1296 5578 denepcndcm
1327 5526 1385 5564 esse
1413 5508 1559 5575 statuitur,
1593 5527 1626 5564 ex
1652 5527 1683 5569 ec

55 5605 158 5653 Μ
170 5603 220 5647 lesi.
238 5605 262 5645 ι.
1323 5618 1353 5674 13
