4004 6022
838 205 891 264 DE
907 202 1100 263 limiam.
1757 214 1819 276 237

127 377 242 437 regnunt
259 359 363 419 Christi
385 377 436 433 per
460 360 643 418 amomum
659 360 797 433 evangelii
812 359 955 432 praedica·
984 358 1041 415 siae
1058 360 1154 417 divim
1170 361 1263 434 gratia
1278 361 1428 418 conlatu.
1455 361 1528 417 λο61.
1542 367 1604 429 av.
1616 367 1655 418 15.
1666 369 1818 435 usurpatrr
1831 362 1943 443 Ηξξξ

126 450 226 508 donem
259 448 287 502 in
315 464 409 502 omnes
438 452 536 519 gentes
557 452 728 518 propagatur
754 463 788 503 ac
816 446 957 501 dilatann.
982 462 1035 500 vox
1053 446 1177 523 15:132„
1195 451 1298 515 coetus,
1308 446 1441 510 collectio,
1459 463 1544 517 quam
1557 445 1638 502 LXX
1652 448 1816 519 interpretes

125 541 149 592 ί.
168 532 311 591 Ecclesiae
335 531 485 603 appellatio
508 530 592 588 ctiam
615 533 679 588 ideo
698 531 899 604 significantior
916 535 958 586 est
983 530 1817 607 ibidemreddunttspmvetar,Symmaehusoisodor,Aqulla

124 627 152 676 et
170 618 319 683 illustrior,
343 617 410 690 quia
432 618 625 691 complectitur
643 625 792 691 utrumque
810 616 958 673 terminum
983 615 1090 687 ἡμίρον
1109 620 1252 689 συλλογῆς,
1268 617 1337 673 alibi
1354 622 1497 674 verterunt
1513 617 1673 691 πανήγυριν
1690 619 1778 675 Αλουσα
1792 627 1817 690 t,

123 724 141 762 a
158 723 214 778 quo
234 711 264 760 at
279 705 317 760 ad
329 721 411 775 quem
425 721 458 759 ac
470 704 588 759 includit
599 709 696 772 κλῆσιν
707 704 765 759 sive
776 703 957 766 vocatiouem,
982 719 1009 759 v.
1028 709 1069 759 21.
1088 720 1106 757 a
1123 704 1181 758 rad.
1199 704 1275 780 Ἓξ,
1293 703 1457 775 praevaluit,
1473 703 1602 772 detinuit,
1612 704 1752 777 siguificat
1764 705 1816 779 lgi-

122 807 178 864 qua
201 789 289 845 veluti
316 789 410 844 diviua
432 789 553 860 quadam
577 789 647 845 tuba
664 789 787 845 homines
804 805 839 843 ex
854 788 958 843 mundo
983 793 1029 842 tur
1051 788 1164 862 ³722,
1191 788 1379 845 collectionem
1405 788 1546 845 bominum
1563 789 1593 844 in
1613 807 1698 846 unum
1716 791 1816 857 locum,

123 877 151 931 in
176 874 310 932 eccleciae
333 874 500 930 consortium
519 880 684 942 evocantur,
713 891 777 929 cum
796 889 958 945 synagogae
984 872 1213 946 ubi‘uiqumdiu
1232 874 1404 938 detinentur,
1429 891 1463 929 ac
1482 873 1571 946 magis
1590 876 1719 931 convenit
1735 878 1816 932 statis

122 977 223 1017 nomen
241 959 376 1014 duntaxat
395 958 543 1014 terminum
562 960 599 1015 ad
621 976 703 1031 quem
720 959 958 1030 complectaturet
983 975 1016 1014 ac
1040 959 1254 1030 particularibus
1274 958 1456 1014 conventibus
1476 976 1560 1035 quam
1578 961 1663 1016 totius
1682 961 1816 1019 ecclesiae

124 1045 367 1118 congregationem
399 1043 545 1116 significet.
595 1050 620 1100 6.
645 1045 713 1116 Ipsa
741 1044 874 1100 ecclesiae
900 1043 958 1099 sive
983 1044 1202 1117 congregationi.
1221 1049 1246 1100 2.
1254 1044 1376 1115 Bag-10,
1388 1049 1462 1099 att).
1481 1043 1689 1101 LXXvertnnt
1703 1048 1816 1119 ίερείαν,

123 1130 290 1190 evocationis
309 1130 461 1202 appellatio
480 1131 612 1185 admonet
631 1146 682 1186 nos
699 1130 735 1185 de
752 1131 887 1187 immensa
903 1127 958 1184 Dei
983 1131 1028 1186 cui
1053 1131 1202 1203 respondet
1227 1129 1393 1185 vocabulum
1418 1131 1633 1202 πρεσβυτήριον,
1667 1131 1816 1206 collegium

124 1218 262 1286 bonitate,
281 1233 337 1288 qua
353 1216 439 1272 nullis
456 1215 560 1272 meritis
578 1215 812 1272 intercedentibus
830 1232 864 1271 er
881 1215 956 1270 dem·
983 1217 1131 1287 seniorum,
1149 1222 1261 1272 senatus
1278 1215 1480 1273 ecclesiasticus
1500 1224 1522 1274 1.
1538 1217 1611 1274 Tim.
1630 1224 1660 1286 ί,
1679 1236 1705 1273 v.
1727 1225 1766 1276 11.
1785 1220 1816 1275 in

124 1309 190 1359 nato
208 1317 311 1375 genere
327 1302 448 1357 humano
464 1318 514 1372 pet
530 1301 764 1372 praedicationem
781 1302 859 1357 verbi
870 1300 957 1356 bomi-
983 1320 1040 1375 qua
1068 1302 1271 1375 significatione
1297 1319 1351 1357 vox
1383 1301 1526 1369 ἐκκλησίας
1550 1304 1678 1375 usurpari
1706 1304 1816 1362 videtur

47 1396 110 1440 rae
124 1406 172 1445 nes
190 1393 342 1445 evocantur
359 1386 395 1442 ad
412 1387 580 1442 consortium
597 1387 739 1451 ecclesiae,
758 1387 788 1442 in
799 1403 863 1458 qua,
880 1388 957 1443 velut
983 1389 1083 1446 Matth.
1103 1395 1142 1458 19,
1160 1406 1188 1448 v.
1201 1394 1248 1444 11:
1268 1388 1304 1442 Si
1313 1404 1369 1441 aaa
1381 1389 1507 1442 αυᾱίανίι
1518 1388 1593 1454 illos,
1613 1390 1661 1443 dic
1673 1391 1814 1446 meterius.

121 1493 186 1533 arca
211 1474 354 1543 Noaitica,
379 1489 397 1527 a
418 1472 523 1528 diluvio
546 1472 604 1527 irae
623 1472 733 1528 divinae
753 1478 956 1528 conserventur.
982 1474 1037 1531 Sed
1048 1491 1115 1530 ·vox
1138 1459 1207 1548 Βηῐζ
1230 1473 1370 1546 gmmalis
1390 1477 1432 1528 est
1448 1473 1535 1528 totius
1552 1473 1737 1529 multitudinis
1753 1475 1814 1531 uni-

121 1559 359 1628 Quemadmodum
377 1558 450 1614 enim
467 1557 581 1629 quidam
600 1563 750 1613 evocantur
766 1574 782 1613 e
800 1557 881 1613 domo
892 1575 956 1612 mox
981 1560 1115 1616 cerealem
1138 1559 1383 1632 congregationem
1406 1556 1567 1629 significans
1591 1559 1652 1614 siue
1673 1560 1814 1631 temporis,

121 1646 278 1716 collapsura
301 1644 347 1698 vel
371 1643 499 1700 incendio
519 1643 654 1714 peritura,
679 1660 714 1699 ne
739 1659 796 1698 una
812 1659 876 1698 cum
892 1642 954 1699 reli·
981 1647 1034 1702 loci
1065 1664 1098 1703 ac
1128 1663 1307 1718 personarum
1338 1644 1574 1702 determinatione.
1616 1644 1814 1702 Germanicam

121 1731 183 1803 quia
200 1730 352 1792 intereant;
372 1728 412 1783 ita
432 1727 509 1784 Deus
528 1744 562 1782 ex
582 1727 702 1782 humano
720 1744 822 1799 genere
841 1733 955 1799 propter
980 1733 1067 1803 tltrdir
1094 1733 1205 1788 videtur
1237 1731 1405 1788 descendere
1434 1731 1471 1785 ab
1495 1730 1681 1803 appellatore
1704 1731 1902 1791 Graecarum.

120 1822 266 1888 peccatum
284 1815 394 1886 perdito
413 1818 442 1869 et
459 1813 590 1868 damnato
606 1812 704 1870 fideles
722 1820 827 1884 evocat,
844 1830 952 1869 necum
980 1818 1103 1891 κυριακή.
1138 1818 1211 1885 Quia
1235 1818 1308 1874 enim
1328 1816 1446 1873 ecclesia
1462 1816 1564 1871 dicitur
1580 1822 1677 1888 κυρίου
1696 1823 1725 1873 et
1740 1838 1813 1890 κυηο·

120 1901 273 1958 idololatris
293 1908 321 1956 et
342 1901 433 1971 impiis
453 1906 566 1956 aeterno
584 1900 668 1955 exitio
685 1907 816 1956 maneant
833 1900 953 1956 obnoxii.
979 1904 1043 1974 ακη,
1068 1909 1100 1959 ut
1117 1903 1266 1976 apparebit
1281 1908 1394 1974 postea,
1414 1902 1477 1958 ideo
1496 1901 1629 1959 Germani
1646 1916 1727 1960 suunt
1744 1904 1815 1960 illud

118 1987 194 2059 Typi
218 1987 301 2058 hujus
327 1986 493 2042 evocationis
516 1991 582 2040 sunt
606 1985 668 2040 Noa
691 2001 753 2040 cum
774 1984 880 2040 familia
902 2002 953 2041 sua
978 2007 1078 2047 nomen
1094 1988 1160 2044 inde
1178 1989 1308 2046 videntur
1327 1986 1464 2042 sumsisse.

119 2074 149 2129 in
166 2089 260 2128 arcam
274 2072 367 2127 divino
379 2071 510 2126 mandato
523 2087 540 2125 a
557 2086 587 2125 se
599 2076 764 2126 exstructam
776 2070 884 2142 ingredi
892 2072 951 2140 jus-

119 2177 166 2213 sus
190 2157 291 2215 Genea.
314 2163 343 2226 6,
370 2174 395 2213 v.
416 2162 454 2212 19.
482 2155 659 2210 Abrahamua
684 2173 717 2212 ex
736 2162 810 2212 terra
827 2174 891 2224 aua,
917 2173 951 2211 er
1291 2196 1499 2207 .-........

118 2244 284 2317 cognatione
311 2258 374 2311 sua,
404 2258 437 2296 er
465 2241 547 2295 domo
576 2239 662 2311 patris
683 2241 726 2295 sui
745 2241 840 2313 egredi
856 2244 951 2311 jussus

119 2329 219 2386 ⁶0¹1*
240 2334 324 2392 12,v.
346 2333 367 2383 ¹¹
387 2332 439 2382 ⁰t0·
1256 2344 1324 2406 CA
1341 2344 1366 2406 P
1384 2345 1455 2406 UT
1488 2345 1538 2405 11.
1824 2360 1860 2402 xa
1873 2360 1893 2403 r.

11 2427 48 2466 siu
154 2423 179 2474 λ,
200 2413 322 2470 Hebraei
343 2414 398 2469 duo
417 2413 589 2483 potissimum
610 2411 715 2468 habeut
732 2413 875 2479 vocabula,
891 2412 950 2482 qui·

10 2491 59 2567 epp
119 2500 322 2557 busoeeluiae
340 2505 450 2555 coetum
468 2483 697 2570 amoenata-112
719 2493 750 2546 et
771 2498 847 2571 ³9³3.-
884 2484 951 2570 5²92
1027 2501 1093 2567 Du
1127 2500 1391 2568 VOCABULI
1420 2495 1760 2567 ὉΜΩΝΥΜΙΑι.

10 2575 147 2650 lfl'lllet
168 2605 219 2658 per
241 2584 407 2641 metathesin
430 2567 535 2657 Πῐξῃξ
558 2585 594 2651 (1.
614 2582 688 2639 Sam.
717 2587 760 2647 19,
776 2587 809 2650 tv.
834 2585 887 2650 26.)
909 2590 951 2637 est

10 2649 77 2740 3:⁰⁸
119 2671 305 2746 congregatio,
324 2677 419 2725 coetus
438 2676 466 2724 et
483 2651 609 2725 collectio
626 2668 869 2724 hominumarad.
883 2653 952 2740 llll),
1012 2678 1036 2728 8.
1071 2669 1198 2726 Ecclesia
1217 2671 1246 2724 in
1262 2686 1363 2742 genere
1381 2670 1520 2742 significat
1538 2673 1648 2726 coetum
1659 2675 1688 2724 et
1699 2686 1812 2742 congre
1821 2678 1931 2749 ’amp

119 2757 307 2832 congregavit,
315 2755 435 2827 collegit.
453 2755 536 2810 LXX
542 2754 706 2825 interpretes
714 2754 951 2810 indiscriminatim
977 2758 1132 2831 gedorem,
1157 2756 1232 2811 unde
1250 2757 1383 2812 tribuitur
1400 2755 1520 2828 politicis
1536 2773 1569 2811 ac
1586 2755 1711 2827 profanis
1727 2757 1812 2813 coati-
1824 2755 1887 2811 σίας

119 2851 261 2901 rer-terunt
277 2861 328 2914 per
345 2842 511 2913 συναγωγήν
525 2847 553 2896 et
566 2843 719 2906 ίκκλησίαν,
737 2841 848 2911 saepius
859 2845 951 2896 tamen
977 2845 1047 2908 bus,
1085 2843 1227 2914 Aristoph.
1263 2844 1301 2912 μὴ
1337 2850 1431 2898 ποιεῖν
1460 2843 1607 2910 ἐκκλησίαν
1631 2848 1689 2904 τοῖς
1718 2823 1939 2917 Θρᾳξίζοξηῧω

119 2949 168 3004 per
187 2930 341 2997 ἐκκλησίαν.
366 2928 580 2998 Exod.11‚v.t.
599 2932 623 2982 2.
635 2925 726 2981 Perat
746 2931 787 2994 31,
805 2944 831 2983 v.
849 2932 888 2982 18.
902 2943 953 2996 per
977 2930 1105 3001 Thucyd.
1132 2932 1276 3000 συλλέγειν
1300 2931 1453 2997 ἐκκλησίαν.
1488 2930 1523 2984 Ιο
1539 2930 1593 2984 bac
1610 2924 1926 3016 signtfimtionegsslst·

120 3019 148 3074 ιὸ
167 3019 286 3087 πλῆθος,
311 3013 441 3070 Proverb.
459 3019 500 3082 26,
521 3019 600 3070 αλδ.
619 3029 668 3084 por
688 3012 842 3081 συνίδρυον.
873 3012 953 3084 flet.
977 3025 1128 3089 usurpatur
1152 3017 1236 3072 etism
1264 3016 1363 3073 Εοοοο.
1384 3022 1431 3083 σν,
1456 3034 1481 3069 v.
1502 3021 1526 3069 a.
1546 3016 1576 3069 λυ
1592 3015 1721 3084 exornata
1737 3019 1813 3070 raas
1861 3002 1869 3018 '

119 3101 258 3176 significat
279 3105 443 3156 conventum
463 3099 543 3155 statis
561 3099 636 3154 horis
653 3114 686 3152 ac
703 3097 771 3153 locis
789 3099 952 3170 congregari
980 3105 1091 3158 πολλῶν
1116 3110 1144 3158 et
1168 3107 1233 3158 Act.
1262 3107 1306 3170 19,
1329 3120 1354 3157 r.
1380 3107 1426 3157 ³2:
1454 3104 1528 3156 Erat
1545 3101 1665 3155 cocleare
1684 3105 1811 3165 confers.

118 3189 228 3245 solitum
251 3205 269 3243 a
296 3188 354 3242 rad.
390 3187 460 3261 7³22,
486 3185 629 3241 coustituit
647 3189 753 3240 turtum
772 3184 953 3239 conveniendi
978 3210 1003 3247 r.
1023 3197 1070 3245 10:
1096 3189 1216 3243 Dimisit
1232 3188 1384 3241 eeclesiam.
1421 3186 1462 3242 Ut
1481 3203 1547 3257 ergo
1567 3186 1700 3242 ecclesiae
1717 3193 1812 3242 eoetrrs

117 3275 375 3347 tempusaclocum.
396 3271 481 3327 LXX
492 3272 656 3342 interpretes
664 3276 697 3326 ut
705 3270 853 3341 plurimum
863 3276 952 3326 verte·
977 3292 1055 3332 sacer
1073 3275 1289 3346 distingueretur
1308 3291 1325 3327 a
1341 3271 1465 3342 profanis
1483 3271 1622 3339 coetibus,
1647 3272 1711 3327 ideo
1730 3286 1811 3328 voca·
1893 3286 1895 3290 “

118 3355 851 3434 mntperousuymyirExodll‚V.3.etallbipateim.
868 3355 950 3410 Num·
977 3371 1023 3418 tur
1050 3360 1167 3416 eeclesia
1190 3360 1241 3413 Dei
1265 3359 1281 3425 ἡ
1305 3360 1434 3424 ίκκίησία
1455 3360 1505 3410 σοῦ
1531 3359 1602 3412 θεοῦ
1627 3357 1741 3412 Nehem.
1771 3363 1811 3426 19,

120 3455 159 3513 16,
178 3467 202 3504 v.
221 3453 262 3503 16.
280 3441 533 3518 ρασσαρεμβολήν.
561 3442 645 3497 Num.
666 3448 704 3511 16,
722 3460 747 3499 v.
765 3448 807 3499 10.
825 3459 875 3512 per
893 3441 950 3494 lm·
977 3466 1002 3504 v.
1024 3454 1046 3503 1.
1073 3447 1137 3501 Act.
1156 3451 1204 3515 26,
1222 3463 1248 3500 v.
1270 3449 1311 3500 28.
1343 3449 1364 3498 1.
1384 3441 1448 3498 Cor.
1471 3447 1498 3505 1,
1517 3459 1544 3494 v.
1562 3447 1586 3498 2.
1615 3459 1639 3497 c.
1659 3447 1700 3510 26,
1720 3460 1747 3498 v.
1767 3448 1810 3502 82.

118 3535 263 3600 σι’·σσασιν,
288 3530 540 3603 congregationem.
578 3529 675 3584 Potest
694 3528 780 3599 igitur
796 3529 868 3583 iuter
883 3513 952 3601 57112
977 3552 1000 3590 c.
1028 3540 1073 3602 11,
1097 3551 1122 3585 r.
1150 3537 1189 3588 16.
1215 3536 1244 3586 et
1268 3535 1308 3586 22.
1340 3545 1364 3584 c.
1385 3535 1429 3597 15,
1455 3547 1479 3583 v.
1499 3534 1525 3584 9.
1560 3534 1584 3584 2.
1602 3528 1665 3584 Cor.
1688 3534 1716 3596 1,
1738 3547 1764 3584 v.
1788 3535 1811 3584 1.

119 3618 149 3670 et
171 3619 250 3692 τῆξ
268 3619 320 3673 hoc
338 3617 485 3672 discrimen
497 3615 591 3680 statui,
609 3614 684 3687 quod
703 3613 784 3688 t't'tl!
800 3614 837 3668 sit
847 3614 952 3685 specis·
977 3619 1041 3676 Gal,
1063 3625 1084 3685 1,
1101 3636 1127 3674 v.
1149 3623 1188 3674 13.
1222 3622 1245 3673 1.
1263 3614 1358 3671 Tbess.
1378 3620 1404 3685 2,
1422 3632 1449 3670 v.
1471 3620 1510 3671 11.
1543 3612 1677 3669 2Τ1ιααα.
1700 3621 1722 3678 1,
1739 3633 1765 3670 v.
1786 3621 1810 3672 1.

119 3707 172 3762 lius
199 3705 383 3770 vocabulum,
412 3701 551 3774 significat
574 3701 647 3756 enim
670 3704 779 3756 coetum
801 3699 950 3766 homiuum,
979 3714 1001 3763 1.
1022 3705 1092 3760 Tim.
1119 3710 1150 3773 3,
1180 3722 1205 3757 v.
1231 3709 1254 3758 5.
1286 3709 1314 3757 et
1348 3708 1387 3758 15.
1432 3702 1504 3757 Item
1532 3701 1661 3768 ίκκλησία
1690 3702 1720 3754 ἐν
1753 3705 1811 3772 θεῷ

119 3794 166 3866 qui
195 3793 231 3847 ad
260 3797 363 3846 certam
388 3806 447 3843 rem
471 3787 594 3859 aliquam
616 3786 823 3858 transigendam
845 3787 950 3842 solenni
981 3799 1002 3848 1.
1016 3792 1111 3848 Thess.
1133 3795 1155 3855 1,
1171 3807 1197 3843 v.
1213 3795 1235 3844 1.
1248 3794 1302 3844 etc.
1321 3788 1449 3856 ἐκκλησία
1463 3789 1513 3842 κοῦ
1525 3792 1630 3859 Κυρίου
1641 3785 1755 3844 Denter.
1769 3794 1811 3856 28,

119 3880 174 3935 ritu
188 3884 216 3933 et
228 3877 342 3949 publica
358 3874 523 3930 auctoritate
541 3873 577 3927 ad
597 3878 704 3928 certum
723 3872 814 3927 locum
830 3878 951 3944 tempus·
977 3896 1003 3936 r.
1032 3885 1053 3934 1.
1077 3884 1105 3933 et
1127 3893 1185 3948 seq.
1225 3882 1246 3931 1.
1269 3875 1361 3931 Paral.
1385 3879 1433 3942 28,
1463 3892 1491 3929 v.
1514 3879 1538 3929 8.
1573 3873 1656 3929 Mich.
1682 3879 1713 3936 2,
1736 3893 1761 3928 v.
1785 3881 1809 3929 8.

119 3981 174 4037 que
207 3962 342 4017 indictum
373 3959 554 4026 conveniunt;
590 3943 659 4032 5512
689 3974 754 4013 vero
785 3960 951 4031 generalius,
977 3965 1049 4031 Quia
1065 3981 1130 4020 vero
1147 3962 1231 4019 etiam
1251 3961 1383 4018 haeretici
1394 3960 1550 4032 gloriantur
1562 3959 1596 4015 de
1608 3959 1736 4028 ecclesis,
1747 3960 1810 4015 ideo

118 4049 260 4123 significat
289 4047 361 4102 enim
391 4045 634 4118 congregationem
656 4045 797 4100 hominum
822 4062 877 4101 non
904 4046 950 4101 ha·
977 4050 1150 4107 differentiae
1172 4056 1201 4105 et
1224 4047 1335 4104 honoris
1357 4063 1443 4101 eausa
1465 4063 1532 4101 vera
1556 4044 1675 4101 ecclesia
1694 4051 1811 4101 vocatur

120 4138 229 4194 beatem
249 4141 355 4190 certum
373 4137 491 4203 tempus,
508 4149 560 4188 nec
572 4132 663 4188 locum
683 4131 951 4204 indictum301quo
976 4137 992 4207 ἡ
1011 4141 1139 4206 ἐκκλησία
1158 4138 1214 4191 σοῖν
1233 4134 1329 4206 ἁγίαν,
1349 4132 1468 4187 ecclesia
1479 4138 1642 4186 amiciorum
1652 4131 1755 4186 Psalm.
1767 4132 1809 4194 89,

119 4223 300 4278 indumento
310 4224 435 4290 apparet,
450 4235 499 4274 eur
509 4219 659 4289 appellatio
669 4223 831 4289 συναγωγῆς
839 4237 950 4291 respon-
976 4242 1002 4280 v.
1021 4230 1045 4280 e.
1074 4223 1176 4278 Pium.
1199 4227 1255 4289 rso,
1274 4239 1299 4274 v.
1320 4225 1342 4274 1.
1376 4224 1398 4276 1.
1419 4217 1481 4274 eor.
1502 4224 1542 4287 11,
1560 4236 1586 4274 v.
1605 4222 1645 4272 aa.
1660 4217 1706 4272 cui
1725 4234 1809 4288 oppo-

119 4309 187 4364 dens
211 4306 341 4361 Hebraeo
371 4306 451 4377 ''ll-l.
480 4305 583 4376 populo
612 4304 765 4360 laralilitico
792 4306 951 4377 cumprimis
976 4310 1051 4366 nitur
1069 4309 1083 4376 ἡ
1102 4309 1231 4375 ἐκκλησία
1249 4308 1495 4377 πονηρευομίναν,
1515 4304 1633 4358 scetem
1652 4304 1809 4372 malignam·

119 4394 204 4450 fuerit
227 4391 376 4455 attributa,
399 4391 529 4446 nimirum
552 4392 618 4463 quia
643 4398 732 4447 certae
756 4408 774 4446 a
795 4391 855 4446 Deo
874 4392 951 4463 leges
975 4397 1044 4450 tima
1062 4393 1164 4450 Psalm.
1183 4397 1225 4458 26,
1243 4409 1269 4446 v.
1289 4398 1313 4447 5.
1334 4389 1452 4467 &2213
1467 4375 1543 4465 5912,
1562 4391 1642 4464 quasi
1660 4390 1809 4453 dicatcon·

119 4485 265 4550 acceperat
289 4478 323 4534 de
347 4477 446 4532 diebus
468 4476 558 4541 festis,
585 4478 619 4533 de
645 4476 712 4531 locis
738 4476 823 4531 sacris
843 4482 871 4532 et
888 4477 950 4532 aliis
976 4481 1104 4552 preputio
1128 4479 1361 4544 amaricantium,
1385 4477 1465 4550 (quia
1480 4477 1670 4533 inobedientia
1688 4484 1716 4533 et
1731 4475 1810 4532 falsis

119 4564 249 4623 leviticis
267 4564 438 4634 ceremoniis,
457 4571 485 4619 et
503 4564 570 4635 quia
587 4565 678 4619 cultus
696 4562 806 4618 divinus
824 4563 851 4617 iu
863 4563 898 4620 V.
916 4563 949 4618 Τ.
975 4566 1096 4623 culdbue
1116 4565 1192 4621 Deus
1214 4565 1382 4620 amaricatur
1403 4564 1421 4620 i.
1443 4580 1466 4619 e.
1482 4562 1672 4619 exacerbatur.
1691 4563 1737 4617 Ps.
1752 4569 1810 4630 196,

119 4654 156 4708 ad
174 4657 250 4708 certa
269 4649 331 4706 loca
344 4667 377 4705 ac
397 4656 522 4720 tempora
539 4650 593 4705 fuit
611 4650 705 4705 divina
721 4649 886 4705 auctoritate
903 4650 947 4704 ad·
976 4672 1002 4708 v.
1020 4658 1061 4709 38.
1099 4658 1119 4707 1.
1139 4650 1210 4722 Reg.
1232 4655 1277 4719 13,
1294 4668 1321 4707 v.
1341 4656 1382 4706 26.
1412 4649 1513 4705 Erech.
1531 4655 1554 4715 2,
1572 4668 1598 4702 v.
1615 4653 1651 4716 8.)
1673 4665 1745 4721 quae
1762 4665 1809 4703 vo

118 4739 239 4802 strictus,
257 4737 287 4791 id
305 4737 380 4809 quod
398 4737 427 4790 in
439 4736 556 4791 ecclesia
567 4736 601 4792 N.
613 4736 646 4792 T.
661 4752 716 4791 non
727 4734 846 4818 ¹amplius
860 4735 951 4791 locum
977 4745 1057 4795 catur
1080 4756 1226 4818 synagoge
1249 4737 1307 4790 eive
1332 4737 1512 4805 congregatio
1533 4736 1659 4790 Satanas
1676 4736 1764 4806 Apoc.
1785 4742 1810 4804 2,

118 4825 210 4889 habet,
228 4841 299 4896 quae
317 4818 510 4888 αοίκαθολυκή,
529 4820 581 4876 hoc
600 4827 642 4877 est
658 4827 716 4877 toto
733 4829 868 4877 terrarum
885 4824 952 4879 orbe
977 4845 1002 4882 v.
1021 4833 1045 4882 9.
1076 4843 1099 4880 c.
1121 4830 1150 4894 ³,
1167 4842 1193 4878 v.
1214 4829 1238 4879 9.
1256 4821 1385 4894 Denique
1405 4821 1472 4893 quia
1490 4820 1608 4878 ecclesia
1625 4820 1660 4877 V.
1679 4824 1707 4875 et
1724 4821 1758 4877 ll.
1777 4820 1811 4877 T.

10 4917 65 4997 ⁰¹⁰*
120 4912 221 4966 diffusa
249 4910 400 4981 interprete
423 4905 582 4978 Augustino
604 4908 682 4977 epist
711 4913 766 4962 170.
796 4908 954 4978 Usurpatur
978 4911 1081 4966 dicitur
1099 4911 1158 4964 Dei
1175 4917 1201 4963 et
1218 4908 1339 4962 Domini
1354 4908 1481 4974 eeclesia,
1499 4906 1562 4962 ideo
1580 4905 1616 4960 ad
1626 4905 1811 4961 differentiam

10 4970 96 5092 ’,ἔζη
119 4998 201 5053 etiam
222 4993 397 5072 deecclesia
414 5011 467 5048 vox
485 4993 603 5066 Νῃη,
620 4993 788 5063 convocatio,
802 5001 953 5049 conventus
967 4995 1095 5055 ,ecclesia
1118 4995 1153 5051 N.
1175 4994 1208 5048 Τ.
1233 5000 1348 5049 vocatur
1375 4993 1493 5047 αααίακία
1516 4991 1623 5045 Christi
1650 4989 1749 5046 Matth.
1770 4997 1810 5060 16,

38 5077 70 5099 '³
90 5078 96 5088 '
120 5083 208 5138 Exod.
231 5086 270 5148 12,
288 5098 314 5133 v.
337 5086 375 5136 16.
403 5079 493 5134 Levlt.
513 5085 603 5147 23‚v.
622 5080 758 5134 zared
777 5080 952 5154 Nssprvoca-
978 5098 1002 5135 v.
1025 5086 1065 5137 18.
1097 5080 1176 5136 Rom.
1196 5085 1241 5148 16,
1261 5096 1287 5132 v.
1306 5085 1345 5135 16.
1378 5077 1482 5133 coloss.
1502 5082 1524 5140 1,
1544 5094 1569 5131 v.
1589 5080 1629 5131 24.
1649 5092 1721 5147 quae
1740 5077 1811 5132 scili-

118 5169 168 5236 vit,
187 5166 356 5235 convocavit,
374 5167 438 5222 iude
451 5165 535 5221 LXX
548 5171 691 5221 verterunt
702 5165 809 5236 κληκήν,
823 5168 853 5221 in
864 5167 952 5222 forma
979 5173 1022 5223 oet
1045 5165 1075 5219 in
1097 5164 1236 5221 Christum
1255 5164 1285 5218 in
1303 5180 1386 5219 carne
1405 5162 1556 5219 exhibitum
1574 5161 1663 5216 credit
1682 5168 1710 5218 et
1727 5163 1810 5219 fidem

120 5252 294 5318 substantivi,
313 5270 386 5325 quae
401 5251 551 5325 appellatio
571 5248 684 5320 respicit
702 5251 882 5323 vocationem,
903 5270 953 5324 per
977 5255 1038 5324 ejus
1071 5249 1226 5308 confitetur.
1273 5248 1405 5313 Quamvis
1432 5249 1455 5303 si
1481 5264 1540 5303 rem
1566 5247 1655 5318 ipsam
1685 5255 1810 5320 spectare

120 5357 202 5412 quam
217 5339 294 5394 Deus
312 5338 341 5393 in
359 5337 402 5395 his
421 5338 500 5396 terris
518 5337 572 5392 sibi
591 5334 735 5392 ecclesiam
753 5338 867 5410 colligit,
886 5339 953 5413 quia
977 5337 1107 5407 velimus,
1139 5336 1222 5393 etiam
1250 5335 1287 5393 V.
1316 5335 1350 5390 T.
1381 5334 1499 5391 ecclesia
1528 5338 1605 5390 recte
1636 5334 1812 5408 dici1possit

120 5426 228 5482 vocatio
247 5431 289 5481 eet
305 5424 424 5495 primum
441 5423 615 5492 beneficium,
633 5421 708 5494 quod
728 5421 757 5478 in
775 5421 847 5480 lilios
864 5426 951 5482 eccle·
962 5390 965 5467 l
978 5423 1142 5480 Christiana.

173 5519 275 5562 aarum
287 5517 337 5562 loct
353 5517 379 5560 V.
1447 5527 1478 5578 ¹7
