4004 6022
201 175 261 234 562
762 165 884 222 Locus
902 154 1106 223 metemus
1122 163 1321 224 SECUNDUS

200 340 224 377 c.
244 327 269 378 3.
287 321 317 377 in
334 320 435 393 princ:
454 321 520 376 Non
536 320 603 388 fuit,
619 320 721 391 inpiis,
741 321 812 375 ordo
831 320 969 391 ejusmodi
987 336 1032 374 ne·
1053 327 1169 388 petunt,
1187 320 1235 374 illi
1251 327 1353 389 auum,
1369 317 1420 388 qui
1436 317 1488 372 hoe
1502 316 1652 389 prohibent
1668 322 1697 370 et
1714 315 1768 369 mii
1787 320 1896 369 tantum

201 411 356 479 cessarius,
384 409 451 478 quia
478 410 573 463 statim
596 424 626 461 se
649 416 675 462 et
693 407 800 461 Filium
824 415 849 461 et
870 408 982 461 mmmm
1005 415 1032 460 et
1058 407 1122 462 Deo
1139 408 1298 477 samificari
1309 407 1417 476 jubent,
1436 421 1611 474 nequaquam
1630 403 1686 457 istu
1700 400 1832 457 visibilia
1846 401 1892 454 mi-

200 496 262 548 Dei
282 495 419 552 Christum
438 496 519 549 rebus
538 496 609 565 ipsis
632 503 702 550 esset
720 495 893 565 probaturus
911 513 964 564 per
984 496 1032 548 da·
1057 495 1157 548 racula
1174 494 1272 558 facere
1288 494 1489 563 dipnarentur,·
1503 493 1635 561 profecto
1652 507 1711 543 nen
1731 506 1820 542 sensu
1839 506 1894 542 ror·

201 590 329 634 cumenta
347 583 486 636 uirtutum.
522 582 562 634 rit
580 597 630 649 epo
649 582 768 651 nepabo,
786 582 876 634 solam
895 583 967 635 hanc
987 580 1034 635 illi
1054 581 1148 649 poris,
1172 581 1223 632 sed
1239 579 1347 632 ratione
1365 578 1464 632 mentis
1481 578 1687 647 praeponenda
1708 583 1782 629 esset
1802 592 1892 628 eorum

200 668 319 735 speciem
342 669 381 720 ad
402 668 586 720 testimonium
610 669 784 737 competisse,
811 686 893 737 quam
920 676 945 721 et
971 668 1032 736 r'pse
1058 666 1219 719 auctoritas.
1254 663 1296 718 Ex
1320 681 1375 735 quo
1393 662 1537 719 manifeste
1555 662 1711 735 colligitur,
1738 659 1891 715 doctrinam

199 754 376 821 postmodum
394 753 592 807 exauctorauit.
618 755 652 808 Si
670 755 779 823 quidem
794 754 913 818 edicens,
932 753 1033 806 multos
1059 767 1117 805 esse
1141 749 1280 804 miraculis
1298 750 1432 820 potiorem
1450 767 1539 821 neque
1558 767 1592 804 ex
1610 749 1675 804 solis
1694 746 1841 801 miraculis
1859 745 1890 801 de

202 846 332 892 venturos
357 846 382 891 et
401 838 483 906 sipna
502 840 649 908 facturos,
672 857 722 893 neo
740 848 832 893 tamen
851 840 915 892 ideo
932 839 1033 892 admit·
1059 836 1184 891 doctrina
1211 835 1355 892 ferendum
1381 854 1442 893 esse
1467 835 1611 907 judicium.
1642 834 1705 890 libr.
1728 840 1769 890 1³.
1800 839 1891 894 coum

203 926 300 978 tendas
314 926 491 978 temerariam
508 927 650 995 sipnorum
669 933 695 980 et
712 927 843 980 uirtutum
850 927 933 990 fidem
945 932 1033 979 osten·
1058 921 1191 977 Faustum
1208 920 1327 977 Manicb.
1348 940 1371 978 c.
1391 930 1414 978 5.
1438 940 1501 977 cum
1520 921 1555 976 ds
1572 919 1746 976 Manichacis
1767 919 1890 975 dixisset:

203 1011 246 1064 dit
264 1018 295 1063 ut
313 1012 395 1064 etiam
408 1014 488 1080 apud
500 1013 731 1080 pseudochristos
747 1012 924 1074 facillimam.
950 1010 1032 1065 Bero·
1059 1008 1206 1063 Miracula
1223 1026 1279 1062 non
1295 1008 1407 1077 facitis,
1427 1025 1498 1078 quae
1516 1009 1543 1061 si
1552 1006 1707 1077 faceretis,
1728 1007 1815 1060 etiam
1832 1006 1889 1075 ipsa

202 1099 281 1151 cinnes
300 1097 398 1150 Actor.
419 1103 464 1165 ll,
487 1113 512 1151 v.
536 1103 574 1152 ll.
600 1097 733 1152 videbant
757 1098 868 1169 quidem
891 1095 979 1151 multa
996 1094 1032 1149 ab
1058 1095 1088 1147 in
1110 1095 1185 1150 vobis
1207 1113 1364 1149 caveremus
1384 1113 1441 1165 per
1464 1096 1644 1149 instruentem
1667 1112 1720 1147 nos
1739 1094 1891 1147 Dominum

203 1181 335 1253 apostolis
359 1181 403 1236 edi
430 1182 577 1250 miracula,
601 1191 767 1239 nontamen
786 1201 819 1238 ex
838 1183 893 1237 illis
911 1182 976 1237 solis
998 1182 1032 1237 de
1058 1188 1084 1233 et
1103 1181 1253 1234 dicentem:
1271 1183 1429 1250 Essurpent
1442 1183 1525 1235 multi
1535 1180 1750 1251 pseudochristi
1762 1186 1818 1233 etc.
1832 1177 1890 1233 sub·

201 1269 326 1322 doctrina
340 1268 518 1338 judicabant,
536 1270 584 1323 sed
601 1287 663 1324 cum
683 1269 831 1341 Scripturis
851 1268 1031 1339 praedicatio·
1054 1265 1150 1336 jungit
1180 1265 1232 1320 hoc
1261 1266 1460 1337 epiphonema:
1496 1266 1585 1337 Usque
1611 1268 1685 1320 adeo
1713 1264 1789 1319 nihil
1817 1265 1893 1318 credi

201 1371 263 1409 nem
282 1353 461 1425 apostolicam
479 1355 674 1421 conserebant,
704 1357 803 1428 quibus
824 1356 951 1428 quoniam
969 1371 1031 1409 con·
1057 1351 1145 1405 uoluit
1167 1353 1303 1406 adsersus
1327 1355 1519 1423 confirmatam
1534 1351 1752 1421 scripturarum
1770 1351 1890 1404 auetori-

203 1438 297 1494 fomnis
322 1440 594 1512 deprehendebatur,
621 1448 649 1496 et
673 1442 824 1495 doctrinam
849 1450 877 1496 et
900 1440 1033 1495 miracula
1059 1445 1150 1499 tatem,
1170 1455 1240 1506 quae
1256 1440 1339 1502 tidem
1357 1456 1436 1492 suam
1455 1439 1485 1491 in
1506 1438 1585 1492 rebus
1602 1437 1672 1507 ipsis
1686 1438 1804 1507 probat.
1844 1435 1891 1489 Eo

202 1543 268 1581 vera
292 1543 352 1581 esse
375 1527 547 1596 statuebant,
572 1543 627 1598 quo
650 1527 795 1581 nominos
817 1526 921 1597 Spiritu
938 1533 1032 1580 sancto
1058 1522 1121 1579 dem
1146 1522 1202 1580 line
1225 1524 1361 1594 disputat,
1388 1524 1520 1579 miracula
1542 1523 1601 1578 sola
1624 1540 1680 1578 non
1699 1523 1891 1578 demonstrare

201 1614 435 1668 commendantur.
471 1612 517 1668 Sic
543 1612 660 1683 apostoli
686 1613 758 1668 dono
782 1612 975 1668 miraculorum
994 1612 1032 1665 in·
1058 1610 1217 1676 ecclesiam,
1249 1610 1299 1664 scd
1325 1610 1387 1664 ideo
1413 1610 1561 1681 approbari
1589 1608 1741 1676 miracula,
1772 1608 1841 1681 quia
1865 1608 1891 1662 in

202 1698 297 1755 sancti
317 1715 350 1753 cx
367 1698 495 1753 Mossicis
519 1706 547 1754 et
562 1699 731 1769 propheticis
752 1699 860 1771 scriptis
879 1697 1032 1753 doctrinam
1057 1695 1173 1751 ecclesia
1199 1696 1278 1753 fiunt.
1334 1694 1425 1752 Verba
1450 1696 1490 1750 sic
1516 1694 1620 1750 habent
1646 1693 1694 1749 lib.
1725 1694 1763 1749 de
1789 1695 1893 1749 unitata

202 1801 280 1839 suam
298 1784 523 1839 demonstrabant
532 1785 595 1839 Act.
608 1790 649 1853 26,
662 1803 687 1840 v.
701 1790 742 1842 22.
761 1783 840 1839 Rom.
852 1790 876 1850 3,
890 1803 916 1840 v.
930 1789 1032 1839 ttetc.
1058 1782 1155 1840 eccles.
1180 1800 1204 1840 c.
1232 1787 1272 1838 16.
1295 1788 1359 1853 post
1381 1781 1467 1837 med:
1501 1781 1596 1835 Utrum
1620 1781 1678 1852 ipsi
1704 1779 1893 1847 (Donatistae)

201 1869 265 1924 inde
283 1877 357 1926 recte
369 1870 464 1926 scribit
475 1870 699 1942 Theophylactus
718 1871 747 1925 in
760 1888 783 1928 c.
798 1877 822 1927 9.
842 1871 921 1926 Luc:
943 1873 1033 1924 Docet
1059 1869 1202 1922 ecclesiam
1220 1875 1339 1933 teneant,
1356 1887 1413 1923 non
1430 1866 1487 1922 nisi
1505 1865 1665 1920 diuinarum
1680 1864 1893 1935 scripturarum

204 1957 339 2022 Christus,
357 1965 387 2010 ut
405 1958 438 2022 is,
457 1958 503 2010 cui
519 1961 680 2012 concredita
699 1965 740 2011 est
757 1959 896 2022 doctrina,
913 1965 1033 2027 elprae·
1060 1954 1201 2008 canonicis
1226 1952 1308 2007 libris
1336 1955 1495 2018 ostendant,
1525 1952 1593 2020 quia
1618 1969 1668 2006 nec
1697 1970 1749 2006 nos
1778 1952 1893 2006 dicisum

202 2044 300 2097 dicare
318 2053 344 2097 et
362 2044 502 2097 miracula
517 2054 637 2114 patrare
656 2045 761 2113 debeat,
780 2051 843 2097 tunc
861 2045 933 2098 enim
949 2059 1033 2113 prae-
1055 2047 1209 2109 propterea
1233 2040 1313 2094 nobis
1332 2040 1446 2094 credere
1466 2046 1606 2107 oportere,
1632 2038 1710 2107 quod
1728 2039 1761 2091 in
1778 2038 1893 2092 ecclem'a

203 2104 308 2183 dicbtio
326 2147 382 2199 per
408 2130 548 2185 miracula
568 2131 764 2200 confirmatur,
786 2130 925 2184 miracula
944 2139 1034 2183 autem
1063 2126 1166 2179 Christi
1182 2143 1284 2189 wmus,
1303 2124 1370 2194 quia
1388 2125 1487 2194 ipsam,
1506 2141 1589 2192 qrsam
1606 2130 1737 2188 tenemus,
1762 2141 1892 2178 commen·

200 2230 254 2293 per
271 2216 520 2284 praedicationem.
554 2214 678 2271 Alterius
693 2215 731 2269 sic
751 2215 838 2270 altera
851 2217 943 2287 poscit
954 2233 1033 2287 opem
1061 2212 1139 2265 davit
1158 2211 1341 2265 Mileuitanus
1360 2211 1490 2280 Optatus,
1519 2210 1563 2264 nel
1582 2210 1812 2264 Mediolanensis
1832 2212 1893 2263 Am·

203 2315 247 2355 res
272 2306 300 2356 et
326 2302 453 2371 conjurat
480 2300 575 2356 amics.
620 2302 723 2356 Contra
747 2318 812 2356 vero
839 2308 968 2371 suspects
993 2308 1035 2358 est
1060 2297 1177 2364 brasias,
1194 2298 1237 2351 oel
1256 2298 1310 2351 alii
1327 2295 1542 2349 innumerabiles
1559 2303 1673 2350 nostrae
1691 2297 1892 2350 communionis

204 2387 293 2439 omnis
311 2388 452 2450 revelatio,
471 2404 555 2455 quam
568 2405 622 2440 non
630 2389 735 2456 probat
751 2388 796 2441 lec
807 2406 868 2441 cum
883 2389 1033 2458 eoanpelio,
1060 2383 1193 2453 episcopi,
1203 2391 1252 2437 aut
1262 2383 1329 2453 quia
1339 2391 1497 2437 nostrorum
1507 2382 1678 2452 colleparum
1689 2382 1821 2437 conciliis
1831 2385 1892 2453 ipsa

204 2478 235 2526 nt
253 2471 338 2527 habet
356 2473 500 2544 vulgatum
519 2473 588 2526 illud
602 2470 742 2541 Gemonis,
761 2472 835 2545 quod
848 2473 938 2544 ipsum
951 2475 1032 2528 etiam
1059 2470 1227 2538 praedicata
1245 2477 1298 2538 est,
1323 2477 1373 2522 aut
1397 2469 1465 2538 qnia
1482 2485 1539 2537 per
1556 2476 1643 2523 torum
1662 2469 1758 2522 orbem
1774 2471 1805 2523 in
1825 2470 1892 2523 locis

203 2557 238 2613 da
260 2559 397 2614 miraculis
418 2561 608 2630 statuendum,
634 2559 696 2614 ideo
714 2559 793 2613 addit
808 2559 1033 2632 Theophylnctus
1059 2557 1249 2625 sanctissime
1256 2556 1422 2624 frequentat
1435 2562 1532 2608 nostra
1543 2556 1801 2625 communio,tanta
1809 2557 1892 2610 mma-

202 2645 221 2700 l.
246 2646 287 2700 d.:
318 2638 409 2699 hlulli
434 2663 633 2716 saepenumero
659 2646 799 2699 miracula
821 2647 957 2714 fecerunt
978 2666 1033 2716 per
1059 2643 1128 2696 bilia
1146 2644 1189 2696 uel
1199 2642 1407 2696 exauditionum
1419 2641 1463 2694 uel
1474 2642 1647 2695 sanationum
1660 2643 1739 2710 fiunt,
1757 2643 1892 2697 itautia

203 2732 367 2794 daensonm,
396 2733 447 2784 scd
467 2732 582 2784 illorum
600 2731 778 2800 praedicatio
802 2750 873 2786 sana
898 2734 1034 2802 nonfuit,
1060 2729 1146 2782 tentio
1161 2746 1214 2797 per
1231 2736 1271 2782 tot
1287 2745 1376 2780 annos
1385 2744 1506 2796 corpora
1514 2735 1677 2796 martyrum,
1691 2731 1771 2799 quod
1778 2736 1894 2799 possunt

203 2833 290 2885 quare
312 2833 398 2885 neque
423 2817 537 2870 illorum
555 2818 693 2870 miracula
713 2833 746 2868 ec
764 2819 827 2871 Deo
839 2823 964 2884 suerunt.
1000 2819 1033 2873 In
1060 2832 1079 2867 a
1091 2814 1185 2867 multis
1196 2815 1400 2884 interropantes
1412 2813 1520 2883 audire,
1532 2813 1680 2868 Ambrosio
1692 2815 1894 2879 fuemntreoe-

202 2902 319 2956 eandem
346 2901 509 2956 sententiam
534 2901 588 2956 hac
615 2902 649 2958 de
672 2918 703 2955 rs
729 2899 838 2957 disserit
860 2904 1035 2960 Maldouatus
1060 2901 1120 2954 lata
1142 2907 1167 2954 et
1189 2902 1230 2953 ad
1246 2900 1311 2969 ipsa
1333 2917 1456 2970 corpora
1472 2916 1568 2953 coecus
1585 2901 1736 2955 multorum
1757 2920 1894 2958 annorum

203 2987 313 3042 Jesuita
332 2987 361 3040 in
380 3004 475 3042 comm.
495 2985 592 3042 blatth.
614 2995 638 3042 7.
658 2993 805 3058 postquam
823 2990 895 3044 enim
913 2992 1034 3046 erscri·
1060 2986 1167 3040 civitati
1178 2987 1391 3041 Mediolanensi
1406 2987 1565 3041 notissimus
1584 2988 1679 3042 oeulos
1693 2989 1842 3060 lumenque
1854 3008 1894 3044 re·

203 3081 286 3146 ptura
309 3078 337 3127 et
359 3072 486 3143 patribus
511 3073 739 3140 demonstrasset,
767 3073 850 3130 etiam
867 3074 953 3131 falsos
973 3094 1035 3147 pro·
1061 3074 1172 3143 ceperit,
1190 3081 1238 3126 aut
1257 3075 1325 3142 quia
1339 3074 1389 3128 ille
1405 3067 1842 3147 somniumsiiditetillespiritu
1852 3096 1894 3131 as·

204 3159 302 3230 phetas
325 3176 391 3214 vera
408 3159 542 3214 miracula
566 3159 671 3229 facere,
698 3159 811 3231 subjicit
837 3164 1034 3233 quaestionem,
1059 3168 1166 3213 sumtus
1182 3160 1299 3227 audivit,
1310 3161 1367 3213 sine
1381 3179 1416 3215 ne
1425 3161 1481 3214 iret
1492 3162 1522 3214 in
1528 3167 1641 3230 partem
1650 3163 1779 3233 Donati,
1798 3165 1856 3218 sire
1867 3172 1895 3217 ut

205 3264 243 3299 an
266 3262 333 3315 erpo
356 3245 464 3298 nullum
491 3247 533 3299 ad
553 3245 732 3314 probandam
758 3265 851 3302 ceram
879 3251 1035 3304 doctrinam
1060 3247 1324 3315 recederetaparte
1334 3249 1452 3301 Donati.
1474 3245 1660 3318 Quaecunque
1673 3249 1746 3303 talia
1759 3251 1791 3302 in
1801 3251 1894 3305 catha·

205 3339 394 3401 arpumentum
415 3349 447 3384 ec
466 3332 614 3386 mirandis
638 3334 712 3386 sumi
728 3336 843 3402 possiti
863 3336 907 3389 cui
925 3352 1034 3407 respon·
1060 3334 1199 3400 licatiunt,
1208 3333 1272 3386 ideo
1281 3333 1546 3401 euntapprobanda,
1554 3335 1622 3403 quia
1631 3335 1661 3388 in
1670 3335 1813 3390 catholica
1815 3339 1895 3408 fiunt,

206 3418 253 3473 det
273 3417 325 3474 hoc
350 3417 446 3473 modo:
472 3419 538 3471 Non
560 3419 684 3486 sequitur
708 3421 819 3475 omnino
841 3423 962 3488 nullum,
983 3424 1036 3476 sed
1060 3437 1115 3473 non
1126 3420 1189 3473 ideo
1198 3420 1263 3488 ipsa
1276 3419 1474 3483 manifestatur
1489 3420 1636 3489 catholica,
1649 3421 1715 3491 prtia
1730 3422 1802 3477 haec
1817 3424 1848 3477 in
1862 3441 1895 3478 ea

206 3521 260 3557 non
278 3504 466 3557 necessarium
480 3504 651 3572 sumiposse.
678 3504 788 3560 Scimus
799 3508 880 3577 enim,
897 3507 1035 3563 Chridum
1059 3507 1136 3574 liunt.
1153 3505 1897 3575 IpseDominusJesus,cumresurrerissetamarms's

205 3592 246 3644 ad
269 3592 489 3655 confirmandam
514 3591 672 3644 doctrinam
697 3610 776 3646 suam
797 3602 964 3662 potestatem
987 3595 1035 3662 fa·
1060 3600 1086 3646 et
1112 3590 1315 3661 discipulorum
1338 3590 1427 3644 oculis
1453 3593 1600 3644 videndum
1628 3593 1812 3665 manibusque
1837 3604 1895 3648 tsn-

206 3677 300 3729 ciendi
323 3675 463 3728 miracula
486 3676 623 3744 apostolis
641 3676 700 3729 surb
719 3677 881 3734 tradidisse.
919 3681 1035 3749 Scimus,
1061 3681 1181 3747 pendam
1203 3694 1304 3747 corpus
1320 3695 1401 3730 suum
1418 3678 1539 3747 offerret,
1557 3695 1591 3731 ne
1608 3679 1680 3748 quid
1695 3688 1790 3734 tamen
1804 3683 1895 3747 falla·

204 3760 235 3813 ui
250 3759 452 3812 miraculorum
470 3768 555 3814 totum
566 3775 660 3828 paene
678 3763 769 3816 orbem
788 3766 829 3817 ad
838 3768 929 3833 fidem
945 3767 1036 3829 sus'sse
1061 3765 1122 3819 aiae
1148 3783 1177 3818 se
1198 3763 1267 3834 pati
1289 3763 1510 3831 arbitrarentur,
1538 3766 1629 3835 magis
1656 3783 1702 3820 eos
1728 3768 1895 3824 testimoniis

203 3852 385 3916 pertractum,
404 3846 481 3913 quod
492 3846 541 3914 qui
549 3854 659 3914 nepant,
676 3855 705 3901 ut
718 3848 843 3918 disputat
855 3850 1037 3918 Aucustinus,
1062 3851 1131 3919 lepis
1146 3859 1172 3904 et
1179 3849 1382 3919 prophetarum
1392 3857 1417 3902 et
1424 3850 1601 3919 psalmorum
1615 3853 1827 3919 confirmandas
1839 3873 1896 3910 esse

205 3933 298 4000 majus
312 3931 369 4000 ipsi
380 3931 547 3985 miraculum
563 3932 700 3985 miraculo
714 3935 839 3988 tollendo
849 3938 978 4002 faciunt;
995 3939 1035 3991 in·
1055 3937 1198 4006 judicarit
1216 3937 1361 3991 ostendens
1378 3952 1412 3988 ea
1431 3938 1467 3988 de
1483 3952 1513 3987 se
1530 3936 1656 4006 impleta,
1687 3956 1761 4008 quae
1776 3941 1896 4007 fuerant

86 4028 132 4075 m
146 4029 191 4077 tto.
204 4017 369 4071 credibilius
386 4017 458 4070 enim
476 4024 517 4070 tot
532 4017 725 4088 philosophos,
745 4027 785 4073 tot
797 4023 938 4091 sapientes
950 4025 1035 4093 uiros,
1061 4031 1138 4076 tanto
1151 4031 1216 4076 ante
1223 4022 1384 4091 praedicta.
1410 4021 1458 4075 Sic
1471 4029 1496 4074 et
1509 4022 1654 4075 ecclesiam
1666 4040 1747 4075 ercam
1761 4042 1896 4082 cornmen·

205 4101 366 4174 tampaucis
375 4103 521 4172 apostolis,
530 4110 588 4156 tam
597 4105 847 4175 imperitistamque
856 4106 1035 4163 incredibilia
1062 4111 1141 4161 davit
1159 4109 1265 4171 dicens,
1279 4107 1450 4177 praedicari
1463 4106 1492 4159 in
1509 4108 1618 4161 nomine
1632 4125 1682 4161 suo
1692 4111 1896 4178 poenitentiam

204 4191 343 4243 hantonae
360 4190 468 4242 rationi
479 4189 713 4259 praedicantibus
731 4192 791 4246 sine
808 4194 875 4247 ullis
892 4195 1037 4250 miramdis
1063 4202 1088 4248 et
1101 4193 1292 4248 remissionem
1302 4200 1480 4262 peccatorum
1493 4198 1544 4248 etc.
1570 4191 1642 4257 Quid
1656 4195 1834 4252 manifestius
1847 4216 1896 4271 pm

205 4276 373 4341 credidisse,
391 4292 475 4344 quam
493 4275 546 4327 illa
564 4275 628 4344 ipsa
649 4277 799 4347 miracula,
824 4297 896 4348 quae
913 4282 949 4334 ab
967 4283 1037 4350 ipsis
1063 4285 1158 4333 nostra
1180 4278 1318 4336 sententia
1341 4276 1396 4331 dici
1417 4276 1565 4347 potuisset,
1591 4278 1666 4349 quod
1690 4296 1747 4336 non
1774 4298 1810 4337 ex
1833 4285 1896 4340 solis

203 4363 286 4426 facta
310 4366 474 4414 narrantur.
509 4361 663 4415 Probabile
689 4363 776 4431 ipitur
795 4366 870 4434 fidei
894 4385 1037 4435 arpumen·
1063 4366 1218 4436 miraculis,
1243 4364 1294 4420 sed
1310 4382 1344 4419 cx
1362 4364 1511 4434 Scripturis
1529 4382 1553 4419 s.
1573 4364 1606 4419 de
1624 4366 1753 4422 doctrina
1767 4370 1895 4440 judican-

204 4454 260 4500 tum
282 4455 329 4516 est,
347 4447 425 4517 quod
442 4463 474 4499 ex
493 4447 640 4501 miraculis
657 4450 785 4518 sumitur,
804 4451 871 4520 qum
884 4469 940 4521 per
954 4454 1036 4515 tidem
1063 4453 1128 4508 dum
1144 4452 1200 4508 sitt
1223 4451 1406 4506 Bellarminus
1418 4451 1529 4521 regerit,
1545 4451 1733 4520 Aupustinum
1751 4458 1895 4513 contrario

204 4549 302 4602 saepe,
327 4535 388 4586 sine
408 4534 469 4602 fide
493 4550 562 4585 roro
585 4533 651 4597 fieri
667 4535 766 4593 solent.
802 4538 862 4591 Nec
880 4540 1036 4593 necessario
1061 4542 1144 4594 modo
1162 4538 1241 4609 loqui
1257 4540 1287 4592 in
1306 4538 1350 4593 lib.
1369 4546 1440 4593 cont.
1456 4537 1533 4606 epist.
1549 4538 1679 4602 fundam.
1698 4556 1763 4609 cap.
1781 4546 1807 4599 t,
1825 4551 1853 4598 et
1871 4547 1895 4599 5.

205 4621 397 4673 demonstrant
420 4619 577 4684 ecclesiam,
600 4620 657 4673 nisi
674 4628 802 4689 potestas
823 4623 963 4676 miracula
982 4625 1035 4690 sa·
1061 4625 1110 4677 ubi
1127 4625 1210 4694 dicit,
1234 4624 1381 4678 ecclesiam
1400 4623 1588 4676 demonstrari
1605 4641 1637 4677 ee
1653 4625 1818 4692 miranda,
1843 4647 1894 4683 non

204 4706 300 4759 ciendi
320 4706 469 4759 ordinaria
495 4707 638 4774 corstinpit.
673 4706 752 4763 Haec
776 4708 965 4777 Maldonatus,
991 4727 1036 4765 cu·
1061 4728 1094 4764 ee
1104 4711 1269 4781 Scripturis,
1281 4711 1337 4763 imo
1348 4710 1511 4779 Scripturas
1523 4711 1712 4763 demonstrari
1723 4729 1757 4764 ee
1768 4715 1894 4770 ecclesia.

199 4790 247 4860 jus
262 4791 417 4846 dissertatio
429 4796 501 4846 esset
513 4791 670 4862 perfectior,
689 4794 711 4847 si
725 4794 885 4859 addidisset,
903 4811 936 4849 ex
955 4796 1035 4852 mira·
1060 4795 1149 4851 Addit
1166 4797 1249 4852 etiam
1264 4794 1449 4851 Bellsrminus
1463 4794 1688 4859 observationem,
1704 4812 1738 4850 ee
1750 4799 1896 4855 miraculis

203 4876 272 4931 culis
290 4894 353 4932 cum
370 4894 436 4932 vera
454 4878 579 4932 doctrina
597 4880 752 4950 conjunctis
776 4882 960 4936 necessarium
979 4901 1034 4938 om·
1060 4883 1206 4937 ecclemam
1222 4891 1249 4936 et
1270 4900 1304 4937 eu
1325 4882 1443 4937 ecclesia
1460 4881 1601 4935 miracula
1620 4882 1830 4956 dernonstrari,
1846 4887 1896 4941 sed

202 4961 268 5017 uiuo
293 4969 487 5036 argumentum
516 4964 619 5019 exstrui
644 4981 733 5035 posse.
773 4965 861 5020 Ferus
884 4968 913 5022 in
937 4986 1033 5024 comm.
1060 4970 1171 5023 diverso
1196 4987 1295 5037 pene-re
1314 4967 1575 5036 demonstrationis,
1605 4971 1843 5037 auersadmodum
1866 4991 1896 5027 es

202 5064 224 5103 c.
245 5054 286 5105 24.
305 5048 420 5104 Martha
438 5051 504 5104 Non
522 5051 652 5104 doctrina
670 5068 703 5105 eu
716 5052 869 5121 miraculis,
887 5057 939 5108 sed
949 5057 1034 5110 mira·
1060 5058 1157 5126 effectu
1173 5056 1381 5108 demonstratur
1400 5071 1488 5107 causa
1507 5061 1533 5106 et
1552 5069 1585 5106 ee
1603 5070 1691 5107 causa
1703 5057 1827 5127 effeetus.
1852 5060 1896 5112 Es

202 5136 266 5188 eula
285 5152 318 5189 ec
336 5136 466 5189 doctrina
487 5138 663 5189 aestimanda
679 5145 750 5191 sunt.
1060 5141 1205 5195 miraculis
1230 5141 1304 5195 enim
1327 5139 1520 5195 demonstrari
1537 5139 1696 5206 ecclesiam,
1722 5160 1779 5198 non
1801 5145 1898 5213 quoad

237 5227 295 5278 278.
330 5221 423 5294 Hujus
439 5219 494 5277 loci
513 5227 556 5277 est
573 5222 671 5292 regula
687 5222 840 5294 Augustini
857 5223 916 5279 libr.
940 5232 979 5283 10.
997 5227 1033 5284 dc
1059 5228 1228 5282 euidentiam
1245 5228 1291 5282 rel
1308 5226 1502 5281 certitudinem
1520 5225 1575 5295 rei,
1600 5226 1652 5280 sed
1669 5231 1768 5296 quoad
1785 5232 1896 5287 eniden-

201 5306 436 5365 civ.Dei·c.16:
459 5308 494 5362 Si
509 5305 540 5361 hi
557 5309 672 5381 (angeli)
691 5311 867 5365 mirabilibus
882 5313 1031 5377 factishu-
1058 5315 1126 5368 tiam
1149 5323 1173 5368 et
1194 5313 1390 5368 certitudinem
1414 5311 1621 5366 credibilitatis.
1649 5298 1704 5368 'Ar
1729 5331 1763 5368 eu
1780 5318 1898 5373 ecclesia

201 5410 301 5449 manas
322 5397 432 5448 animas
453 5403 657 5464 permanerent,
680 5397 730 5467 qui
749 5397 893 5464 sacrificia
913 5399 969 5453 sibi
985 5417 1029 5455 ea·
1057 5402 1246 5456 demonstrari
1281 5398 1450 5453 miraculum
1486 5399 1583 5466 quoad
1619 5401 1819 5458 ceddudinem
1847 5405 1898 5464 rsi.
