4004 6022
780 203 832 260 DE
850 201 1042 260 eoeneum.
1696 215 1754 274 401

50 376 149 422 conca
174 367 333 422 doctrinan
357 366 393 416 de
418 362 481 416 cola
497 364 569 429 fide,
595 378 679 432 queam
698 367 738 414 tot
756 362 910 421 annornm]
957 364 1015 414 208.
1041 358 1079 416 11.
1101 358 1217 414 florini
1233 359 1357 412 boam
1371 359 1436 426 tais,
1456 360 1550 413 Deum
1570 377 1629 414 cccc
1644 371 1791 414 canant
1805 373 1865 415 nae

51 455 153 524 spatio
171 455 289 507 decurso
307 467 408 502 meraca
426 449 462 501 ab
475 448 579 516 inferia
591 445 894 501 macedonianam.
907 424 1105 514 ipeceatoram,
1125 445 1226 500 Enseb.
1246 444 1294 498 lib.
1308 450 1331 499 5.
1344 444 1406 499 hist.
1426 461 1449 499 c.
1463 451 1504 500 20.
1518 447 1616 499 eadem
1628 446 1759 501 sincello
1772 427 1870 521 {affin

54 543 97 594 At
124 539 210 595 verine
234 534 385 608 Augustini
412 535 447 588 de
470 534 574 589 haeres.
602 548 626 588 o.
646 539 686 589 54.
713 532 795 603 longe
814 529 895 584 aliter
917 532 1032 599 podere
1049 533 1129 585 docet
1144 532 1278 586 Calvinae
1297 530 1344 585 lib.
1361 538 1383 586 1.
1403 531 1487 585 instit
1502 548 1525 586 c.
1543 537 1581 588 18.
1595 528 1622 606 ξ.
1637 537 1661 587 2.
1673 532 1721 587 lib.
1734 537 1759 589 3.

56 625 221 682 describunt
247 623 374 679 Eunomii
401 621 541 676 haeresin:
577 622 681 674 Fertur
707 635 793 687 aspre
822 619 895 669 adeo
921 632 946 669 c.
965 622 1006 672 23.
1028 614 1056 690 ξ.
1077 623 1117 673 24.
1144 636 1166 673 c.
1190 624 1231 673 24.
1251 614 1278 690 ξ.
1300 623 1338 675 lt.
1361 619 1436 672 idem
1454 619 1549 672 docuit
1570 621 1709 674 Latbcrna
1728 622 1758 673 c'n

54 715 151 778 suisne
167 713 246 766 donis
262 711 385 765 membru
405 710 548 771 inimicas,
566 715 597 759 ut
615 713 803 772 asseveraret,
820 704 910 815 prael
923 704 969 756 lib.
991 706 1026 757 de
1036 722 1106 756 aero.
1119 704 1219 761 arbitr.
1233 713 1259 758 et
1271 705 1424 774 Philippa
1436 705 1604 759 Melanthea
1619 708 1648 759 in
1662 725 1757 762 comm.

56 799 133 852 nibil
152 799 251 867 caiqrcc
271 797 378 849 abanet
395 793 580 863 qimramlibet
595 790 774 861 perpetratio
788 806 896 858 acpcc·
923 808 945 846 c.
966 793 988 844 8.
1009 791 1090 847 Rom.
1128 789 1333 861 ttCampianus
1353 797 1404 846 rat
1423 796 1447 847 8.
1469 792 1685 847 protestantium
1705 792 1758 848 hoc

57 883 219 938 amantea
234 889 426 952 peccatoram,
445 881 472 932 ai
490 880 583 947 bique,
601 893 672 946 qaae
690 877 726 930 ab
744 875 795 928 illo
817 876 895 927 doce·
922 891 982 930 esse
1010 876 1078 930 dicit
1100 877 1221 941 axioma,
1250 880 1326 945 qaod
1345 880 1424 931 Deus
1443 878 1480 931 ait
1499 896 1586 930 caasa
1600 881 1760 947 peccarit*

57 972 157 1038 batur,
178 969 249 1038 fidei
269 966 415 1036 particeps
440 965 561 1018 ausast*
597 963 725 1016 Beoanus
745 961 828 1015 etiam
847 960 895 1013 lib.
921 960 1145 1031 Respondemus:
1189 963 1269 1025 Quae
1291 962 1328 1017 sit
1354 968 1508 1017 nostrarum
1527 963 1706 1019 eeclesiarum
1724 965 1760 1018 de

57 1057 95 1110 de
113 1054 211 1110 eccles.
230 1071 256 1125 q.
277 1059 301 1108 3.
322 1051 409 1105 conol.
428 1057 451 1108 1.
469 1068 544 1106 num.
560 1056 601 1105 22.
622 1047 725 1115 scribit,
745 1047 895 1100 Latiarum
921 1063 1006 1102 causa
1030 1048 1136 1118 peccati
1162 1048 1314 1114 sententia,
1348 1047 1457 1102 disertis
1483 1048 1573 1103 verbis
1599 1050 1760 1120 exprimitur

57 1145 199 1196 damnare
216 1141 288 1194 bona
307 1155 401 1207 opera.
439 1137 525 1191 eonol.
544 1142 568 1193 8.
587 1152 662 1191 num.
684 1140 724 1189 14.
742 1134 895 1187 Lacunam
921 1134 950 1187 in
970 1132 1138 1204 Augustiana
1152 1133 1323 1189 confessione
1342 1141 1392 1188 art.
1417 1141 1461 1190 19:
1482 1137 1528 1188 De
1547 1153 1634 1189 caasa
1649 1137 1761 1204 peccati

56 1231 182 1298 finpcrc,
209 1227 287 1296 qaod
306 1226 378 1290 tideo
403 1224 577 1291 justificans,
593 1223 622 1275 c‘n
646 1237 679 1275 eo
699 1221 847 1287 emeat,
865 1203 909 1271 a?
922 1222 1034 1283 docent,
1064 1223 1140 1290 qnod
1167 1221 1279 1274 tametac'
1305 1223 1385 1274 Deua
1404 1229 1482 1274 creta
1501 1231 1527 1275 et
1544 1230 1691 1276 concernat
1709 1239 1759 1275 na·

57 1316 123 1384 qais
155 1321 230 1367 certo
253 1312 310 1366 sior·
335 1311 527 1380 pameas,
555 1308 637 1362 nulla
663 1313 782 1376 peccata
809 1323 895 1373 qaan-
921 1314 1030 1373 taram,
1055 1315 1147 1360 tamen
1166 1323 1255 1360 caasa
1273 1308 1387 1376 peccati
1404 1315 1443 1360 ert
1464 1307 1593 1361 colantur
1612 1309 1760 1376 monim,

58 1401 161 1454 10111001
190 1398 317 1452 anania
334 1396 504 1449 notescere
525 1401 574 1446 acet
594 1392 737 1462 imputari.
773 1390 894 1460 Respon·
921 1392 1052 1446 videlicet
1078 1393 1190 1447 diaboli
1207 1401 1234 1446 et
1251 1394 1416 1462 impioram,
1439 1410 1512 1462 qaae
1528 1410 1585 1447 non
1605 1395 1760 1464 adjuvante

59 1486 172 1541 demus:
192 1483 299 1554 egimus
318 1481 371 1535 hac
388 1481 473 1543 dere,
494 1484 628 1550 quantum
642 1475 895 1532 causationum
925 1480 987 1530 Deo
1008 1481 1109 1532 anatit
1127 1496 1156 1532 ae
1175 1498 1193 1532 a
1214 1482 1284 1533 Deo.
1319 1480 1364 1534 Ad
1382 1479 1525 1550 publicum
1544 1479 1614 1534 illud
1633 1481 1760 1535 ecclecia-

60 1571 97 1626 de
119 1569 201 1626 bonis
226 1567 355 1639 operibns
374 1564 400 1639 ξ.
419 1572 461 1621 44.
479 1565 528 1620 ubi
546 1564 712 1618 virulentam
730 1562 805 1616 illam
823 1559 897 1615 calu·
923 1581 983 1617 rum
999 1569 1154 1618 nostrarum
1167 1565 1323 1635 symbolum
1336 1565 1473 1636 erigenda
1485 1573 1557 1635 sunt,
1576 1582 1760 1637 quaecunque

59 1656 166 1710 mniam
195 1654 261 1709 felle
293 1652 431 1707 diabolico
461 1651 601 1722 perfusam
633 1650 772 1703 diluimus.
816 1647 968 1702 Certeivel
987 1667 1004 1703 a
1025 1650 1160 1720 Luthcro‚
1184 1651 1229 1706 vel
1249 1651 1427 1707 Melanthone
1450 1651 1556 1707 fervore
1575 1652 1761 1707 contentionis

60 1749 198 1815 quantum
216 1739 342 1795 Christus
361 1755 378 1792 a
395 1739 506 1795 Simone
525 1738 624 1808 Mago,
646 1735 784 1790 redemtor
803 1707 987 1800 mundiionm
1010 1735 1175 1790 adversariis
1197 1737 1248 1790 sub
1266 1737 1362 1807 primis
1382 1738 1460 1791 annis
1479 1743 1544 1791 sunt
1561 1739 1677 1808 prolata.
1713 1738 1760 1791 Li·
1800 1730 1805 1737 ’

61 1829 100 1885 ab
124 1828 276 1898 impostore
291 1823 425 1895 pessimo,
441 1823 533 1894 gratia
551 1823 605 1877 Dei
625 1839 643 1876 a
661 1821 753 1893 gratia
772 1816 898 1884 Simonis,
910 1812 913 1935 1
925 1819 1005 1874 brurn
1031 1820 1064 1875 de
1087 1839 1166 1876 servo
1187 1822 1303 1877 arbitrio
1322 1821 1459 1892 quomodo
1477 1821 1597 1893 intelligi
1614 1822 1695 1892 velit,
1717 1841 1761 1877 ex·

60 1914 177 1968 libertas
196 1910 354 1966 Christiana
372 1926 389 1963 a
408 1908 543 1980 peccandi
562 1907 684 1973 licentia,
703 1907 766 1960 viva
776 1903 846 1958 tides
862 1900 897 1955 ab
910 1949 913 1967 ,
925 1906 1018 1976 posuit
1042 1907 1102 1977 ipse
1130 1907 1270 1962 Lutherns
1292 1908 1321 1962 in
1346 1925 1443 1962 comm.
1469 1924 1529 1978 cap.
1554 1914 1596 1966 26.
1614 1907 1714 1964 Genas.
1734 1913 1762 1962 et

59 2000 137 2054 inani
154 1997 341 2069 persuadente,
359 1996 414 2050 imo
435 1998 569 2066 quantum
588 2008 724 2047 summum
738 1989 844 2046 coelum
859 1987 897 2041 di·
925 2008 986 2062 cap.
1010 1998 1047 2048 lt.
1066 1993 1166 2047 Matth.
1194 1993 1325 2047 Absolvit
1341 2010 1391 2048 nos
1410 1993 1446 2048 ab
1465 1994 1519 2047 hae
1538 1995 1645 2049 haeresi
1659 1994 1762 2050 Suaree

60 2091 117 2139 stat
134 2084 171 2139 ab
188 2082 284 2138 infima
300 2090 381 2150 terra,
399 2087 507 2135 tantum
525 2085 620 2134 nostra
637 2076 773 2132 sententia
785 2075 821 2130 ab
833 2073 897 2127 hae-
925 2078 1036 2134 Jesuita
1053 2079 1100 2135 lib.
1120 2078 1156 2133 de
1168 2080 1251 2134 variis
1267 2097 1362 2150 opusc.
1375 2079 1458 2134 theol.
1471 2080 1519 2136 lib.
1533 2086 1558 2137 2.
1571 2098 1593 2136 a.
1607 2089 1630 2138 2.
1644 2099 1718 2135 num.
1732 2088 1761 2136 5:

60 2171 114 2226 resi
133 2169 293 2225 Simoniana
312 2176 340 2224 et
354 2167 557 2224 Eunominiana
570 2165 717 2234 discrepat.
748 2160 900 2216 Eunomius
926 2167 972 2218 Dc
998 2167 1107 2218 actione
1136 2167 1221 2220 malta
1250 2168 1347 2236 quoad
1373 2167 1498 2230 formale
1514 2168 1628 2236 peccati
1644 2185 1700 2219 non
1722 2175 1762 2219 est

60 2257 146 2311 talem
165 2255 249 2310 iidem
269 2255 455 2326 praedicavit,
472 2270 544 2325 quae
564 2269 625 2306 eum
645 2249 817 2322 quibuslibet
834 2263 898 2316 pee-
926 2252 1115 2305 controoera'a
1134 2252 1208 2305 inter
1228 2251 1402 2319 Catholicae,
1430 2252 1468 2304 cit
1487 2269 1554 2319 erpo
1568 2254 1631 2320 fide
1649 2261 1762 2321 certam,

60 2344 131 2399 catis
153 2349 227 2396 stare
251 2341 352 2412 possit,
379 2340 488 2395 etiamsi
513 2339 594 2394 horno
617 2338 645 2391 in
666 2336 723 2390 illis
742 2338 899 2406 perseveret
928 2339 1021 2390 Deam
1049 2339 1131 2392 nullo
1160 2340 1242 2393 modo
1271 2338 1410 2391 inclinare
1433 2339 1474 2390 ad
1492 2338 1619 2404 formale
1641 2340 1762 2407 peccati,

61 2437 134 2484 teste
152 2428 313 2499 Augustino
331 2428 366 2481 de
383 2425 488 2480 baares.
509 2442 533 2483 c.
553 2431 594 2480 51.
614 2422 687 2477 Num
707 2437 771 2475 sero
785 2436 836 2474 nos
851 2419 897 2472 do·
926 2440 976 2477 nec
994 2425 1130 2477 baaedcs'
1147 2424 1198 2492 (aio
1220 2423 1343 2494 appellat
1364 2422 1564 2490 Protestantes)
1582 2424 1633 2477 boc
1652 2432 1763 2492 nepent,

62 2534 157 2571 cemus
184 2514 270 2569 talem
292 2510 396 2567 fidem?
434 2509 554 2564 absolvit
578 2526 628 2563 nos
652 2508 688 2562 ab
711 2506 765 2561 hoc
784 2505 898 2560 crimine
927 2511 993 2564 dene
1018 2511 1090 2564 enim
1112 2519 1228 2580 nomnt,
1252 2527 1303 2564 nec
1328 2513 1420 2563 Deam
1437 2527 1522 2579 posce
1539 2511 1684 2564 intendere
1700 2513 1762 2575 sor.
1865 2549 1869 2556 .

61 2600 324 2673 ipse'Bellerminus
344 2596 393 2653 lib.
416 2603 437 2652 1.
458 2595 492 2651 da
507 2594 597 2664 justit.
610 2611 634 2650 e.
648 2599 672 2648 3.
683 2593 732 2647 lib.
747 2597 771 2647 3.
783 2592 819 2646 de
828 2592 897 2661 just.
926 2597 1000 2650 male
1014 2595 1142 2665 peccati,
1161 2613 1211 2648 nec
1229 2596 1368 2649 inclinare
1385 2596 1555 2648 oolamatcm
1573 2597 1706 2665 bominis,
1733 2605 1764 2651 at

62 2705 85 2743 c.
105 2694 131 2743 0.
151 2687 200 2743 lib.
221 2692 246 2740 1.
266 2703 289 2740 o.
312 2690 333 2740 1.
353 2691 380 2738 et
398 2690 422 2739 4.
440 2681 489 2736 ubi
508 2688 613 2744 monet,
634 2681 733 2734 doceri
750 2697 768 2732 a
787 2679 898 2741 aaran,
925 2682 1002 2736 illud
1019 2683 1153 2736 attendat.
1179 2681 1225 2736 lib.
1249 2687 1271 2738 1.
1291 2697 1315 2735 e.
1335 2685 1358 2736 2.
1378 2678 1406 2755 ξ
1423 2681 1487 2738 Non
1506 2697 1587 2753 ergo:
1608 2682 1764 2753 Propriam

62 2774 142 2844 qaod
158 2789 226 2826 aera
237 2772 314 2840 fides
332 2787 387 2824 non
402 2768 496 2837 parcit
512 2785 571 2821 ease
588 2768 647 2820 cine
668 2767 747 2819 bonie
759 2765 898 2835 operibus·
926 2785 1040 2831 caeream
1056 2769 1167 2838 peccati
1181 2770 1312 2835 fatentur
1330 2770 1496 2823 adversarii
1514 2785 1573 2823 case
1592 2768 1763 2823 volantatem
1858 2798 1861 2804 ·

62 2857 202 2914 Pontificii
220 2873 285 2911 vero
304 2855 413 2924 docent,
428 2853 512 2908 fidem
522 2871 603 2924 posse
622 2870 684 2907 asse
701 2852 806 2921 absque
819 2849 899 2904 bonis
925 2855 1085 2910 hamanum.
1128 2855 1232 2911 Videat
1256 2859 1348 2910 autem
1369 2855 1567 2923 Bellarminns‚
1595 2873 1630 2911 ne
1649 2855 1765 2927 ipsemet

60 2943 202 3016 operibus,
223 2941 264 2996 illi
282 2956 349 3013 ergo
361 2939 498 2994 Eunomio
512 2938 656 2992 similiores
668 2945 734 2992 sunt
746 2953 829 3008 quam
840 2952 899 2990 110⁸·
926 2959 989 2997 reus
1006 2941 1056 2997 fiat
1073 2941 1147 2996 illius
1159 2941 1312 3006 haereseos,
1332 2957 1415 3012 qnam
1435 2942 1606 2997 mendaciter
1624 2941 1703 2996 nobis
1715 2943 1763 2997 tri·

63 3030 244 3102 Retpondessi
266 3046 316 3099 pro
341 3027 421 3081 nobis
439 3027 498 3096 ipse
518 3025 715 3079 Bellarminus:
744 3023 903 3077 Simoniani
927 3027 1002 3098 buit,
1029 3028 1155 3098 disputat
1173 3029 1259 3092 enim,
1277 3029 1414 3082 hominem
1427 3044 1484 3098 per
1496 3037 1644 3097 peccatum
1656 3030 1763 3082 amiam

63 3118 203 3171 docebant
222 3113 331 3182 (scribit
349 3113 399 3167 boe
418 3112 501 3179 loeo),
522 3112 658 3164 bornincm
680 3109 790 3162 salvari
806 3125 901 3161 secan·
922 3115 1038 3183 juditia
1057 3115 1196 3182 miptnali
1211 3122 1341 3169 comeare
1359 3130 1391 3167 cx
1408 3130 1493 3166 carue
1512 3122 1538 3166 et
1554 3115 1668 3184 ,pii-itu,
1688 3118 1762 3168 unde

64 3207 135 3257 dam
159 3201 282 3271 qratiam
311 3199 434 3253 simona
455 3198 558 3265 Ma9i;
587 3196 779 3250 Protectantec
805 3195 902 3247 dictant
928 3200 1088 3256 contrariae
1106 3199 1309 3269 propomam
1333 3207 1359 3250 et
1378 3215 1518 3268 praeceps
1536 3201 1577 3252 ad
1593 3201 1662 3253 „2250
1682 3202 1763 3254 ineu.

62 3288 176 3359 (scribit
192 3287 242 3342 lib.
263 3291 285 3341 1.
303 3286 339 3340 de
355 3282 467 3355 justitio.
486 3299 510 3337 c.
532 3286 593 3351 12),
612 3290 741 3351 oportere
754 3298 806 3334 naa
815 3280 901 3349 jasti-
928 3287 1006 3338 natio
1031 3286 1199 3351 exctitertnt,
1226 3291 1311 3336 natae
1338 3301 1371 3336 ee
1396 3283 1486 3353 span
1510 3293 1630 3338 naturae
1654 3304 1673 3337 a
1700 3288 1762 3339 Deo

57 3376 151 3446 ficari
174 3381 281 3428 tantam
304 3389 360 3441 per
386 3371 509 3438 qratiam
538 3369 597 3422 Dei
623 3368 654 3421 iu
682 3366 794 3420 Uiriato
823 3367 902 3434 Jeme,
929 3380 1041 3425 creatae
1067 3370 1233 3423 conditione.
1278 3370 1344 3422 Non
1362 3370 1455 3438 mapia
1468 3371 1578 3439 differt,
1598 3371 1696 3442 inquit,
1714 3371 1763 3427 lib.

63 3479 151 3532 qnam
163 3476 220 3530 per
231 3460 319 3530 fidem
332 3465 440 3510 tantam
454 3455 698 3525 apprehendimus.
732 3452 905 3505 &anomiani
932 3465 953 3513 1.
975 3458 1010 3512 de
1033 3462 1104 3528 grat.
1129 3453 1208 3525 prim.
1235 3455 1307 3508 hom.
1331 3472 1354 3509 c.
1383 3463 1405 3509 5.
1433 3463 1523 3509 amaa
1544 3457 1683 3510 hominnm
1701 3465 1765 3528 poet

10 3557 51 3606 u.
65 3548 206 3602 meabant
231 3544 337 3614 (scribit
362 3541 414 3596 1100
433 3541 519 3608 1000),
543 3558 599 3593 uon
611 3557 697 3608 110101
716 3539 824 3591 homiui
840 3539 902 3591 11110
929 3545 1040 3613 lapaain
1054 3543 1139 3595 Adae
1159 3560 1177 3593 a
1194 3548 1268 3594 statu
1288 3541 1413 3609 ejusdem
1432 3542 1460 3594 in
1476 3543 1560 3611 picria
1577 3544 1763 3613 naturalibus,

61 3641 183 3705 peccata
198 3647 314 3698 nocere,
331 3630 415 3682 modo
429 3629 518 3696 fidem
537 3625 655 3694 brocca
682 3625 824 3691 confessio
843 3627 902 3678 Aa·
929 3648 1013 3700 qaam
1031 3631 1148 3699 differat
1165 3628 1305 3696 epoliatrn
1325 3645 1342 3679 a
1361 3629 1451 3691 nudo,
1479 3646 1566 3698 neque
1583 3632 1707 3686 deterior
1725 3639 1766 3686 aa

63 3728 188 3791 peamau
208 3715 317 3787 (scribit
334 3715 413 3770 lib-4·
428 3711 586 3783 dejufltific·
601 3727 625 3766 ⁰·
643 3718 664 3765 1-
676 3706 704 3781 ξ
716 3710 759 3763 AO
772 3710 901 3780 primum)
929 3720 1052 3772 bumana
1070 3722 1182 3782 natura,
1200 3714 1227 3767 ai
1245 3714 1357 3784 colpam
1376 3716 1544 3782 oripinalem
1557 3719 1699 3783 danaber,
1719 3735 1765 3772 ne·

58 3824 119 3877 per
143 3807 234 3860 calani
259 3804 342 3869 tidem
366 3818 421 3854 non
447 3799 571 3852 excludit
597 3797 674 3850 aliae
698 3797 827 3865 virtuter,
852 3797 904 3848 sed
929 3819 981 3873 qne
1003 3802 1095 3870 mapic
1113 3801 1276 3870 ipnorants'a
1295 3809 1320 3854 et
1341 3801 1503 3871 infirmitate
1525 3804 1653 3874 laborat,
1679 3823 1765 3875 quarn

62 3892 196 3947 meritam
228 3890 362 3959 ipsoram.
411 3885 537 3940 Ibidem:
571 3886 764 3938 Protaatantea
791 3891 903 3951 nepant,
930 3896 999 3943 ωσι
1027 3896 1054 3941 et
1086 3887 1229 3941 laboraret
1261 3887 1290 3938 in
1319 3888 1403 3956 paria
1432 3890 1611 3943 naturalitus
1641 3894 1765 3946 condita,

56 3982 151 4049 fidem
170 3992 255 4047 pocae
281 3992 342 4028 cam
366 3973 449 4027 malie
467 3972 597 4041 operibm
616 3970 774 4025 0011111100.
811 3967 859 4021 lib·
880 3973 901 4021 l·
929 3976 1057 4029 Proinde
1086 3974 1229 4042 corruptio
1257 3981 1376 4026 naturae
1399 3992 1456 4028 non
1483 3991 1516 4027 ea
1542 3976 1665 4045 alicujus
1696 3980 1766 4032 doni

62 4069 100 4122 de
121 4065 190 4135 just
209 4079 232 4116 0.
254 4067 292 4115 15.
313 4060 425 4125 dictent,
444 4059 530 4126 fidem
548 4057 638 4111 colam
654 4056 828 4124 justificare,
852 4056 903 4107 sed
928 4060 1071 4114 nataralia
1089 4060 1232 4127 carentia,
1261 4075 1349 4126 neque
1369 4075 1401 4111 ca
1419 4059 1542 4127 eliacim
1560 4062 1653 4114 malae
1672 4065 1764 4131 qnali-

63 4169 128 4207 eam
152 4168 209 4203 non
227 4162 286 4200 ease
304 4146 402 4200 aelam.
439 4144 511 4200 Num
530 4160 595 4198 vero
612 4141 681 4196 haec
700 4141 819 4196 invicem
838 4158 901 4197 aon-
930 4149 996 4202 tatic
1021 4164 1148 4215 accessa,
1176 4146 1229 4199 ced
1252 4160 1283 4198 ca
1306 4145 1370 4198 sola
1393 4145 1463 4198 doni
1485 4148 1711 4215 acpcrnataralc's
1730 4150 1763 4202 ab

62 4236 201 4293 veniunt?
230 4234 285 4287 imo
307 4248 372 4286 sero
397 4248 413 4285 a
438 4231 572 4285 diametro
596 4228 649 4283 sibi
677 4233 742 4282 sunt
767 4227 902 4299 opposita.
929 4236 1011 4288 Adae.
1038 4241 1186 4304 peccatam
1216 4232 1366 4284 amissione
1393 4231 1539 4300 profluxit.
1580 4233 1620 4286 At
1642 4232 1694 4288 bac
1720 4251 1763 4290 ra.

61 4322 181 4377 Toleto·
204 4320 234 4373 iu
251 4334 348 4374 comm·
368 4315 468 4373 Johan·
491 4322 535 4372 132
562 4316 717 4368 Emomt'tw
737 4316 902 4384 affirmavit,
928 4322 1003 4376 tione
1029 4320 1143 4376 rebellio
1169 4317 1259 4372 carnis
1287 4317 1419 4371 adversus
1446 4316 1573 4387 spiritum
1596 4317 1623 4371 in
1652 4318 1765 4374 homine

63 4411 150 4477 fidem
181 4408 223 4459 ad
253 4405 372 4458 calinen
404 4404 553 4472 sufficere;
582 4403 776 4454 Protoetantes
804 4403 1047 4463 docentwofertur
1065 4406 1101 4461 ad
1121 4406 1210 4478 ipsam
1228 4407 1356 4458 naturam
1375 4402 1465 4457 aDeo
1485 4402 1634 4473 conditam,
1653 4421 1686 4460 ae
1701 4424 1764 4477 pro·

64 4495 194 4565 padam,
212 4493 253 4544 ad
269 4491 387 4544 salntem
407 4490 555 4558 cufitcere,
573 4496 677 4557 nepant
695 4495 801 4551 tamen,
813 4488 902 4555 fidem
913 4524 916 4571 Ι
929 4493 993 4547 inde
1011 4497 1127 4547 naturae
1146 4495 1250 4555 annm,
1268 4489 1321 4544 hoc
1333 4494 1375 4543 est
1387 4488 1472 4557 Deus,
1491 4489 1669 4544 constituitur
1681 4508 1765 4548 eausa

64 4582 151 4636 allam
167 4579 228 4631 aine
246 4576 377 4646 apsidem
398 4592 455 4628 cece
471 4592 564 4643 posse.
591 4573 728 4645 Agnoscit
739 4571 833 4643 igitur,
848 4572 1001 4634 Flu-*illius
1029 4575 1201 4643 rebellionis,
1231 4591 1314 4646 quarn
1343 4592 1407 4630 vere
1430 4582 1575 4646 peccatum
1598 4594 1657 4632 esse
1684 4578 1765 4634 docet

65 4665 191 4722 namium
210 4661 384 4734 praedicasse
405 4661 488 4714 fidem
508 4660 616 4714 inanem
633 4665 818 4723 0101000010,
836 4658 903 4711 Pro·
928 4665 1070 4737 apostolus
1090 4664 1171 4718 Rom.
1191 4669 1219 4724 7,
1237 4678 1263 4716 r.
1281 4669 1303 4716 7.
1322 4668 1350 4716 et
1366 4678 1441 4733 seqq.
1480 4661 1542 4718 Gal.
1566 4669 1589 4728 5,
1608 4680 1632 4718 v.
1655 4671 1693 4720 11.
1710 4671 1763 4722 etc.

64 4758 203 4808 1111011101
227 4766 292 4803 vero
314 4749 404 4802 vivam
426 4754 456 4801 et
478 4764 528 4817 per
553 4763 637 4816 opera
657 4745 806 4800 ationem.
842 4744 902 4799 Sta·
928 4752 1006 4807 ldem
1026 4750 1073 4807 lib.
1095 4755 1118 4804 2.
1138 4749 1174 4804 de
1191 4754 1261 4819 grat.
1280 4754 1307 4801 et
1325 4747 1372 4801 lib.
1393 4748 1486 4802 arbitr.
1507 4764 1569 4819 cap.
1587 4755 1610 4806 8.
1633 4750 1765 4822 disputat,

63 4841 196 4912 platanus
218 4835 267 4890 lib.
296 4841 321 4891 9.
341 4835 376 4888 de
390 4832 505 4905 justitie.
521 4849 545 4886 0.
564 4839 593 4886 l:
622 4833 723 4885 Omnes
741 4833 903 4884 Proteatun·
930 4841 1022 4891 Deam
1046 4835 1176 4889 absolata
1199 4835 1341 4888 voluntate
1363 4835 1434 4888 velle
1457 4835 1569 4888 salvare
1590 4838 1690 4892 miritae
1708 4846 1765 4891 tarn

64 4936 109 4982 tea
127 4927 169 4978 ad
184 4941 269 4976 anam
285 4923 395 4986 dicant,
414 4922 511 4987 fidem,
531 4935 601 4987 qnae
614 4919 764 4986 jmtt'ficat,
784 4934 842 4970 0100
863 4919 902 4970 υἱ·
926 4924 1076 4994 paradeo,
1103 4929 1160 4974 tam
1188 4921 1303 4973 adulter
1331 4928 1355 4973 ct
1380 4922 1508 4975 absolata
1528 4923 1672 4976 voluntate
1691 4926 1766 4980 aliae

62 5031 131 5068 ram
167 5019 193 5065 ct
229 5016 390 5079 operantem
420 5025 474 5075 per
511 5006 656 5058 caritatem
686 5004 800 5073 aliaqrce
831 4994 982 5064 bona¹nan
1019 5008 1090 5062 celle
1127 5006 1240 5059 salvare
1280 5014 1336 5059 tam
1364 5008 1516 5076 perorator,
1554 5019 1610 5062 tam
1642 5012 1766 5066 adulter.

62 5115 163 5169 opera.
200 5096 281 5165 Vega
299 5094 363 5149 libr.
386 5100 424 5148 15.
446 5093 480 5145 de
495 5090 609 5161 justitie.
629 5106 652 5145 o.
671 5096 699 5143 5:
719 5065 1015 5168 ‹lenificata-'Atqui
1038 5093 1166 5149 absoluta
1193 5092 1241 5146 illa
1264 5093 1390 5147 voluntas
1416 5111 1472 5148 non
1496 5094 1622 5148 salvandi
1648 5096 1766 5151 includit

62 5203 129 5239 nean
140 5191 166 5236 et
178 5183 427 5251 canctrficationern
441 5187 498 5232 tam
511 5178 676 5245 conjunctas
688 5178 903 5245 tamqaecobae·
915 5168 918 5207 Ι
928 5182 981 5237 hoc
999 5182 1104 5251 ipsum,
1129 5179 1203 5250 quod
1224 5178 1300 5233 Deua
1319 5184 1415 5234 auctor
1437 5179 1474 5233 sit
1494 5187 1686 5252 peecatorum,
1703 5201 1765 5253 pro·

61 5277 158 5325 rentes
177 5286 234 5322 ecce
256 5274 472 5332 conmemorant
492 5263 654 5331 nonpoaait
672 5261 792 5314 alteram
811 5265 847 5315 ab
862 5264 991 5339 ‹ct-fpter
1020 5282 1091 5338 quae
1117 5264 1297 5328 damnantur,
1330 5271 1361 5318 ut
1379 5270 1456 5335 patet
1474 5283 1507 5320 er
1527 5267 1714 5336 disputatione
1730 5268 1766 5324 de

62 5368 127 5414 tero
148 5355 255 5411 anelli.
916 5352 1058 5406 ¹absoluto
1076 5349 1276 5419 reprobationis
1295 5349 1406 5404 decreto
1422 5357 1518 5405 contra
1537 5350 1721 5412 calvinianos.
