4004 6022
816 287 869 345 nt
887 287 1080 348 nomam
1730 305 1790 365 ³29

89 448 150 498 4444
183 441 213 498 in
240 439 390 512 Scripturis
417 442 610 513 synecdochen
636 442 707 499 illud
733 445 843 516 saepius
868 443 929 500 fieri
957 444 1114 516 immunislp
1148 465 1175 504 v.
1197 452 1244 503 tl:
1263 448 1433 517 justificent
1450 449 1608 504 4444444414
1624 451 1720 506 imit
1733 454 1793 507 nni·

91 528 281 595 concedimus,
299 527 407 583 interim
427 536 520 585 tamen
536 536 629 586 manet
647 531 733 588 robur
750 533 930 604 acvisargn-
956 547 1032 584 mem
1065 551 1147 588 niam
1181 536 1391 604 comparatione
1423 537 1675 605 masuaricatriois
1702 540 1792 594 dada.

91 615 180 671 menti
199 613 295 668 nestri.
327 613 512 686 Nequaquam
530 616 662 687 dicimus,
691 619 720 673 in
739 626 869 690 corrupte
887 635 931 675 sc-
957 634 980 672 e.
1007 623 1038 685 e,
1067 636 1093 674 v.
1123 625 1168 675 13:
1206 622 1233 674 A
1257 623 1398 691 proptera
1429 639 1516 692 aspro
1546 626 1587 677 ed
1620 627 1794 680 sacerdotem

91 701 197 757 clasiae
216 705 291 755 statu
312 700 402 754 nullos
423 717 566 771 superesse
586 702 673 759 bonos
692 711 721 760 et
738 705 854 774 eiectos,
881 706 930 760 ssd
957 709 1049 757 444441
1072 706 1184 768 facient
1206 708 1392 764 mendacium.
1423 724 1447 763 c.
1473 715 1502 776 1,
1526 726 1551 763 v.
1573 715 1619 764 284
1650 711 1731 765 Η444
1753 719 1794 765 est

91 789 129 842 sd
154 803 218 842 cam
242 785 412 855 paucitatem
433 786 496 842 illos
513 788 602 860 redigi
621 807 715 859 posse,
742 798 848 846 utnon
867 806 930 844 con·
957 795 1031 858 9444,
1050 807 1122 859 qaae
1138 809 1195 844 444
1214 793 1325 846 audiuit
1341 810 1434 848 secem
1453 794 1571 848 Domini
1589 794 1649 849 Dei
1664 797 1721 861 sai,
1744 814 1794 851 nee

91 873 212 928 sdtuent
236 872 356 943 aliquem
375 871 512 927 visibilem
532 878 560 928 et
579 874 712 930 illustrem
732 882 857 946 costum,
881 878 930 931 sed
957 876 1064 943 recepit
1082 877 1272 945 disciplinam,
1287 878 1375 947 periit
1392 879 1463 941 fides
1481 887 1508 932 et
1526 880 1624 933 441444
1642 888 1682 934 est
1697 884 1733 935 de
1745 899 1793 935 ere

92 958 171 1014 velut
190 974 279 1029 gram
295 957 324 1011 in
343 974 442 1012 acervo
460 960 603 1029 palearum
622 960 736 1018 lateant.
769 962 816 1018 Sic
833 962 931 1016 Esaias
957 979 1060 1015 eorum.
1099 962 1198 1016 Erech.
1217 970 1241 1023 1,
1260 981 1286 1019 4.
1306 970 1352 1019 ic:
1374 966 1485 1018 Peribit
1503 965 1548 1019 les
1565 983 1585 1019 a
1602 971 1748 1021 sacerdote
1767 976 1794 1022 ot

92 1043 287 1116 conqueritur,
317 1059 363 1099 eos
384 1043 431 1115 qui
449 1045 630 1116 praecipuum
648 1047 676 1100 in
695 1047 812 1103 ecclesia
828 1047 930 1102 risibili
957 1048 1102 1100 consilinm
1122 1066 1141 1101 o
1160 1049 1324 1103 senioribus.
1360 1050 1460 1105 Erech.
1480 1056 1522 1120 22,
1541 1068 1567 1103 4.
1587 1057 1633 1108 24))
1653 1053 1793 1108 84444414-

91 1131 186 1186 locum
205 1135 309 1197 tenent,
329 1131 495 1199 sacerdotes,
516 1148 611 1203 reges,
628 1133 754 1204 adeoque
773 1134 930 1190 universum
957 1133 1150 1186 tes'cielsnter
1169 1143 1368 1203 oppresserant
1389 1137 1476 1205 lepem
1493 1154 1583 1191 msam
1595 1139 1793 1208 sepellierunt

91 1215 152 1270 isrs
174 1215 307 1286 populum
332 1231 437 1271 avers
451 1216 584 1288 religione
600 1223 628 1273 st
644 1219 749 1289 pietate
769 1220 930 1291 desciviss03
957 1220 1122 1272 sandrario
1147 1237 1229 1290 mao,·
1262 1239 1288 1276 r.
1312 1227 1358 1276 28:
1383 1223 1539 1292 prephatus
1557 1226 1619 1293 ejas
1635 1226 1793 1280 incrustent

91 1302 206 1358 interim
229 1309 323 1357 tamen
347 1303 426 1357 addit
447 1321 472 1358 v.
491 1310 523 1358 9:
557 1293 625 1358 Nisi
644 1307 784 1359 Dominus
800 1291 945 1376 reliquiisi
958 1320 1005 1357 444
1031 1307 1108 1359 calos
1132 1323 1188 1359 non
1211 1313 1285 1359 recte
1308 1309 1409 1376 mista,
1441 1310 1566 1363 ridentm
1582 1328 1658 1365 cana
1678 1320 1704 1365 et
1722 1312 1793 1365 dioi-
1849 1293 1852 1297 ⁴

92 1397 135 1444 444
157 1390 239 1443 nobes
262 1405 368 1459 semen,
397 1391 480 1458 quasi
507 1391 632 1444 Sodoma
653 1391 807 1455 fuissemus
825 1401 851 1446 et
874 1394 930 1447 Go-
957 1398 1054 1448 nentes
1078 1392 1271 1462 mendacium,
1297 1411 1323 1448 v.
1344 1398 1392 1448 30.
1420 1396 1547 1463 quaesivi
1574 1399 1609 1449 de
1632 1398 1672 1450 ess
1693 1399 1793 1465 sirum,

92 1475 227 1531 merciae
246 1474 358 1528 similes.
395 1475 530 1530 ieremias
547 1475 645 1531 itidem
657 1478 842 1549 conqueritur,
856 1480 945 1564 quod
958 1477 1008 1544 qai
1036 1477 1225 1546 imaponsret
1253 1494 1360 1546 sepem,
1392 1488 1418 1533 44
1446 1500 1503 1534 nen
1535 1482 1636 1538 inveni
1676 1483 1793 1554 Η44.4,

91 1561 177 1634 pauci
194 1567 370 1632 superessent
387 1560 469 1631 boni,
485 1577 541 1615 non
559 1569 665 1631 autem,
684 1564 759 1634 qued
780 1565 864 1634 44111;
890 1572 930 1620 at·
956 1580 983 1618 4.
1032 1565 1143 1617 :Non
1170 1572 1211 1618 est
1233 1565 1335 1619 ceritas
1360 1573 1387 1618 st
1409 1585 1464 1620 non
1489 1575 1529 1620 est
1550 1569 1748 1624 misericordia
1767 1526 1794 1625 41

93 1663 150 1717 que
167 1646 222 1701 hoc
239 1645 342 1701 sufficit
360 1646 487 1701 instituto
503 1653 611 1711 nostro,
629 1665 720 1721 neque
738 1649 811 1705 enim
823 1667 930 1722 pugna-
942 1630 1073 1702 inanest
1090 1650 1209 1704 scientia
1228 1652 1318 1704 Des·
1305 1670 1335 1705 tn
1352 1660 1437 1707 terra
1474 1671 1499 1706 v.
1521 1660 1552 1709 6:
1572 1656 1652 1708 Perti
1664 1657 1793 1725 populus

93 1749 165 1800 mus,
188 1732 334 1787 ecclesiam
353 1733 464 1803 penitus
479 1730 605 1797 deficere,
625 1737 675 1791 sed
695 1737 769 1808 qnod
789 1708 1048 1807 publicumimeus,
1076 1751 1108 1788 eo
1133 1738 1210 1804 qnod
1234 1754 1292 1791 non
1316 1737 1444 1792 1441444414
1468 1741 1621 1797 4444441444
1669 1742 1743 1804 Quin
1761 1750 1792 1795 tn

94 1817 233 1873 ecclesiae
250 1819 431 1874 ministerium
451 1820 618 1892 degenerare
635 1829 664 1876 et
683 1822 821 1893 corrumpi
836 1823 932 1893 possit,
956 1820 1104 1874 seientiam
1121 1823 1263 1893 sepelisti,
1282 1825 1420 1894 repellam
1437 1834 1476 1894 te,
1495 1844 1529 1880 ne
1547 1829 1707 1880 sacerdotio
1725 1829 1791 1892 sun-

93 1903 125 1958 id
157 1903 234 1974 qnod
260 1903 360 1959 Esaiae
387 1911 416 1959 et
441 1905 581 1962 ieremias
606 1909 733 1978 querelae
759 1908 931 1979 apertissime
956 1907 1036 1976 paris
1055 1907 1133 1964 milii.
1152 1926 1178 1961 v.
1197 1915 1227 1965 9:
1246 1911 1374 1980 Populus
1392 1922 1433 1966 est
1449 1913 1522 1966 siccet
1538 1916 1681 1968 sacerdos.
1700 1932 1726 1967 v.
1748 1921 1791 1970 12:

93 1988 287 2061 comprobant.
333 1991 379 2044 Sic
402 1992 474 2046 enim
498 1992 597 2048 Esaias
622 1994 732 2049 intonat
755 2010 779 2050 c.
807 2001 832 2060 1,
856 2012 881 2051 v.
902 2002 931 2050 2:
958 1991 1085 2061 Spiritus
1107 1994 1316 2058 fornicatorum
1335 1998 1445 2066 decepit
1464 2014 1511 2052 eos
1530 2007 1557 2052 44
1566 2001 1713 2066 sernieali
1728 2008 1792 2055 sunt

79 2075 338 2130 ’Δ4441444441144
354 2078 470 2132 ascribas
483 2080 600 2149 percipe
618 2087 705 2146 terra,
725 2082 857 2151 qrteniam
872 2084 931 2136 Do·
958 2095 976 2131 a
995 2079 1120 2133 Domino
1140 2082 1204 2134 Dee
1221 2098 1281 2135 sno.
1308 2081 1392 2135 Mich.
1411 2089 1440 2146 1,
1463 2101 1491 2138 r.
1511 2089 1539 2138 2:
1566 2086 1659 2139 Periit
1677 2094 1790 2139 sanctus

93 2162 189 2215 minus
206 2162 315 2216 1444444
335 2171 388 2228 ost,
414 2163 490 2230 tilios
518 2167 637 2219 matrici
661 2174 687 2220 et
709 2168 847 2231 44414441,
875 2169 933 2238 ipsi
957 2165 993 2215 dt
1020 2171 1096 2217 terra
1123 2173 1151 2218 44
1178 2173 1270 2219 rectus
1297 2168 1328 2220 in
1355 2168 1512 2222 dominibus
1535 2189 1591 2223 non
1617 2179 1663 2226 est.
1708 2172 1791 2226 Tales

94 2256 188 2303 444444)
212 2258 375 2319 sprevemnt
399 2268 460 2319 rne,·
490 2269 516 2304 s.
537 2257 569 2307 4:
600 2269 652 2305 ree
673 2255 750 2321 qenti
767 2256 931 2323 peccatrici,
957 2249 1087 2319 querelas
1105 2268 1139 2305 ex
1157 2252 1299 2322 prophetis
1318 2254 1454 2308 cumulari
1472 2262 1589 2324 possunt
1605 2256 1688 2326 lenge
1705 2257 1790 2327 pluri-

88 2335 201 2406 pepnte
221 2336 306 2404 94441
321 2336 482 2406 iniquitate,
506 2337 608 2391 semini
625 2355 759 2408 nequam,
774 2341 849 2406 filiis
865 2355 931 2412 por·
957 2350 1031 2403 msc,
1055 2335 1157 2406 quibus
1180 2338 1350 2407 ostenditur,
1379 2338 1473 2394 tabem
1496 2340 1668 2396 idololatrias
1686 2349 1714 2397 et
1731 2358 1790 2396 cor-

93 2423 180 2491 ditis,
205 2423 415 2492 dereliquerant
431 2425 600 2493 Dominum,
620 2425 849 2495 blasphemas-ant
866 2443 931 2480 san·
956 2421 1128 2489 ruptelarum
1146 2427 1236 2479 tetum
1254 2424 1372 2479 risibilis
1388 2425 1521 2481 ecclesiae
1534 2442 1635 2496 corpus
1648 2427 1789 2495 invasisse,
1803 2428 1838 2470 ¹2
1853 2427 1897 2471 ¹¹&

93 2517 168 2563 4444
188 2509 406 2578 [4444444441
422 2519 487 2565 4444
504 2519 675 2583 retrorsum
693 2530 718 2566 r.
731 2517 765 2565 5.-
785 2520 872 2567 tetam
886 2529 931 2566 ee·
955 2506 1066 2561 interim
1089 2513 1182 2562 minen
1199 2509 1277 2565 Deus
1303 2510 1332 2564 in
1349 2511 1556 2581 corruptissimo
1574 2512 1706 2567 ecclesiae
1725 2513 1790 2567 visi-

88 2603 145 2666 ptri
167 2596 284 2665 languet
302 2605 328 2650 44
345 2604 432 2651 totum
449 2615 499 2652 cot·
517 2606 645 2667 aegrotat
662 2604 715 2655 etc,
744 2617 769 2654 v,
789 2604 837 2655 21:
860 2598 931 2661 Qtto·
956 2592 1021 2647 bilis
1046 2598 1074 2648 ei
1096 2593 1241 2650 ministerii
1263 2595 1370 2666 publici
1392 2600 1466 2651 4141111
1486 2597 1608 2652 servavit
1624 2598 1677 2652 141111
1697 2614 1789 2654 temen

92 2684 178 2737 mode
195 2685 279 2746 saeta
295 2691 336 2735 est
353 2684 486 2737 meretrice
503 2684 602 2738 ciritae
618 2684 734 2750 tidelis!
760 2703 786 2739 r.
808 2689 855 2739 tt:
883 2701 930 2737 ar·
956 2678 1070 2752 aliquod
1094 2686 1228 2739 sanctum.
1268 2682 1346 2738 idem
1364 2682 1481 2739 dicimus
1499 2684 1536 2741 de
1554 2684 1725 2755 temporibus
1741 2703 1791 2757 pa·

92 2778 205 2838 pentum
229 2777 305 2823 turem
328 2786 437 2823 aereum
460 2778 501 2824 est
524 2771 710 2839 inaceriam,
738 2772 832 2825 vinnm
853 2779 932 2824 44444
956 2772 1056 2836 patus,
1084 2769 1160 2839 qued
1181 2770 1312 2826 videlicet
1336 2771 1467 2842 reliquias
1491 2772 1627 2843 quasdam
1644 2771 1721 2827 Deus
1739 2773 1791 2829 sibi

92 2856 206 2908 4414444)
232 2863 274 2909 est
297 2874 379 2926 aquea.
408 2874 434 2909 v.
452 2862 500 2912 29:
532 2855 752 2923 Confundentar
775 2858 812 2911 ab
836 2857 931 2920 idolis
957 2855 1123 2923 servaverit,
1149 2856 1178 2909 in
1202 2857 1304 2928 quibus
1329 2857 1468 2913 catholica
1491 2858 1611 2914 ecelesia
1630 2866 1793 2915 consonate

94 2958 169 3012 44444
186 2943 216 2995 in
234 2942 342 2996 delitiis
359 2943 523 2999 laeserant.
562 2960 586 2998 c.
605 2948 635 3012 2,
654 2961 679 2996 v.
700 2948 732 2998 8:
750 2944 872 3011 Repleta
892 2951 932 2996 444
957 2939 1017 2996 tuit
1056 2947 1081 2996 2.
1098 2942 1144 2996 Ad
1164 2942 1254 2997 lecum
1274 2950 1299 2998 2.
1315 2943 1405 2999 Paral.
1427 2951 1466 3010 15,
1483 2963 1510 3001 v.
1531 2952 1555 3000 3.
1573 2947 1733 3016 respondet,
1750 2947 1791 2999 in-

93 3036 174 3082 terra
191 3028 343 3096 (Jsdoea)
360 3026 462 3097 idelis,
488 3046 559 3097 opes
575 3047 707 3082 mansium
727 3047 844 3083 marum
862 3031 931 3083 ade·
958 3029 1138 3096 tellipendurn
1156 3045 1218 3082 eum
1239 3030 1377 3097 de'repne
1389 3030 1494 3100 Israil,
1512 3049 1566 3084 non
1585 3038 1676 3086 aulem
1695 3034 1732 3085 de
1748 3050 1790 3086 re-

95 3121 242 3183 severunt,
269 3117 346 3184 qaod
368 3116 496 3178 frenant
518 3116 604 3185 dipiti
624 3117 726 3170 serena
761 3132 785 3169 c.
806 3122 837 3184 5,
856 3132 882 3170 4.
899 3121 930 3169 t:
956 3132 1012 3183 pne
1035 3115 1126 3170 Juda.
1159 3114 1248 3185 Atqui
1271 3117 1441 3170 ostendimus
1461 3117 1601 3188 superius,
1627 3135 1683 3172 nen
1701 3117 1790 3173 solum

96 3202 283 3270 Eespectoei,
301 3210 331 3254 ut
348 3204 430 3255 cinea
449 3218 512 3256 mea
527 3204 638 3267 feceret
656 3220 739 3270 noes,
758 3210 785 3256 et
803 3202 872 3264 fecit
887 3203 929 3255 la·
956 3199 985 3253 in
1004 3217 1090 3271 regno
1109 3200 1209 3267 lsrail,
1228 3201 1277 3256 sed
1297 3201 1382 3256 etiam
1399 3203 1428 3257 in
1447 3220 1534 3273 regno
1553 3203 1630 3258 Juda
1648 3210 1789 3274 corrupte-

95 3289 221 3342 brascas.
250 3302 273 3340 c.
296 3293 336 3355 lu,
358 3305 384 3339 v.
407 3293 454 3342 tt:
473 3288 622 3356 Nnmqnid
638 3305 694 3340 nen
712 3288 783 3341 siout
800 3287 860 3351 feci
878 3288 929 3340 So·
955 3284 998 3338 las
1016 3284 1158 3339 donninae
1177 3285 1342 3353 invaluisse,
1361 3289 1522 3358 cumprimis
1538 3306 1603 3343 vero
1622 3288 1675 3344 sub
1693 3288 1789 3343 Achae

94 3375 206 3427 mariae
230 3381 256 3426 44
276 3373 362 3426 idelis
381 3375 458 3444 ejas,
484 3375 526 3426 sic
542 3375 651 3438 faciam
668 3375 831 3428 Jerusalem
849 3381 874 3427 et
891 3374 928 3426 si·
955 3375 984 3424 et
1001 3369 1130 3425 Manasse
1152 3371 1207 3425 tuit
1230 3370 1398 3427 miserrimus
1416 3377 1449 3428 ct·
1462 3373 1684 3443 corruptissimus
1704 3375 1789 3430 ecclc·

92 3460 230 3514 mainerio
248 3460 330 3526 eiust
361 3460 446 3531 (Ergo
464 3464 588 3530 tempere
606 3460 700 3524 Ahar,
721 3460 773 3515 sub
793 3476 848 3530 quo
865 3454 1012 3530 pro-,siae
1037 3460 1142 3523 status,
1169 3456 1244 3525 quod
1266 3456 1357 3525 ipsum
1375 3458 1496 3526 probant
1512 3459 1590 3513 varia
1607 3459 1656 3514 illa
1674 3459 1788 3514 idolola-

90 3545 219 3617 phetavit
238 3545 349 3614 Esaias,
373 3544 517 3616 publicum
544 3545 630 3599 divini
653 3544 744 3599 cultus
768 3545 929 3600 exercitium
954 3542 1025 3596 triae
1043 3541 1235 3609 instrumenta,
1253 3559 1325 3614 quae
1345 3543 1454 3599 adesis
1474 3544 1611 3599 Manassis
1626 3550 1655 3600 et
1672 3545 1786 3602 Anionis

92 3621 295 3696 Hisirosolymis
315 3639 344 3687 et
362 3632 390 3686 in
410 3649 496 3703 regno
507 3632 600 3687 dudae
618 3648 674 3686 non
687 3632 741 3686 tuit
756 3637 814 3685 tam
828 3648 927 3703 purum
955 3644 1113 3683 successore
1132 3627 1265 3684 subversa
1284 3637 1531 3686 commemorantur
1550 3638 1574 3687 2.
1585 3632 1654 3704 Reg.
1672 3638 1713 3700 23,
1725 3650 1751 3689 v.
1766 3639 1789 3689 t.

94 3725 123 3774 et
139 3718 328 3788 incorruptum
347 3718 382 3771 ab
402 3718 570 3781 idololatria,
589 3724 621 3771 ut
636 3717 820 3773 Bellarminus
839 3716 927 3787 suspi·
955 3719 984 3768 st
1000 3731 1076 3786 seqq.
1114 3720 1137 3770 3.
1155 3715 1281 3770 Tandem
1299 3716 1378 3772 addit
1394 3718 1587 3788 Bcllarminus‚
1607 3722 1731 3783 fortasse
1750 3722 1790 3774 lo·

92 3808 194 3871 catur.)
232 3803 368 3860 ieremias
383 3803 498 3859 similem
511 3803 803 3876 querelamprofertc.
818 3810 841 3866 5,
856 3821 882 3860 v.
900 3809 927 3859 1:
954 3802 1005 3870 qai
1030 3800 1207 3870 Scriptorum
1232 3804 1268 3855 de
1296 3810 1434 3873 tempere,
1466 3807 1543 3875 qnod
1571 3814 1633 3859 erat
1656 3809 1791 3872 festarum

92 3889 244 3945 circumite
261 3892 321 3944 sias
336 3891 497 3944 sensatam
515 3900 541 3944 et
559 3891 698 3961 adspicite
711 3898 738 3944 44
749 3890 928 3943 considerate
950 3895 1017 3957 post
1038 3887 1164 3941 Moesiae
1187 3889 1351 3953 4414444444,
1381 3907 1455 3943 nnnc
1478 3890 1551 3942 enim
1577 3893 1701 3945 44444144
1729 3894 1790 3946 diss

92 3977 256 4046 4444444144
270 3978 299 4029 in
307 3976 413 4046 plateis
426 3977 494 4046 ejus,
509 3996 547 4031 an
559 3977 706 4031 inveniatis
717 3977 807 4030 cirum
819 3976 927 4038 facien·
954 3975 1055 4028 multos
1073 3974 1104 4026 in
1121 3975 1215 4029 Isreil
1233 3975 1293 4028 sine
1312 3977 1385 4038 Deo,
1404 3976 1465 4029 sine
1476 3979 1632 4044 sacerdote,
1650 3979 1710 4031 sine
1721 3979 1789 4046 ispe.

92 4070 145 4117 tem
157 4063 301 4131 judis-ium
319 4070 347 4115 et
364 4071 539 4131 qaaersntem
554 4064 664 4130 fidem!
689 4062 792 4118 ierem.
811 4067 837 4132 2,
854 4081 878 4118 v.
897 4066 928 4118 8:
955 4057 1180 4130 Respondemus:
1212 4059 1355 4116 imovero
1381 4077 1415 4115 ex
1439 4060 1653 4115 circumstantiis
1675 4062 1790 4118 manife-

95 4148 262 4203 Seeerdotes
275 4166 330 4203 444
343 4149 481 4217 dicerunt,
494 4149 543 4201 nti
552 4149 759 4202 estDeminnst
771 4158 928 4203 attractae·
955 4151 1043 4214 stum,
1070 4146 1106 4199 de
1125 4151 1201 4200 statu
1221 4145 1365 4208 ecclesiae,
1389 4146 1479 4217 qualis
1499 4145 1552 4201 sub
1570 4146 1665 4200 Amas
1685 4152 1714 4201 et
1731 4147 1790 4201 Ms-

91 4242 133 4288 tes
158 4235 245 4302 lepem
268 4235 424 4289 nescierunt
450 4252 506 4304 me,
530 4242 557 4288 et
577 4242 710 4306 pastores
731 4236 930 4304 praevaricati
954 4246 1036 4284 nasse
1065 4247 1098 4285 ae
1121 4237 1246 4302 tempore
1269 4231 1459 4302 Babylonicae
1485 4232 1654 4304 captivitatis
1680 4232 1790 4288 iuturus

91 4328 157 4374 sant
181 4323 210 4373 in
241 4338 297 4389 me,
329 4330 355 4374 et
373 4321 530 4392 prophetae
547 4321 784 4392 prophetaverant
801 4322 832 4374 in
849 4322 929 4374 Boal
955 4315 1044 4387 44444,
1080 4321 1133 4375 hoc
1169 4319 1330 4375 vaticinium
1362 4319 1475 4390 proprie
1502 4335 1594 4391 agero.
1637 4319 1789 4390 Postquam

92 4416 118 4462 44
144 4408 227 4461 idola
250 4408 339 4461 secuti
356 4416 428 4463 4444.
459 4425 484 4462 v.
506 4415 552 4464 ll:
585 4409 692 4476 Videte,
717 4408 745 4461 si
763 4409 871 4471 factum
888 4415 929 4461 est
955 4407 1028 4461 enim
1053 4406 1170 4460 Ararim
1193 4406 1331 4477 propbeta
1353 4406 1459 4461 tristem
1483 4405 1561 4460 illum
1587 4406 1719 4461 ecclesiae
1737 4412 1790 4460 sta-

92 4494 257 4563 lsnjasmedi
278 4494 308 4547 in
327 4496 467 4565 44441144,
493 4495 520 4548 si
541 4496 659 4549 mutavit
682 4511 750 4563 pens
770 4497 839 4548 deos
855 4510 928 4562 neos,
954 4499 1014 4546 tum
1032 4492 1226 4563 praedixisset,
1244 4494 1322 4563 qaod
1339 4493 1421 4547 multi
1439 4494 1501 4546 dies
1519 4493 1670 4546 4444414441
1688 4493 1744 4546 sint
1761 4493 1791 4545 in

88 4581 216 4650 popalus
232 4597 295 4634 cero
315 4598 390 4634 mens
402 4582 521 4635 mutavit
532 4582 655 4651 pieriam
668 4599 747 4635 suam
762 4582 928 4649 inidelnm,·
956 4581 1049 4633 Israil
1063 4581 1168 4658 abqqste
1186 4581 1251 4633 Dee
1270 4596 1353 4643 rere,
1380 4581 1483 4649 absque
1502 4580 1661 4645 sacerdote,
1688 4579 1792 4646 abegere

92 4684 119 4722 v.
140 4672 187 4721 13:
207 4667 264 4719 due
282 4667 360 4720 maia
379 4669 449 4729 fecit
462 4669 587 4738 populas
605 4685 692 4736 meas,
710 4685 753 4721 me
773 4666 927 4736 4444411444-
956 4668 1069 4720 doctore
1091 4674 1116 4719 et
1134 4667 1236 4735 414444
1257 4666 1325 4735 ispe,
1342 4666 1396 4721 hoc
1414 4673 1457 4721 est
1474 4666 1548 4736 quod
1564 4665 1652 4720 multo
1665 4671 1791 4734 tempore

92 4761 159 4805 rant
182 4754 289 4817 fontem
316 4770 407 4823 equae
428 4755 507 4808 41444
525 4761 551 4806 44
564 4755 706 4820 sederunt
721 4754 777 4807 sibi
793 4754 930 4808 cisternas
955 4753 985 4807 in
1003 4753 1107 4824 populo
1125 4753 1178 4808 Dei
1196 4771 1252 4807 non
1272 4754 1328 4808 sint
1345 4753 1470 4808 exstituri
1489 4752 1661 4818 sacerdotes,
1688 4750 1736 4821 qui
1755 4751 1791 4804 de

94 4839 262 4907 dissipatas,
280 4856 352 4909 qaae
371 4841 513 4894 continere
531 4855 588 4891 nen
604 4840 699 4893 valent
715 4857 813 4909 44444.
836 4858 861 4893 v.
883 4846 929 4896 ts:
956 4856 1021 4895 vera
1047 4840 1179 4912 religione
1205 4840 1234 4894 in
1256 4839 1368 4911 publico
1395 4837 1545 4892 ministerio
1569 4845 1644 4893 recte
1666 4837 1791 4903 doceant,

95 4923 253 4978 Secundum
283 4943 428 4979 nnmerum
460 4926 602 4980 civitatem
630 4933 742 4980 tuarum
770 4934 850 4980 44444
875 4929 932 4982 Dii
956 4926 1031 4997 qued
1054 4927 1197 4997 publicum
1218 4925 1305 4980 divini
1324 4926 1416 4979 cultus
1435 4923 1594 4979 exercitium
1614 4922 1738 4977 futurum
1755 4922 1798 4977 sit-

92 5011 135 5064 tesi
150 5011 241 5068 doda.
271 5029 294 5067 c.
317 5020 341 5082 3,
358 5031 384 5066 v.
404 5018 434 5067 6:
454 5012 602 5081 Numquid
616 5012 721 5076 vidisti,
742 5029 813 5081 quoe
823 5017 930 5082 jecerit
956 5018 1143 5084 corrumptum
1163 5030 1196 5068 ao
1214 5013 1404 5082 depravatum,
1422 5010 1498 5081 quod
1515 5009 1560 5064 lex
1573 5009 1626 5064 Dei
1643 5009 1673 5062 in
1690 5025 1791 5079 magno

93 5099 382 5152 4444441414αέἱὲ
405 5098 484 5152 Abiit
495 5113 581 5167 super
593 5113 699 5151 omnem
711 5107 828 5152 montem
843 5101 929 5154 eccel-
956 5099 1050 5152 futura
1067 5099 1104 5153 sit
1121 5103 1260 5153 contemtu
1279 5103 1332 5153 etc.
1351 5096 1496 5168 subjungit
1512 5113 1538 5150 v.
1558 5101 1587 5150 l:
1607 5094 1674 5148 Oam
1686 5096 1794 5149 reensi

92 5201 154 5237 sum
180 5192 208 5237 et
228 5186 278 5238 sab
302 5184 379 5238 omni
405 5184 481 5252 liene
504 5184 648 5248 frondosa
674 5190 700 5236 et
727 5185 874 5249 fornicata
891 5194 930 5239 est
955 5182 1064 5247 fuerint
1088 5184 1118 5236 in
1144 5184 1275 5252 napa-etia
1304 5201 1357 5236 sue
1383 5191 1409 5235 et
1433 5182 1618 5236 clamaverint
1636 5182 1676 5234 ad
1693 5182 1792 5236 Domi·
1839 5237 1844 5248 ¹

93 5270 135 5322 iti
154 5271 215 5339 (per
233 5269 427 5338 idololatriam,
446 5286 517 5340 quae
536 5275 579 5324 est
595 5268 742 5325 fornicatio
754 5270 930 5341 spiritualis);
956 5289 1021 5324 nem
1047 5272 1140 5324 Deam
1166 5270 1260 5324 lsroe'l
1283 5277 1310 5322 et
1336 5268 1524 5338 quaesiverint
1548 5284 1624 5336 enm,
1656 5267 1794 5337 reperient

92 5373 118 5408 v.
139 5361 169 5412 8:
185 5364 212 5408 et
231 5357 304 5410 sidit
316 5357 546 5427 praevaricatrix
562 5373 644 5411 seror
656 5357 718 5425 ejas
730 5357 812 5409 dada
823 5364 850 5410 et
860 5359 930 5410 adiit
956 5375 1032 5422 eum,
1057 5357 1085 5411 id
1110 5356 1185 5429 quod
1204 5356 1372 5427 completum
1390 5359 1433 5409 est
1451 5352 1504 5408 sub
1522 5354 1638 5424 imperio
1657 5353 1794 5410 Ezechias

93 5450 120 5496 et
149 5443 295 5505 fornicata
324 5451 365 5496 est
395 5442 480 5497 diem
509 5445 575 5515 apso
605 5454 684 5514 (ergo
712 5459 763 5498 nec
789 5442 818 5497 in
832 5459 930 5515 ¹regno
956 5444 1100 5513 etJosise,
1118 5450 1151 5498 nt
1168 5444 1252 5500 series
1269 5442 1402 5498 historiam
1420 5440 1566 5497 manifeste
1583 5440 1712 5509 ostendit,
1723 5446 1792 5496 tunc

92 5526 169 5583 Jndn
195 5534 286 5584 status
312 5525 447 5583 ecclesias
473 5530 602 5600 publicus
628 5527 683 5584 fnit
709 5527 746 5583 ab
771 5527 929 5585 idololatria
956 5531 1029 5587 enim
1048 5530 1120 5586 liber
1137 5529 1208 5602 legis
1225 5547 1241 5587 s
1259 5529 1382 5586 teussbris
1399 5528 1502 5585 iterum
1511 5528 1566 5586 init
1578 5533 1681 5594 erutus¹
1698 5525 1790 5583 Baali-
