4004 6022
799 362 852 418 DE
871 360 1063 421 accusata
1712 378 1774 439 423

68 523 147 575 vobis
164 519 296 589 mapsetri
311 523 470 590 nundmcs,
489 520 539 590 qui
556 520 736 575 introducent
752 525 913 588 666166666-
939 527 1024 575 atata.
1058 539 1084 577 v.
1110 527 1140 576 9:
1167 522 1235 577 Nisi
1253 522 1395 577 Dominae
1421 524 1589 578 caeercituum
1617 523 1777 594 reliquisset

69 607 208 675 ditioni&
231 624 258 661 v.
279 611 309 661 2:
335 611 363 660 et
381 607 462 659 inulti
475 615 623 676 sequentur
641 607 756 662 illorum
774 607 912 671 tamisae,
939 608 1019 661 natm
1038 624 1136 675 semen,
1156 611 1238 678 qnasi
1258 609 1383 664 Sodoma
1401 611 1553 675 1616666166
1571 619 1596 664 et
1613 612 1697 681 qnasi
1718 612 1777 668 Go-

69 691 347 756 liaaoloutrioouotr
366 690 458 746 αὐτῶν
477 700 536 752 ταῖς
555 691 724 764 ἀσελγείαις,
743 693 795 758 vel,
814 691 912 747 116111
939 696 1054 749 morrtra
1071 696 1178 750 similes
1196 713 1325 750 66661666.
1362 714 1386 754 c.
1406 704 1431 761 6,
1450 717 1474 751 v.
1496 702 1542 754 13:
1562 698 1629 752 Erit
1638 699 1709 753 61661
1719 701 1776 755 ileo

70 781 154 837 codd.
181 780 280 851 legunt
302 777 465 848 ἀπωλείαις,
490 781 618 834 exitialia
635 781 752 835 illorum
769 783 910 848 dopmato.
938 789 987 834 aut
1012 799 1143 852 6666666,
1163 777 1239 852 6666
1266 784 1331 838 licet
1353 785 1513 854 projiciant
1523 785 1607 852 folia
1627 793 1653 839 et
1670 804 1775 852 ramos,

71 876 95 925 2.
115 869 307 939 Quaecunque
323 872 390 921 nota
408 882 463 922 non
480 869 609 922 convenit
629 867 669 921 rei
687 867 768 922 alicui
788 866 852 930 soli,
878 883 912 921 sa
937 875 1030 920 16666
1061 876 1175 923 1666666
1206 871 1266 924 illia
1293 878 1393 926 manet.
1441 871 1538 924 Samen
1568 878 1695 924 sanctum
1722 873 1775 926 erit

70 973 126 1011 non
144 959 189 1010 661
206 953 330 1026 genuina
348 960 376 1010 et
396 954 509 1025 propria
528 954 601 1009 illius
615 960 687 1010 nota.
719 953 802 1008 Ratio
816 952 911 1007 itidem
937 960 1052 1008 truncus
1077 955 1136 1008 ille.
1183 954 1305 1025 Zephan.
1334 962 1364 1025 3,
1391 972 1417 1009 r.
1444 961 1488 1012 12:
1515 957 1721 1026 Derelinqaom
1744 958 1776 1012 in

69 1041 177 1113 pendet
199 1058 233 1096 ex
252 1040 412 1096 definitione
430 1041 543 1112 proprii.
579 1042 668 1112 Atqui
686 1040 839 1111 amplitudo
857 1057 911 1094 non
936 1041 1029 1093 merlio
1051 1043 1093 1095 tui
1114 1044 1253 1112 populum
1266 1060 1425 1113 pauperem
1443 1051 1468 1097 ct
1487 1059 1614 1113 eperum,
1634 1051 1660 1096 et
1677 1061 1775 1113 mera·

69 1127 201 1183 convenit
218 1127 269 1182 soli
289 1144 371 1182 verae
391 1126 532 1181 ecclesiae.
568 1127 643 1198 Ergo
664 1143 719 1180 non
738 1132 781 1181 est
790 1125 913 1197 genuina
937 1128 1003 1179 1661
1020 1127 1050 1180 in
1064 1129 1174 1182 notitiae
1186 1130 1314 1185 Domini.
1349 1130 1416 1184 Luc.
1432 1137 1508 1199 12‚v.
1522 1135 1569 1184 32:
1588 1131 1776 1200 Nolitimcre‚

71 1219 99 1270 et
126 1213 241 1284 propria
266 1213 399 1269 ecclesiae
428 1218 502 1268 nota.
549 1213 712 1268 Assumtum
741 1218 849 1268 constat
878 1228 911 1266 cx
934 1213 1039 1281 pusillo
1070 1229 1153 1283 pree,
1185 1216 1253 1283 quia
1280 1216 1450 1285 complacuit
1476 1216 1563 1270 Petri
1586 1223 1676 1270 vestro
1702 1219 1776 1270 dare

70 1299 187 1355 historia
212 1299 353 1355 ecclesiae.
401 1298 515 1354 (tainica
543 1297 660 1353 ccclesia
685 1304 750 1354 ants
777 1298 911 1353 dilnvium
936 1298 1153 1367 6616666666.
1191 1307 1216 1355 4.
1236 1301 1316 1364 Quod
1335 1302 1467 1356 ecclesiae
1487 1302 1591 1357 accidit
1609 1308 1638 1358 61
1655 1302 1774 1358 mutabi-

69 1385 254 1458 amplitndiue
273 1391 302 1440 ct
319 1401 433 1438 numero
451 1383 637 1454 professorum
655 1384 796 1456 superavit
817 1401 909 1439 veram
935 1384 998 1440 liter
1024 1385 1111 1454 inest,
1139 1384 1168 1438 id
1195 1403 1249 1439 non
1277 1392 1369 1456 potest
1396 1404 1456 1442 esse
1479 1388 1602 1458 genuina
1618 1393 1647 1443 et
1662 1388 1777 1458 propria

70 1473 217 1528 ecclesiam
239 1470 471 1542 patriarcharum
496 1471 643 1528 baaliticus
665 1471 837 1526 idololatriae
863 1471 910 1525 de·
936 1469 1009 1523 illius
1033 1477 1108 1527 nota
1146 1473 1236 1526 Verae
1260 1473 1333 1526 enim
1351 1481 1434 1526 notae
1451 1482 1514 1528 aunt
1532 1475 1737 1544 inseparabiles
1755 1493 1776 1528 a

71 1560 196 1615 16166166
219 1564 248 1613 61
271 1558 469 1628 approbatores
487 1575 600 1613 numero
620 1557 746 1612 vicerunt
763 1574 827 1611 vere
844 1555 910 1611 fide·
936 1572 1003 1609 vera
1020 1556 1153 1624 ecclesia,
1177 1557 1275 1613 scribit
1292 1557 1479 1613 Bellarminus
1497 1558 1558 1614 libr.
1579 1567 1604 1615 4.
1623 1560 1658 1614 (16
1677 1560 1774 1618 eccles.

72 1648 126 1712 les,
151 1645 230 1699 Elias
256 1651 285 1699 et
302 1643 470 1714 reliquorum
488 1644 685 1715 propbetamm
703 1643 845 1698 doctrinae
863 1643 908 1697 ad·
936 1639 1106 1716 c.2.§.1o.
1140 1644 1230 1715 Atqui
1247 1645 1401 1715 amplitudo
1420 1645 1523 1700 accidit
1539 1646 1675 1699 duntaxat
1687 1646 1773 1700 cccle-

15 1778 19 1787 .
71 1733 234 1799 haerentem
261 1745 406 1801 synagoga
432 1729 552 1784 ludaico
578 1729 831 1800 incomparabiliter
856 1729 910 1784 fuit
936 1727 993 1781 siae
1011 1735 1040 1782 et
1058 1728 1227 1784 mutabiliter
1247 1730 1272 1784 ei
1292 1730 1370 1798 inest,
1389 1748 1456 1785 vera
1473 1731 1545 1785 cnim
1559 1731 1773 1802 ecclesiaquan·

71 1817 191 1888 amplior
210 1822 291 1871 coetu
308 1815 431 1885 illorum,
450 1815 498 1885 qui
519 1815 629 1871 Christo
649 1815 759 1872 docenti
779 1814 910 1871 adhaere·
936 1813 1026 1884 doque
1052 1819 1095 1869 est
1123 1815 1230 1885 ampla,
1260 1816 1427 1887 quandoque
1452 1816 1561 1887 exigua.
1610 1816 1774 1872 Ambrosius

71 1906 156 1970 bant3
182 1902 354 1959 Arianismus
379 1908 465 1972 caput
486 1902 636 1958 extollebat
660 1920 744 1973 supra
770 1903 910 1958 doctrinae
935 1900 983 1957 lib.
1002 1906 1027 1956 l.
1056 1901 1179 1956 hexaiim.
1205 1919 1228 1955 c.
1253 1908 1282 1957 8:
1312 1903 1444 1957 Ecclesia
1471 1905 1542 1956 sicia
1559 1904 1630 1957 luna
1647 1905 1774 1968 descetus

72 1989 227 2046 catholicae
251 1995 407 2045 assertores.
444 1987 517 2054 Quid
540 1988 575 2042 (16
597 1988 762 2044 Antichristi
786 1989 911 2044 (16611116
935 1988 1016 2041 tabet
1035 1995 1060 2040 ct
1077 1996 1155 2041 artico
1167 1989 1347 2057 frequentes,
1367 1992 1420 2043 aed
1438 1991 1593 2052 defectibus
1611 1991 1670 2044 raia
1687 1991 1774 2044 creuit

70 2083 100 2134 et
117 2093 205 2146 regno
225 2074 366 2130 dicemus?
402 2082 425 2130 2.
445 2074 541 2130 'I'hess
560 2081 584 2139 2,
602 2093 627 2131 r.
646 2082 675 2132 9:
695 2077 840 2130 Adventus
851 2082 911 2143 6166
936 2083 963 2129 et
987 2075 1031 2129 liis
1058 2077 1159 2130 memrit
1189 2076 1334 2144 ampliari.
1370 2076 1445 2147 Ergo
1471 2076 1625 2148 amplitudo
1649 2093 1704 2130 non
1732 2081 1776 2132 est

69 2173 110 2218 ort
128 2165 282 2217 amandum
299 2163 490 2231 operationem
510 2162 636 2216 8616666
651 2163 683 2215 in
700 2163 788 2216 omnia
800 2162 911 2232 penoris
937 2162 1060 2234 genuina
1078 2168 1106 2218 et
1121 2163 1236 2234 propria
1251 2163 1384 2219 ecclesiae
1400 2169 1475 2220 nota.
1510 2163 1672 2233 “Ineptus
1691 2181 1775 2232 66666,

69 2250 173 2304 virtute
192 2256 218 2301 et
237 2249 325 2316 alpais
344 2258 370 2302 et
385 2248 530 2317 prodipiis
550 2248 714 2315 mendaciis,
735 2266 760 2301 r.
773 2253 817 2303 lo:
837 2256 863 2302 ct
881 2248 911 2300 in
936 2250 1079 2315 6111661,
1098 2248 1174 2320 quod
1194 2249 1287 2303 radios
1304 2266 1369 2304 suos
1386 2266 1441 2305 non
1460 2249 1637 2317 diffunderet,
1655 2249 1775 2319 eoquod

69 2336 163 2390 omnis
180 2335 290 2403 pencris
308 2335 469 2387 seductione
483 2333 642 2403 iniquitatis
654 2335 684 2387 in
697 2334 764 2401 illis,
782 2334 832 2403 qui
844 2352 910 2404 per·
936 2336 1007 2390 inter
1030 2335 1167 2406 parietum
1184 2336 1327 2407 angustias
1342 2336 1372 2390 vi
1391 2335 1592 2398 contineretur,
1617 2341 1773 2389 contemne·

69 2430 153 2490 cunt,
177 2438 210 2474 co
230 2421 307 2490 quood
325 2420 502 2473 dilectionem
521 2420 648 2473 veritatis
666 2439 722 2473 non
739 2428 911 2489 receperunt,
937 2438 980 2475 res
1004 2427 1053 2475 aut
1077 2420 1197 2475 tenebris
1221 2420 1288 2491 ipsis
1314 2421 1403 2475 simile
1420 2420 1534 2476 (1166166.
1570 2420 1647 2474 Talis
1666 2438 1704 2486 es,
1725 2419 1774 2490 qui

69 2506 910 2579 6166ῐυί166666.11;1(166611161111611666161666666
937 2505 1121 2561 sinceritatem
1150 2511 1179 2560 et
1209 2506 1347 2578 evangelii
1376 2506 1466 2562 lucem
1492 2524 1510 2561 a
1538 2506 1664 2577 plurimis
1690 2506 1717 2559 vi
1745 2511 1774 2561 et

68 2597 117 2662 τῆς
137 2593 256 2659 πλάνης,
279 2592 438 2662 efficaciam
462 2593 581 2661 err-orm,
607 2594 664 2646 sice
687 2593 817 2662 efficaces
835 2611 910 2647 erro·
937 2592 1038 2647 clausis
1064 2593 1267 2662 quodammodo
1292 2592 1399 2647 foribus
1424 2593 1542 2663 ejectam
1566 2609 1599 2646 ac
1621 2609 1773 2662 paucorum

67 2699 132 2750 rec,
155 2689 187 2734 ut
205 2681 322 2733 madent
341 2679 494 2734 66616616.
531 2679 619 2750 Apoc.
642 2684 686 2748 13,
711 2697 735 2736 r.
757 2686 786 2735 8:
811 2680 910 2733 delmi·
936 2684 1050 2750 pectora
1072 2678 1255 2735 illustrantem
1282 2678 1410 2749 despicis.
1420 2681 1451 2715 *³*
1499 2685 1523 2734 5.
1549 2678 1695 2733 Pertincnt
1718 2680 1773 2734 huc

69 2777 139 2823 rata
157 2775 197 2821 eat
217 2774 275 2820 tota
292 2775 370 2818 terro
389 2765 503 2819 beatiam
523 2774 550 2818 ct
566 2767 757 2819 adoraverunt
774 2783 836 2819 eam
854 2784 909 2819 cm-
936 2765 1011 2820 dicta
1027 2770 1146 2836 patrum.
1164 2765 1291 2821 lustinus
1311 2765 1340 2820 in
1358 2784 1404 2838 qq.
1417 2772 1446 2821 61
1457 2784 1528 2837 resp.
1542 2767 1578 2820 ad
1591 2766 1698 2820 orthod.
1711 2785 1736 2838 q.
1751 2774 1772 2827 1.

69 2871 136 2918 ner,
162 2854 211 2923 qui
230 2852 422 2905 inhabitabant
441 2859 560 2920 terram,
586 2870 704 2921 querrrnn
722 2853 838 2907 6661166
855 2872 910 2906 666
936 2852 973 2907 ad
999 2851 1202 2924 quaestionem,
1227 2851 1286 2905 Gur
1312 2853 1463 2907 ortbodoci
1487 2861 1513 2906 et
1532 2860 1605 2906 recte
1624 2853 1773 2906 resilientes

68 2949 135 2995 6661
156 2939 265 3007 scripta
285 2938 316 2990 in
341 2937 414 2992 libro
432 2937 522 3005 uitae,·
545 2956 570 2992 v.
593 2943 636 2993 14:
660 2939 768 2991 seducit
785 2940 910 2992 babitan-
935 2938 993 2993 soli
1011 2942 1074 2992 Deo
1090 2940 1169 3007 proti
1188 2937 1317 3006 Graecia
1336 2939 1460 2994 Judacts
1481 2947 1506 2993 61
1524 2940 1674 2993 haereticis
1686 2940 1772 2994 omni·

10 3034 54 3084 ao.
69 3036 112 3082 tea
131 3027 162 3079 in
179 3033 257 3079 terra
271 3031 389 3094 propter
402 3027 492 3093 eipso,
505 3040 576 3092 quae
591 3027 735 3078 (16166661
747 3025 910 3090 illisacere.
937 3027 987 3079 166
1004 3044 1060 3079 666
1076 3028 1160 3079 modo
1180 3043 1294 3081 numero
1310 3045 1366 3080 non
1380 3043 1474 3096 parea,
1493 3029 1545 3080 secl
1561 3027 1646 3079 etiam
1656 3025 1773 3095 paucio·

69 3113 160 3184 Apoc.
183 3118 229 3177 tl,
247 3129 273 3165 v.
294 3117 321 3166 1:
341 3110 479 3163 Meretrice
499 3127 603 3179 mapna
623 3112 700 3164 sedet
716 3127 802 3181 super
820 3129 910 3180 66666
936 3128 982 3165 ree
999 3113 1077 3166 sint!
1112 3112 1275 3181 respondet:
1298 3113 1416 3167 Dictum
1440 3120 1482 3166 eat
1498 3114 1534 3164 dc
1554 3113 1773 3167 ortltoclocorum

68 3201 192 3263 multas,
219 3205 295 3254 621
322 3215 384 3251 cum
409 3215 465 3266 quo
482 3198 621 3262 fornicati
637 3207 701 3252 eunt
718 3216 798 3268 repca
817 3207 910 3253 terrcw
931 3199 1077 3268 procacitate
1100 3199 1270 3266 aliquando,
1295 3198 1377 3252 multi
1394 3198 1582 3265 anatemati,
1601 3199 1692 3266 pauci
1705 3215 1772 3252 vero

69 3297 96 3344 et
116 3286 251 3341 inebriati
265 3292 336 3349 sunt,
354 3285 404 3354 qui
420 3284 576 3338 inhabitant
585 3292 698 3349 1666666,
714 3288 748 3339 (16
766 3287 831 3339 cino
842 3303 909 3354 pro·
936 3285 1029 3353 electi,
1056 3284 1213 3353 aliqnando
1238 3286 1315 3352 quod
1332 3291 1453 3351 anpuata
1471 3291 1496 3337 et
1514 3291 1596 3336 arcta
1611 3284 1673 3347 via,
1700 3300 1773 3353 qnae

68 3373 224 3429 dilectionis
242 3374 320 3442 666,·
340 3391 365 3426 v.
388 3379 432 3428 15:
454 3389 649 3442 6666666611
666 3373 772 3441 oliliati,
790 3374 840 3426 nbi
856 3389 908 3425 rne-
936 3371 1014 3425 duait
1042 3373 1083 3424 ad
1107 3372 1210 3440 vitum,
1238 3380 1263 3424 ct
1290 3371 1378 3439 pauci
1394 3377 1459 3425 sunt
1476 3371 1526 3440 qui
1542 3372 1683 3424 inveriiunt
1701 3389 1771 3425 eam.

68 3459 743 3529 ν6161666661,6666116ι61616661666111666166.
769 3458 858 3529 Apoc.
871 3465 910 3527 19,
935 3456 1123 3514 Tertullianus
1142 3457 1177 3512 de
1194 3456 1309 3527 pudicit
1327 3474 1350 3512 c.
1373 3463 1400 3511 1:
1422 3457 1511 3519 Quasi
1525 3475 1581 3510 non
1592 3458 1717 3526 facilius
1735 3459 1772 3511 ait

68 3567 95 3602 v.
118 3554 149 3601 2:
175 3545 316 3599 Meretrix
341 3563 444 3613 meipsa
469 3547 597 3615 corrrrpit
619 3553 723 3600 terram
748 3546 778 3599 in
803 3547 909 3615 prosti-
936 3561 1033 3598 errare
1061 3561 1122 3597 cum
1145 3544 1295 3612 ptmttm,
1321 3544 1433 3613 qnando
1461 3543 1565 3597 veritas
1592 3560 1654 3597 cuni
1668 3544 1773 3613 666616

67 3631 178 3687 adiano
204 3649 265 3686 666.
312 3630 353 3684 Ex
387 3647 442 3700 quo
474 3630 619 3685 manifeste
648 3636 776 3701 apparet,
808 3631 908 3686 falsum
936 3638 1050 3685 ametur.
1085 3629 1277 3686 Nazianzenus
1289 3647 1368 3685 serm.
1383 3629 1419 3684 de
1430 3645 1460 3683 se
1472 3629 1533 3700 ipso
1545 3634 1643 3684 contra
1653 3629 1771 3685 Arianos

67 3736 140 3783 esse,
161 3718 236 3787 quod
254 3716 438 3773 Bellarminus
454 3716 484 3771 in
504 3716 556 3770 hoc
570 3716 630 3786 ipso
649 3733 709 3787 cap.
726 3713 752 3791 ξ.
780 3719 908 3786 Denique
935 3716 963 3770 in
975 3716 1074 3785 prino:
1097 3716 1214 3770 Ubinam
1228 3716 1276 3770 illi
1286 3724 1357 3781 sunt,
1373 3715 1422 3784 qni
1432 3716 1612 3769 multitudine
1623 3717 1771 3770 ecclesiam

67 3802 230 3875 subjungit,
254 3810 346 3857 sectas
369 3803 525 3855 ltaercticoa
547 3819 689 3871 nunquam
710 3811 797 3856 totum
816 3804 909 3857 orbem
935 3805 1072 3873 definiunt
1090 3812 1116 3857 et
1133 3820 1244 3873 prepara
1257 3803 1383 3871 6619666
1396 3810 1593 3871 capernantur,
1611 3800 1770 3872 616616λὴ-

67 3900 120 3945 aut
147 3897 222 3943 certe
247 3890 396 3944 (dmidium
419 3889 480 3958 ejus
496 3897 610 3958 partem
631 3906 790 3957 ocmtpoeec.
829 3888 908 3958 Item,
936 3899 980 3945 ‘ort
1006 3891 1056 3958 τὴν
1082 3893 1229 3957 ἐκκλησίαν
1246 3890 1381 3962 ὁρίζοντες
1400 3892 1446 3942 rut
1465 3886 1495 3942 ni
1512 3889 1600 3962 βραχὺ
1619 3888 1770 3943 (16666166-

67 3977 369 4032 rememorationem
389 3994 451 4029 cum
468 3977 629 4031 haeresibus
641 3976 770 4030 Nestorii
781 3984 807 4029 et
819 3977 907 4044 11616-
934 3997 976 4037 rte
993 3977 1024 4031 τὸ
1046 3983 1192 4048 palparem·
1217 3976 1267 4046 qui
1288 3976 1462 4029 divinitatem
1486 3975 1635 4027 nietiuntur
1650 3976 1770 4040 plebem·

65 4064 171 4131 cteta,
193 4080 265 4134 quae
288 4065 382 4118 natm
402 4064 494 4130 oipcnt
512 4065 542 4116 in
562 4063 679 4130 oriente,
704 4081 847 4131 nunquam
866 4066 908 4117 ad
933 4080 985 4132 que
1002 4065 1179 4132 appendunt,
1198 4065 1248 4132 qui
1265 4080 1381 4115 araneam
1398 4062 1429 4114 in
1442 4061 1536 4130 pretio
1554 4060 1693 4114 liabentet
1706 4062 1771 4130 epea

67 4153 241 4205 occidentem
263 4150 419 4204 transiisse.
454 4148 542 4220 Atqui
566 4149 667 4205 oblitus
693 4148 803 4203 videtur
827 4149 906 4204 Aria-
932 4150 1031 4202 aruitdi
1062 4150 1170 4203 turnino
1200 4149 1368 4202 contumelio
1398 4148 1544 4216 afficiant,
1572 4148 1623 4215 qui
1651 4149 1769 4217 deniqne

67 4236 161 4303 116111,
182 4236 230 4307 qui
248 4240 307 4290 tam
325 4235 353 4288 in
373 4234 906 4305 666116116616616116116161361616-
932 4235 1053 4288 concleae
1072 4243 1209 4303 apparant
1228 4242 1253 4287 et
1267 4234 1440 4302 marparitaa
1452 4234 1711 4288 coelementato?
1729 4235 1771 4287 Hi

67 4341 125 4396 que
149 4321 206 4377 tuit
227 4320 391 4377 dominatus.
428 4320 513 4375 Gothi
538 4320 649 4374 ltaliam
668 4325 808 4374 vastantes
829 4323 1029 4374 6161166666
1043 4320 1410 4388 16116616661666111666;
1429 4319 1583 4388 1111661616,
1595 4339 1647 4373 nos
1661 4322 1750 4372 l)cnm
1758 4340 1769 4388 ,·

69 4408 183 4475 Ariani,
204 4406 393 4463 Theodericus
419 4407 454 4460 (16
472 4406 564 4461 Berua
580 4406 610 4459 in
628 4405 771 4461 occidente
789 4424 907 4475 regnans
929 4409 1015 4475 itique
1029 4415 1193 4474 practerea,
1215 4407 1292 4473 quod
1301 4406 1362 4459 Dei
1378 4406 1436 4460 cisi
1452 4407 1557 4476 templo
1575 4408 1672 4474 aimus,
1692 4405 1769 4459 oleti-

67 4503 129 4551 erat
148 4494 279 4549 Asianus.
318 4493 392 4560 Quin
418 4502 447 4548 61
469 4493 528 4562 ipse
551 4492 679 4547 Liberius
705 4492 828 4562 pontifex
852 4493 992 4577 lio-ienae
1007 4493 1093 4559 virae,
1112 4493 1279 4546 holocausta
1298 4493 1464 4560 spiritualia
1470 4514 1481 4562 ,·
1499 4493 1529 4546 bi
1548 4493 1648 4560 eulpae
1662 4494 1769 4555 babent,

66 4600 167 4639 manus
187 4580 344 4636 Arianismo
368 4579 539 4650 subscripsit.
575 4579 685 4634 Oblitus
702 4579 811 4634 videtur
827 4580 905 4650 regni
916 4584 919 4663 1
931 4597 981 4632 nos
994 4580 1111 4647 anpcloa
1119 4599 1129 4647 ,·
1150 4579 1180 4631 tn·
1192 4577 1374 4632 tentoritatem
1388 4587 1413 4632 ct
1425 4580 1586 4644 audaciam,
1605 4598 1656 4633 nos
1663 4581 1768 4649 fidem;

65 4665 294 4735 Antichristiani,
314 4665 440 4736 subque
461 4665 573 4735 publica
590 4665 729 4736 roligionis
748 4682 828 4719 sacra
844 4664 905 4718 ubi·
916 4696 919 4772 p
930 4666 961 4718 tn·
976 4665 1082 4733 rninas,
1101 4684 1151 4719 nos
1166 4682 1266 4733 preces
1286 4673 1311 4718 61
1332 4667 1474 4720 orationes
1480 4687 1491 4730 ,·
1508 4665 1540 4717 lii
1558 4683 1659 4719 curura
1679 4673 1704 4718 61
1722 4683 1769 4717 ar·

65 4755 108 4808 vis
127 4758 271 4809 6666616116
289 4750 355 4806 alibi
376 4750 486 4805 fatetur.
522 4750 735 4806 blnhamedismi
754 4758 830 4805 secta
848 4769 904 4806 am·
929 4760 1052 4819 pentum,
1079 4769 1131 4805 noa
1155 4759 1336 4821 repnrpatam
1356 4752 1426 4813 fidei
1444 4751 1609 4805 doctrinam.
1648 4750 1770 4805 Basilius

65 4842 139 4912 plior
163 4845 217 4908 est,
243 4855 326 4910 quam
345 4837 563 4892 Christianorum
587 4838 705 4892 ecclesia
726 4838 754 4891 in
777 4811 977 4893 omuibusilib.
997 4837 1031 4891 de
1052 4836 1158 4907 Spiritu
1178 4843 1274 4892 sancto
1296 4856 1319 4891 c.
1341 4842 1387 4891 30:
1409 4839 1574 4892 Docuerunt
1586 4856 1637 4890 noa
1651 4837 1771 4906 ctpucri
1784 4839 1818 4879 ¹1·
1832 4838 1877 4880 27¹·

65 4925 165 4982 mundi
188 4925 329 4994 partibus3
353 4924 514 4979 Judaismus
534 4924 563 4978 in
580 4923 752 4978 occidentem
770 4929 799 4979 et
816 4924 903 4979 61161-
916 4908 960 5009 116
977 4924 1148 4991 Babylonio,
1168 4924 1280 4977 etiamsi
1299 4941 1378 4977 riemo
1399 4924 1445 4991 cit,
1463 4925 1513 4993 qui
1528 4927 1708 4994 suffrapclnr,
1727 4932 1769 4977 ta

64 5022 124 5069 tem
141 5029 172 5067 ss
189 5009 289 5066 effudit
305 5015 358 5065 616.
394 5016 419 5066 3.
439 5009 526 5080 Cujus
544 5008 712 5063 contrarium
730 5009 765 5063 de
783 5021 991 5065 verace-'men
1009 5026 1064 5077 per
1089 5028 1140 5062 noa
1165 5010 1254 5078 ipsos,
1282 5011 1360 5078 quod
1378 5013 1420 5062 ad
1432 5029 1483 5064 nos
1498 5010 1636 5079 pertinet,
1661 5011 1769 5078 faeere,

65 5098 154 5154 clesia
175 5095 363 5167 praedicatur,
390 5096 981 5165 111111611616616666161666616-1661
1005 5112 1072 5148 sane
1100 5112 1133 5147 66
1162 5095 1256 5147 aredio
1280 5096 1399 5170 flamma
1417 5098 1511 5149 Deum
1535 5097 1769 5150 collaudaverunt

66 5186 135 5239 siae.
170 5182 259 5253 Atqui
282 5181 450 5237 contrarium
468 5182 658 5253 amplitudinis
678 5182 713 5237 de
731 5199 797 5236 vera
817 5181 903 5237 eccle·
915 5161 918 5244 1
930 5200 985 5235 666
1010 5182 1220 5236 cornidcrantas
1244 5181 1450 5234 micltitartinem
1468 5183 1677 5251 reprobantium
1697 5184 1768 5236 acri·

64 5269 108 5324 sia
139 5268 322 5339 praedicatur.
366 5267 441 5338 Ergo
468 5268 621 5338 amplitudo
647 5285 703 5322 non
728 5274 821 5337 potest
845 5252 1022 5335 6666116166,
1041 5270 1093 5321 sed
1109 5284 1138 5320 se
1157 5267 1228 5336 ipsis
1248 5269 1378 5331 66616611,
1396 5286 1458 5322 cam
1476 5277 1531 5321 trce
1550 5277 1646 5324 essent.
1678 5269 1766 5324 Atha-

63 5371 149 5408 vcrae
167 5352 300 5408 ecclesiae
317 5360 391 5409 nota
429 5353 592 5407 Assumtum
612 5353 699 5422 probo
711 5353 774 5408 Esa
790 5359 817 5421 1,
836 5371 860 5407 v.
877 5359 905 5410 8:
917 5326 919 5395 1
932 5354 1025 5408 nasius
1045 5355 1074 5408 in
1091 5353 1207 5423 discept.
1229 5354 1361 5408 adversus
1380 5371 1435 5419 666,
1456 5355 1502 5424 qui
1521 5354 1550 5407 in
1563 5355 1681 5410 veritate
1696 5357 1767 5427 diju-

64 5442 152 5504 Quod
176 5438 316 5509 reliquum
334 5446 375 5492 eat
394 5440 429 5492 de
440 5439 510 5508 filia
530 5440 613 5508 Sion,
639 5439 671 5492 id
689 5439 780 5492 instar
799 5440 909 5507 tupurii
932 5441 1053 5495 dicanda
1074 5440 1159 5495 solius
1181 5440 1290 5510 judicio
1309 5440 1492 5495 multitudinis
1511 5441 1639 5495 feruntur
1658 5449 1722 5498 tom.
1742 5448 1767 5499 2.

62 5533 116 5594 eat,
135 5525 237 5596 qualia
254 5532 318 5579 runt
337 5526 367 5578 in
384 5524 483 5590 616616,
497 5533 524 5580 61
541 5525 787 5598 inatartupurioli,
809 5526 839 5580 in
852 5544 907 5596 quo
932 5544 959 5598 p.
980 5533 1045 5583 ott:
1070 5529 1136 5582 Non
1156 5528 1301 5581 audiemus
1323 5528 1478 5581 Dominum
1498 5527 1650 5582 dicentum.-
1678 5529 1770 5584 Multi

54 5617 234 5684 permoleret
253 5611 284 5666 in
302 5609 502 5667 commereriir
518 5611 621 5680 lamia,
638 5619 665 5666 et
682 5611 755 5666 deut
771 5612 904 5667 661666-
932 5620 997 5669 aunt
1016 5614 1115 5684 vocati,
1126 5613 1219 5685 ponci
1236 5614 1417 5670 6666166111
1440 5615 1480 5669 Et
1499 5614 1616 5670 iterum:
1635 5616 1768 5685 Anpuate
