4004 6022
816 231 1081 292 unnccnnsrn
1729 197 1790 303 sss

99 385 165 441 sins
188 389 297 458 offensa
319 395 477 458 praedant.
519 387 707 446 Tertullianus
728 389 776 447 lin.
800 389 835 447 ds
856 405 934 460 prse-
961 397 1009 456 sst,
1027 394 1080 447 sed
1095 391 1147 462 qui
1163 391 1220 446 rim
1234 406 1388 463 perpessus
1408 396 1462 458 ποις
1484 404 1534 446 nec
1554 390 1605 461 qui
1619 391 1793 447 consumam

99 473 197 543 script.
217 473 280 529 adr.
296 474 416 533 haaren:
444 475 479 531 Si
503 477 622 531 manime
638 476 724 531 talem
742 476 934 547 episcoporum
959 479 1122 533 coutentium
1145 485 1249 547 tuetur,
1276 479 1329 532 sed
1350 477 1401 548 qui
1423 477 1548 546 ejusdem
1570 485 1611 531 est
1632 478 1791 535 sententiae.

99 561 304 615 succussionem
328 562 510 625 confinxerint
532 563 681 627 haeretiei,
713 564 778 633 ι’ρεο
803 563 933 617 doctriua
960 564 1027 618 Nat
1052 567 1114 634 quis
1128 567 1211 633 forte
1235 565 1278 618 ita
1297 564 1375 618 dicat
1392 581 1592 632 successorem,
1615 567 1791 633 pmmadmc·

100 663 199 702 sorum
223 664 286 701 cum
308 648 464 717 apostolica
487 657 653 719 comparata
676 665 709 702 ea
726 650 889 703 διὀονείιαιο
907 656 933 702 et
959 651 1026 703 dum
1052 653 1176 705 morbum
1197 650 1316 705 sanitati
1338 657 1364 704 et
1381 651 1509 703 tenemus
1528 650 1587 704 luci
1603 657 1628 704 et
1645 658 1791 720 tempesto·

100 733 258 802 munusue
276 751 329 787 sua
344 734 548 802 pronuntiabit,
571 752 627 787 non
647 751 705 787 esse
723 734 847 803 alicujus
865 751 931 803 apo·
959 744 1012 790 tem
1031 736 1237 806 tranquillitati
1250 744 1276 791 et
1289 735 1455 789 dementiam
1463 737 1634 805 prudentiae
1646 739 1792 791 succedere

98 819 167 874 stoli
184 821 320 888 auctores,
345 836 431 889 nsque
449 819 611 889 apostolici,
636 820 704 888 quia
720 820 793 874 sicut
810 821 934 889 apostoli
944 840 947 904 ἰ
959 822 1086 876 dicimus.
1124 820 1261 875 Eusebius
1283 819 1332 877 lib.
1357 828 1381 876 5.
1403 820 1466 876 hist.
1485 822 1580 877 eccles.
1599 840 1622 877 c.
1641 827 1667 878 6.
1684 838 1792 876 succes·

98 922 157 961 son
173 906 287 961 diuersa
305 907 378 960 inter
393 922 424 959 se
437 907 602 968 docuissent,
621 906 663 959 ita
676 913 701 959 et
713 906 866 974 apostolici
876 905 933 958 oiri
958 908 1063 964 sionem
1087 907 1278 978 episcoporum
1297 906 1483 961 Romanorum
1503 915 1658 978 enumerat,
1684 908 1733 962 ssd
1750 908 1791 962 di·

98 1010 157 1049 son
173 992 320 1047 contraria
337 992 473 1062 apostolis
492 993 662 1056 edidissent,
680 991 738 1044 nisi
752 991 813 1060 illi,
828 993 878 1062 qui
896 992 932 1043 ab
958 1000 1031 1050 serte
1049 994 1135 1061 addit,
1153 996 1231 1063 quod
1245 993 1421 1062 apostolicae
1433 996 1658 1064 praedicationis
1668 996 1791 1058 formam

96 1079 237 1151 apostolis
257 1081 430 1134 desciuerunt
448 1088 474 1133 et
494 1079 580 1133 aliter
589 1078 836 1149 praedicaverunt.
857 1077 930 1132 Tan·
957 1080 1122 1133 retinuerint
1150 1098 1184 1133 ac
1211 1081 1339 1148 easdem,
1367 1096 1438 1148 quas
1462 1082 1586 1149 apostoli
1601 1082 1791 1145 tradiderunt,

97 1167 162 1222 dem
182 1164 336 1221 concludit:
371 1165 445 1219 Illic
464 1173 489 1218 et
507 1165 721 1234 Scripturarum
739 1172 765 1217 et
783 1165 930 1233 eapositio·
953 1167 1182 1237 praedicationes
1218 1167 1331 1220 diuinae
1354 1166 1429 1235 fidei
1456 1167 1582 1236 inteqras
1612 1168 1791 1237 antuerpiae

95 1271 163 1308 num
180 1252 352 1307 adulteratio
370 1253 535 1320 dmutanda
553 1258 603 1320 est,
624 1251 673 1303 ubi
690 1251 840 1304 diversitas
857 1250 929 1304 inoe-
956 1254 1148 1308 custodierint.
1179 1252 1344 1307 Ambrosius
1358 1252 1405 1308 lib.
1422 1259 1442 1307 t.
1461 1253 1496 1307 ds
1508 1254 1602 1325 poenit
1613 1271 1636 1308 c.
1649 1259 1674 1310 6.
1687 1260 1751 1309 tom.
1768 1260 1790 1309 1.

95 1342 174 1394 nitur
195 1339 347 1393 δοοιήποο.
380 1338 425 1403 (Ιδ
444 1339 534 1407 ipsum
547 1338 581 1392 de
593 1337 770 1408 dogmatibus
784 1337 930 1408 papalibus
955 1356 982 1408 p.
1007 1344 1071 1394 156:
1099 1341 1166 1393 Non
1190 1340 1292 1393 hahent
1317 1340 1501 1393 hereditatem
1518 1341 1612 1408 Petri,
1637 1341 1687 1410 qui
1700 1342 1790 1410 fidem

96 1425 226 1491 dicimus,
247 1425 322 1493 quud
341 1424 510 1494 comparatio
526 1441 620 1479 eorum
639 1440 702 1477 cum
721 1423 846 1478 doctrina
865 1440 929 1494 apo·
956 1426 1038 1479 Petri
1055 1443 1110 1479 non
1128 1425 1235 1481 habent.
1263 1424 1450 1496 Hieronymus
1464 1425 1500 1480 ad
1513 1425 1655 1483 Heliodor.
1668 1427 1747 1497 epist.
1763 1433 1789 1482 1:

95 1511 196 1567 stolica
219 1509 361 1578 ostendat,
388 1528 445 1565 non
467 1526 527 1566 esso
551 1526 585 1564 ea
607 1510 726 1581 alicujus
751 1510 868 1580 apostoli
886 1511 930 1564 vel
955 1513 1021 1565 Non
1036 1520 1076 1565 eet
1087 1511 1182 1580 facile
1199 1519 1276 1565 stare
1293 1513 1323 1565 in
1341 1513 1403 1565 loco
1417 1512 1500 1566 Petri
1515 1521 1542 1566 et
1553 1513 1643 1567 Pauli
1657 1522 1682 1567 et
1696 1521 1789 1567 tenere

94 1597 242 1669 apostolici
259 1596 322 1663 viri)
344 1613 409 1668 pag.
432 1601 494 1653 tut:
528 1595 605 1651 Illae
623 1597 756 1650 ecclesiae
773 1605 836 1650 sunt
852 1598 929 1651 eoho-
954 1599 1118 1652 cathedram
1135 1599 1313 1668 repnantium
1330 1616 1391 1652 cum
1410 1597 1535 1667 Chresto,
1553 1600 1620 1668 quia
1637 1600 1702 1653 hine
1719 1601 1789 1654 diei-

93 1685 137 1739 les
155 1683 376 1752 apostolicarum
393 1683 580 1746 ecclesiarum,
599 1699 672 1751 quae
693 1690 856 1737 conservant
870 1690 927 1736 tra-
954 1691 1017 1736 tur:
1055 1686 1120 1739 Non
1147 1693 1308 1739 sanctorum
1328 1685 1390 1754 filii
1415 1693 1493 1752 sunt,
1531 1686 1583 1754 qui
1606 1694 1697 1740 tenent
1724 1688 1788 1741 loca

93 1772 193 1824 duem
210 1769 284 1838 fidei
308 1776 334 1821 et
356 1769 462 1822 semina
486 1769 639 1825 doctrinae.
664 1785 730 1840 pag.
752 1774 814 1825 tut:
851 1769 929 1822 Licet
953 1779 1119 1835 sanotorum,
1136 1773 1188 1825 sed
1207 1771 1257 1840 qui
1274 1779 1401 1825 eaercent
1418 1788 1506 1843 opera
1526 1788 1629 1826 eorum.
1669 1772 1789 1844 Chryso·

93 1856 230 1910 melariae
252 1857 391 1923 quaedam
414 1855 524 1908 nullum
548 1871 580 1908 ee
601 1856 739 1925 apostolis
754 1856 798 1910 uel
814 1864 927 1925 aposto·
953 1863 1058 1910 emmas
1081 1874 1130 1913 seu
1149 1862 1247 1912 auctor
1265 1856 1356 1927 operis
1378 1856 1487 1928 imperf.
1507 1856 1580 1913 hom.
1600 1863 1641 1915 43.
1657 1859 1687 1913 in
1706 1876 1731 1914 c.
1749 1864 1789 1914 ts.

92 1943 160 1998 licis
179 1949 321 1996 auctorem
339 1959 418 1994 suum
432 1944 594 2011 proferant,
611 1950 643 1996 ut
654 1943 740 1996 multo
748 1943 928 2012 posteriores,
953 1941 1067 1999 Mutia:
1100 1943 1242 1998 Oathedra
1259 1961 1314 1997 non
1331 1945 1406 2006 facit
1424 1947 1610 2010 sacerdotem,
1627 1947 1680 1999 sed
1696 1961 1789 1999 sacer·

93 2038 188 2084 tamen
208 2029 238 2081 in
255 2030 352 2082 eadem
369 2029 428 2091 lide
445 2028 650 2096 conspirantes,
674 2045 730 2083 non
749 2028 840 2081 minus
859 2045 927 2097 apo·
955 2031 1006 2083 dos
1026 2030 1189 2083 cathedram
1195 2051 1205 2097 ,⁶
1228 2047 1284 2084 non
1302 2030 1381 2084 loeus
1398 2030 1558 2099 sanctificat
1577 2031 1722 2093 hominen,
1740 2033 1792 2086 sed

91 2115 212 2171 siolieae
237 2116 408 2183 deputantur
426 2131 483 2182 pro
509 2114 750 2182 consanpuinitate
775 2115 927 2168 doetrinae.
953 2115 1033 2170 homo
1060 2116 1160 2172 locum.
1208 2115 1263 2178 Qui
1285 2115 1350 2169 hene
1377 2116 1482 2169 sederit
1507 2133 1592 2185 super
1618 2118 1789 2181 cathedram,

91 2200 183 2258 Ibin:
212 2200 247 2254 Si
261 2201 416 2270 episcopus,
435 2201 461 2253 si
478 2201 624 2267 diaconus,
644 2200 670 2253 si
683 2201 780 2268 uidua,
800 2200 827 2254 si
839 2201 927 2269 sirpo,
953 2204 1086 2256 honorem
1104 2202 1225 2271 accepiet
1242 2201 1277 2254 oh
1297 2219 1351 2266 ea;
1369 2201 1419 2270 qni
1430 2202 1505 2255 male
1520 2203 1634 2267 sederit,
1652 2203 1789 2270 injuriam

91 2289 121 2343 si
144 2290 259 2354 doctor,
287 2287 313 2340 si
331 2287 416 2339 etiam
433 2294 541 2354 martyr
558 2287 656 2356 lapsus
673 2304 693 2339 a
711 2287 811 2355 requla
829 2288 927 2352 fuerit,
946 2289 1026 2356 facit
1043 2291 1201 2345 cathedrae.
1234 2289 1335 2343 Malus
1351 2290 1485 2342 sacerdos
1503 2290 1539 2342 de
1557 2306 1609 2343 suo
1629 2289 1788 2344 saemdotio
1844 2320 1847 2325 ·

93 2393 160 2429 mm
187 2375 252 2428 ideo
276 2375 406 2427 haereses
425 2374 569 2427 ceritatem
593 2373 759 2426 uidebuntur
784 2374 928 2428 obtinere!
953 2376 1057 2429 erimus
1079 2375 1214 2444 acquirit,
1252 2393 1308 2428 non
1332 2375 1505 2444 diqnitatem.
1540 2374 1715 2444 Augustinus
1739 2374 1787 2430 lib.

94 2463 142 2517 Ee
154 2461 286 2530 paeonis
301 2460 453 2528 probamus
470 2461 567 2528 fidem,
592 2476 631 2512 an
650 2477 682 2513 ec
698 2461 755 2525 fide
770 2463 927 2529 personas!
954 2462 988 2517 de
1016 2461 1085 2516 unit
1113 2461 1247 2516 ecclesiae
1272 2478 1296 2515 c.
1327 2467 1356 2516 t:
1397 2461 1557 2529 Quicunque
1586 2479 1605 2514 a
1630 2461 1787 2530 scripturis

94 2545 248 2619 (Pontificii
268 2545 386 2617 probant
401 2545 485 2600 fidem
502 2562 535 2601 ex
553 2544 686 2615 personis,
704 2546 853 2602 scilicetex
865 2564 926 2618 per·
953 2548 1057 2603 sanctis
1084 2548 1264 2616 dissentiunt,
1300 2547 1412 2600 etiamsi
1433 2547 1463 2600 in
1484 2547 1610 2601 omnibus
1626 2547 1696 2600 locis
1713 2546 1786 2601 inue-

93 2633 183 2692 sonsli
211 2632 402 2703 episcoporum
427 2631 614 2702 successione,
645 2651 695 2688 nos
720 2650 786 2689 voro
811 2650 845 2688 ex
870 2634 926 2689 tide
953 2635 1080 2703 niantur,
1099 2634 1129 2687 in
1146 2635 1246 2704 quihus
1264 2634 1383 2688 ecclesia
1401 2634 1552 2704 desiqnota
1572 2642 1624 2701 est,
1648 2650 1704 2687 non
1723 2639 1787 2687 sunt

92 2720 252 2794 probandus
277 2719 394 2773 dicimus
413 2721 564 2790 personas.)
598 2719 731 2776 Claudius
749 2720 927 2775 Taurinensis
953 2721 1093 2777 eeclesiae.
1127 2738 1151 2776 c.
1175 2727 1221 2778 16:
1248 2721 1389 2776 Nolumus
1414 2739 1466 2775 nos
1491 2721 1636 2774 mcksiam
1662 2727 1787 2774 nostram

93 2808 254 2880 spiscopus:
294 2805 409 2873 Statua,
429 2806 615 2875 apostolicum
633 2824 693 2861 esse
711 2825 784 2873 eum,
803 2825 860 2860 non
878 2807 928 2876 qui
949 2810 1072 2879 probare
1096 2807 1141 2863 uel
1157 2823 1190 2861 ea
1209 2809 1382 2863 successione
1402 2808 1609 2878 episcoporum,
1627 2807 1670 2861 uel
1689 2823 1722 2860 es
1738 2823 1786 2860 au·

92 2896 188 2951 adem
212 2893 416 2964 apostolorum,
440 2895 492 2947 sed
514 2894 565 2962 qui
582 2896 731 2948 eorundem
745 2894 843 2963 potius
861 2895 925 2962 ⁰sfi·
952 2897 1081 2951 ctoritate
1106 2894 1304 2965 conciliorum,
1327 2894 1372 2948 sel
1389 2911 1421 2948 ea
1440 2894 1640 2948 miraculorum
1651 2894 1787 2962 frequen-

91 2982 166 3037 cium
184 2989 210 3035 et
229 2978 388 3035 doctrinam
407 2981 593 3050 amplectitur.
628 2982 704 3035 Nam
722 2989 749 3034 et
765 2981 925 3045 Pharisaei,
952 2984 1007 3051 ua,
1030 2982 1075 3037 oei
1101 2999 1134 3036 ee
1160 2982 1228 3036 risis
1252 2989 1278 3036 et
1302 2981 1426 3036 somniis.
1466 2979 1650 3047 Queaecunque
1666 2979 1740 3033 talia
1757 2979 1788 3032 in

91 3068 200 3124 rusus
225 3074 251 3121 et
267 3066 387 3136 pessimi
403 3067 504 3135 quique
521 3066 684 3135 hypocritae
700 3068 812 3135 Moysis
829 3069 927 3136 optimi
952 3069 1094 3124 catholiea
1120 3069 1203 3133 fiunt,
1226 3068 1292 3121 ideo
1311 3067 1478 3136 probanda,
1509 3065 1577 3133 quia
1598 3065 1628 3117 in
1654 3081 1687 3118 ea
1701 3066 1785 3131 fiunt,

88 3154 245 3225 prophetae
272 3154 435 3207 cathedram
462 3161 648 3223 occsqoarunt,
680 3170 741 3206 cum
769 3153 836 3206 inde
854 3155 926 3208 nihil
951 3173 1007 3210 non
1024 3157 1119 3224 itaque
1137 3172 1199 3209 eam
1214 3155 1346 3224 probant.
1377 3151 1446 3220 lpse
1464 3150 1605 3204 Dominus
1622 3151 1708 3203 Jesus
1724 3166 1785 3201 cum

90 3242 184 3294 minus
202 3257 286 3309 quam
304 3257 372 3293 uera
385 3247 542 3309 praecepta
560 3239 673 3306 Moysis
691 3239 829 3294 docerent.
860 3237 925 3308 Epi·
951 3242 1155 3305 resurrexisset,
1173 3259 1239 3295 suos
1257 3239 1412 3308 discipulos
1430 3237 1471 3289 ad
1486 3235 1652 3304 Scripturas
1671 3234 1785 3287 remittit

91 3324 213 3398 phanias
231 3324 335 3380 haeres.
355 3331 400 3380 55:
427 3326 493 3378 Non
507 3327 669 3393 quaerenda
682 3333 925 3394 estpersonansm,
950 3329 1020 3397 lepis
1036 3336 1063 3382 et
1077 3326 1292 3396 prophetarum.
1319 3328 1400 3378 tract
1422 3326 1465 3378 46.
1483 3321 1512 3375 in
1531 3320 1645 3377 luban:
1668 3320 1725 3382 ures
1743 3336 1783 3374 se·

89 3413 145 3467 aad
167 3412 313 3465 doetrinae
342 3412 487 3465 successio·
532 3409 725 3465 Nazianzenus
751 3410 780 3464 in
803 3416 871 3465 orat.
889 3410 924 3465 de
950 3418 1018 3469 dent
1040 3414 1069 3467 tn
1089 3413 1238 3480 cathedra,
1264 3409 1405 3465 audiendi
1420 3415 1498 3476 sunt,
1526 3407 1784 3461 eoncedendum

89 3497 166 3553 laud
184 3496 330 3551 Athanasii
348 3504 412 3552 tom.
428 3503 452 3553 2.
467 3513 531 3569 pag.
546 3497 720 3565 conscribit,
736 3497 923 3551 Athanasium
950 3501 1087 3556 cathedra
1112 3500 1199 3566 leqem
1225 3499 1286 3552 Dei
1302 3500 1409 3551 docent.
1447 3494 1528 3563 Erqo
1545 3510 1598 3563 per
1617 3493 1685 3546 illos
1704 3494 1784 3546 Deus

91 3586 196 3640 Marco
224 3584 389 3637 successisse
412 3593 439 3638 et
463 3585 580 3638 electum
596 3585 693 3652 fuisse
715 3583 801 3638 totius
820 3583 925 3653 populi
950 3591 1038 3643 docet.
1079 3586 1113 3640 Si
1129 3602 1195 3639 uero
1213 3603 1265 3638 sua
1283 3584 1331 3638 illi
1350 3585 1476 3645 doceant,
1495 3589 1554 3634 tum
1570 3580 1657 3633 nolite
1672 3580 1783 3643 audire,

91 3669 249 3741 suffraqio5
280 3687 342 3724 mox
367 3669 527 3741 subjungit,
552 3671 635 3725 illum
657 3671 747 3740 maqis
763 3670 879 3740 pietatis
897 3677 924 3723 et
950 3674 1037 3729 nolus
1062 3674 1168 3737 facere.
1213 3670 1358 3726 Accedunt
1385 3674 1523 3740 postremo
1548 3667 1609 3722 loco
1626 3665 1886 3721 testimoniscmru-

89 3757 161 3820 fidei
180 3773 263 3824 msam
283 3756 342 3810 loci
362 3765 388 3810 et
405 3758 553 3827 dipnitatis
569 3756 769 3811 successionem
787 3757 924 3820 habuisse,
950 3762 1074 3832 ipsorum
1102 3757 1329 3814 adversariorum.
1360 3773 1383 3811 o.
1417 3754 1500 3810 Multi
1531 3752 1594 3809 dist
1621 3759 1663 3809 40.
1683 3727 1907 3819 citaturssnssn

90 3858 156 3900 eum
181 3861 237 3897 non
262 3842 421 3898 immediate
446 3846 549 3900 Marco
574 3843 751 3912 accesserit,
781 3842 808 3896 si
834 3844 924 3898 locum
949 3847 1026 3902 locus
1050 3843 1254 3916 chrysostomi:
1291 3843 1381 3898 Multi
1404 3843 1566 3897 sacerdotes
1588 3847 1614 3894 et
1629 3841 1721 3909 pauci
1738 3858 1783 3893 sa·
1797 3841 1854 3873 '¹¹¹²-

89 3930 289 3999 rsspieiamus,
310 3932 362 3984 sed
380 3932 464 3999 lonpo
478 3938 547 4001 post
563 3930 728 3998 interuallo,
749 3937 780 3983 at
797 3932 825 3983 si
839 3933 924 3993 tidem
950 3934 1094 3999 cerdotes,·
1116 3931 1198 3984 multi
1215 3930 1342 3996 nomine,
1354 3929 1445 3998 pauci
1463 3944 1555 3996 opere.
1595 3928 1692 3981 Videte
1709 3943 1784 3995 erqo,

89 4017 285 4086 aspiciamus,
299 4019 428 4086 prosimu
445 4019 493 4072 illi
504 4018 676 4081 succurrere,
694 4016 924 4070 ethancdemum
951 4020 1087 4090 quomodo
1109 4018 1231 4071 sedeatis
1256 4033 1341 4085 super
1364 4015 1541 4081 cathedram,
1570 4014 1638 4083 quia
1660 4030 1717 4066 non
1739 4029 1784 4066 ou

92 4119 152 4160 esse
179 4119 274 4158 ueram
298 4106 507 4162 successionem.
546 4103 642 4160 Verba
665 4105 726 4174 ejus
746 4105 815 4160 heco
841 4111 923 4160 sunt:
950 4107 1050 4159 thedra
1061 4103 1141 4170 facit
1158 4106 1341 4169 sacerdotem,
1359 4103 1411 4154 sed
1427 4101 1562 4154 sacerdos
1575 4099 1746 4153 cathedram.
1759 4115 1783 4153 c.

91 4187 144 4262 οὐχ
164 4177 246 4255 ἦττον
262 4191 308 4257 τῆς
326 4188 464 4255 circester
481 4189 497 4259 ἢ
512 4191 661 4259 προεδρίας
682 4190 769 4246 αὐτοῦ
780 4191 923 4260 διάδοχος·
950 4195 1016 4246 Non
1035 4198 1074 4244 est
1092 4189 1181 4252 focile
1205 4189 1268 4244 dist.
1290 4186 1352 4242 ead.
1374 4185 1476 4240 citatur
1502 4184 1579 4240 lacus
1605 4183 1781 4252 Hieronymi:

89 4278 122 4353 τῇ
138 4276 193 4350 μὲν
209 4276 264 4348 γὰρ
282 4279 434 4338 πολλοστὸς
451 4275 501 4331 ἀπ’
524 4278 638 4339 ἐκείνου,
657 4281 688 4348 τῇ
705 4279 735 4332 δὲ
760 4276 843 4337 εὐθὺς
859 4274 921 4350 μετ’
950 4281 1015 4333 Νοπ
1032 4284 1192 4330 sanatorum
1203 4274 1265 4344 filii
1282 4281 1355 4339 sunt,
1376 4273 1426 4341 qui
1436 4279 1526 4326 senem
1539 4272 1602 4325 loca
1613 4278 1781 4333 sanctorum,

90 4363 198 4419 lactuca
230 4361 399 4431 εὑρίσκεται,
434 4362 468 4431 ἣν
495 4363 529 4428 δὴ
551 4366 597 4416 καὶ
623 4369 722 4432 κυρίως
749 4363 924 4430 ὑποληπτέον
949 4366 1001 4418 sed
1025 4363 1075 4432 qui
1097 4368 1223 4415 eumaem
1247 4377 1334 4429 opero
1352 4377 1456 4413 eorum.
1495 4356 1675 4428 stapletonus
1693 4356 1721 4409 in
1742 4372 1782 4409 re·

90 4450 241 4519 διαδοχὴν,
263 4448 293 4503 τὸ
311 4451 365 4524 μὲν
383 4449 436 4521 γὰρ
454 4449 623 4524 ὁμόγοωμον
639 4453 686 4503 rat
703 4448 873 4521 ὁμόθρονον,
894 4448 923 4502 ri
949 4450 1010 4504 lect.
1028 4447 1115 4518 princ.
1134 4444 1180 4502 fid.
1202 4451 1289 4500 contr.
1311 4451 1332 4501 l.
1354 4444 1389 4499 de
1408 4443 1474 4499 eccl.
1495 4461 1521 4514 q.
1540 4450 1563 4499 t.
1581 4449 1632 4497 art.
1653 4448 1678 4498 2.
1698 4457 1782 4513 ugno-

90 4537 122 4592 ii
140 4534 289 4597 imtloios
307 4541 353 4589 sai
370 4533 546 4607 irrttqorou,
563 4539 609 4589 sal
627 4533 642 4603 ἡ
657 4537 712 4610 μὲν
724 4542 923 4607 προσηγορίαν,
949 4535 1009 4599 scit,
1026 4535 1135 4588 nullam
1153 4550 1211 4587 esse
1222 4550 1315 4586 ueram
1327 4531 1527 4584 successionem
1539 4531 1641 4599 absque
1653 4529 1784 4583 doctrina

90 4622 106 4690 ἡ
134 4622 165 4677 δὲ
194 4620 329 4688 ἀλήθειαν
355 4624 412 4692 ἔχει
439 4624 582 4691 διαδοχῆς.
612 4641 669 4677 non
694 4624 786 4677 minus
806 4624 924 4693 pietatis
949 4639 1024 4678 esra.
1062 4619 1246 4675 Bellarminus
1264 4618 1311 4673 lib.
1330 4625 1355 4674 4.
1374 4617 1408 4673 de
1424 4617 1497 4671 notis
1515 4615 1580 4688 eccl.
1599 4634 1623 4671 c.
1643 4620 1672 4672 8:
1699 4617 1783 4682 Dico,

89 4726 175 4778 quam
197 4707 355 4778 primariae
377 4709 454 4761 sedis
471 4726 628 4778 succeseor;
654 4716 685 4761 ut
705 4709 790 4778 enim,
807 4709 835 4762 si
851 4709 924 4762 hanc
950 4715 1141 4773 arqumentum
1164 4725 1183 4760 a
1205 4705 1379 4760 succmsione
1401 4703 1528 4772 lepitima
1547 4703 1648 4772 offerri
1667 4720 1686 4755 a
1705 4701 1784 4756 nobis

89 4804 206 4866 spectes,
224 4795 424 4849 remotissimus
444 4796 479 4847 ab
500 4796 664 4859 cosmarus
681 4803 735 4859 est,
755 4797 794 4850 ita
806 4797 833 4849 si
845 4796 924 4849 illius
945 4795 1101 4865 praecipue
1124 4796 1165 4846 ad
1180 4794 1376 4862 probandum,
1399 4808 1456 4843 non
1477 4804 1536 4842 esse
1554 4788 1712 4857 ecelesiam,
1736 4787 1786 4841 uhi

88 4882 228 4937 rationem
250 4882 369 4949 habeas,
398 4882 493 4935 statim
517 4881 565 4934 illi
588 4882 737 4951 prosimus
758 4883 923 4936 inveniemur.
950 4898 1005 4934 non
1024 4888 1065 4933 est
1084 4881 1153 4933 haec
1170 4879 1315 4941 successio,
1333 4878 1410 4947 quod
1427 4876 1539 4945 quidem
1559 4876 1672 4928 euidens
1685 4882 1734 4936 est,
1751 4891 1784 4927 ec

91 4967 169 5031 auae
199 4969 312 5036 quidem
336 4969 456 5037 proprie
489 4969 627 5021 successio
655 4969 841 5023 existimanda
875 4976 924 5036 est,
950 4985 1002 5036 qao
1020 4975 1113 5019 tamen
1133 4983 1188 5018 non
1208 4964 1367 5031 eolliqitur,
1386 4961 1544 5015 necessario
1565 4962 1606 5013 ihi
1623 4977 1681 5013 esse
1701 4960 1782 5013 ecele-

89 5072 155 5110 nam
182 5056 232 5124 qui
256 5057 372 5108 eandem
393 5055 464 5119 fidei
481 5054 639 5108 doctrinam
664 5058 827 5123 profitetur,
852 5057 923 5125 ejas·
949 5054 1035 5120 siam,
1063 5052 1112 5104 tihi
1136 5059 1177 5105 est
1197 5050 1343 5104 successio.
1388 5047 1428 5116 (si
1452 5047 1588 5103 successio
1615 5064 1670 5101 non
1692 5045 1785 5117 arguit

88 5143 153 5197 dem
174 5158 281 5210 quoque
298 5142 394 5195 throni
407 5142 552 5212 particeps
572 5149 627 5210 est,·
646 5141 696 5210 qui
709 5150 801 5195 autem
814 5151 925 5196 contra·
950 5156 1042 5195 veram
1072 5136 1231 5202 ecelesiam,
1262 5154 1317 5190 non
1341 5135 1393 5189 crit
1420 5134 1533 5205 propria
1556 5133 1689 5188 ecclesiae
1710 5139 1784 5200 nota,

87 5227 164 5281 mam
189 5229 280 5295 fidem
315 5227 508 5296 amplectitur,
544 5227 727 5280 adversarius
758 5244 865 5297 quoque
895 5228 925 5280 in
951 5226 1017 5297 quis
1049 5242 1067 5280 a
1096 5229 1164 5280 nats
1189 5224 1226 5279 ad
1253 5239 1310 5277 rem
1337 5228 1460 5278 notamus
1487 5227 1561 5277 recte
1590 5219 1783 5287 conciuditur.)

87 5313 191 5368 throno
215 5314 324 5367 semesi
345 5313 432 5370 dehet.
472 5315 563 5383 Atque
586 5316 653 5369 haec
679 5315 792 5383 quidem
817 5311 1155 5409 uomen,i**Reihingius
1173 5311 1201 5366 in
1223 5327 1280 5367 exc.
1301 5315 1373 5364 cont.
1392 5309 1560 5363 hicisuerum
1581 5324 1607 5376 p.
1632 5312 1674 5363 16:
1694 5307 1784 5361 Habet

85 5400 144 5457 itta
162 5416 227 5455 cero
242 5418 303 5455 rem
321 5401 414 5470 ipsam
431 5409 457 5454 et
475 5402 619 5456 semotam
636 5401 718 5455 hahet
742 5401 939 5523 recensionis!
954 5400 1069 5456 Graeca
1089 5398 1207 5453 cocheio
1226 5396 1339 5467 quidem
1357 5395 1471 5458 semem,
1488 5394 1515 5446 si
1527 5399 1655 5464 potestas
1673 5393 1783 5447 ordinis
1872 5464 1876 5475 Ι

86 5494 142 5549 stc.
180 5488 246 5542 Non
263 5489 314 5557 qui
328 5505 383 5557 per
400 5489 454 5542 uim
475 5489 594 5557 irrupit,
620 5505 762 5544 succusor
780 5488 1101 5558 hahendus,speotetur,
1130 5503 1188 5540 non
1213 5485 1388 5552 diffitemur3
1418 5483 1469 5536 sed
1495 5482 1620 5551 ejsudem
1637 5481 1783 5537 doctrinae
