4004 6022
791 226 843 284 DE
861 226 1056 287 noctuam.
1712 245 1773 305 303

80 376 180 449 impios
211 395 271 434 esse
296 379 325 434 iu
351 379 481 452 ecclesia,
519 400 575 438 nou
602 388 697 440 autem
724 380 760 438 de
786 384 912 441 maesia.
942 400 1000 438 esre
1016 385 1138 440 membra
1151 383 1215 440 viva
1228 386 1357 455 carparis
1367 385 1492 457 chetim
1510 389 1551 444 sic
1567 388 1689 446 dicans:
1709 410 1774 461 erpo

81 470 104 518 3.
123 463 360 538 Distinguendum
386 467 458 525 inter
477 468 637 524 manifestos
655 476 829 540 peccatores,
854 472 913 543 qui-
941 479 1004 525 eunt
1024 473 1173 540 aequivoce
1192 473 1329 542 memma,
1348 474 1508 545 respondet,
1527 493 1546 529 a
1563 478 1659 530 multis
1675 477 1776 532 Cathe-

80 550 146 605 dam
170 567 265 606 eornm
290 552 381 608 adhuc
407 555 437 607 in
462 554 595 610 ecclesiae
619 563 699 611 coetu
717 564 827 612 externo
847 557 913 610 tole·
940 556 1004 609 licis
1022 559 1074 611 hoc
1092 558 1208 611 eoncwi
1222 558 1322 626 solere,
1342 562 1419 629 quod
1436 562 1507 614 mali
1518 563 1641 617 nonsint
1653 564 1776 618 membra

79 645 195 707 rantra,
219 638 331 710 quidam
349 657 414 695 vero
431 657 481 712 per
497 643 807 714 excommunicationem
825 643 861 697 ab
881 659 914 697 ea
940 659 1007 696 vera
1024 659 1074 696 nee
1093 644 1260 712 simpliciter
1278 646 1407 714 corporis
1428 648 1576 717 eccleciae,
1601 651 1653 702 ssd
1670 657 1776 704 tantum

78 731 271 792 separantur,·
303 735 462 795 peccatores
489 728 628 784 manifesti
658 729 780 783 nondum
805 745 912 784 excom·
940 731 1090 782 amandum
1112 730 1182 798 quid
1208 737 1235 783 et
1258 731 1415 799 aequivoce.
1456 733 1503 785 Itu
1520 733 1636 805 (iuquit)
1655 734 1719 790 doh.
1741 736 1776 790 de
1873 802 1878 813 ι

80 809 213 863 municati
247 810 338 866 locum
366 810 457 867 adhuc
483 812 588 868 habeut
611 815 640 869 in
663 813 780 869 ecclesis
803 814 914 878 visibili,
941 813 1151 870 ttmeuemsu
1177 814 1239 869 libr.
1265 822 1287 870 1.
1317 833 1377 887 cap.
1404 823 1445 872 et.
1476 819 1525 870 uhi
1553 820 1587 873 iel
1612 822 1716 890 prohat
1743 839 1776 876 ec

79 895 129 949 sed
156 895 193 949 sb
216 896 349 951 invisibili
370 898 499 960 euclem,
525 916 596 971 quse
614 908 657 955 est
675 907 832 956 sanctorum
849 916 914 955 con·
942 901 1108 956 Alexandro
1139 903 1175 955 de
1205 902 1285 966 Ales,
1324 904 1442 972 Hupone
1471 913 1499 958 et
1532 907 1647 961 Thema.
1694 910 1776 962 Idem

79 982 215 1053 gregatio,
235 983 319 1037 etiam
339 991 404 1038 ante
422 987 733 1042 excommunicationem
752 995 818 1041 sunt
834 1002 914 1056 sepa·
942 988 1026 1041 etiam
1056 990 1156 1042 docem
1181 989 1283 1042 Petrus
1309 1007 1328 1042 a
1355 989 1436 1058 Sota,
1464 991 1606 1046 Melchior·
1633 994 1726 1050 Canus
1750 1004 1776 1050 et

79 1069 142 1125 reti.
185 1075 210 1123 4.
235 1069 470 1142 Distinguendum
497 1072 570 1128 inter
592 1080 752 1144 peccatores
777 1091 839 1140 eos,
867 1072 915 1144 qui
942 1074 1007 1138 alii,
1031 1076 1082 1143 qui
1116 1075 1228 1127 camebi
1256 1076 1370 1140 dicant,
1395 1078 1487 1130 malas
1504 1096 1561 1131 non
1579 1095 1637 1132 esse
1654 1081 1776 1135 membra

79 1155 189 1226 maguis
206 1157 328 1225 peccatis
347 1159 453 1212 onerati
472 1175 523 1229 per
539 1174 632 1214 veram
651 1160 848 1231 poeniteutiam
864 1160 913 1215 ite
941 1176 1020 1228 vera,
1046 1160 1144 1214 dicunt
1161 1161 1355 1229 nihilominus,
1378 1180 1440 1216 vere
1458 1180 1517 1217 csse
1535 1165 1565 1218 in
1585 1166 1702 1219 eccleu'a
1718 1167 1776 1219 seve

79 1258 140 1296 rum
158 1252 363 1313 convertuntur,
383 1251 411 1300 et
427 1245 499 1301 inter
517 1264 579 1316 eos,
599 1248 647 1318 qui
667 1248 696 1301 iu
714 1248 836 1320 peccatis
854 1249 914 1301 sine
941 1246 971 1297 in
998 1262 1117 1314 corpore
1139 1247 1272 1300 ecclesiae
1298 1255 1323 1300 et
1346 1265 1406 1301 esee
1429 1249 1594 1317 simpliciter
1610 1252 1710 1321 fideles
1727 1269 1776 1307 seu

75 1330 251 1397 poenitentia
274 1339 467 1401 perseverant;
505 1333 547 1387 illi
573 1335 655 1388 etiam
680 1341 746 1391 ante
772 1333 914 1404 publicam
942 1329 1127 1388 Germanos.
1167 1335 1265 1403 Neque
1284 1335 1356 1388 enim
1373 1335 1436 1389 sola
1450 1337 1573 1389 membm
1590 1347 1654 1391 sunt
1666 1341 1697 1392 in
1714 1357 1776 1392 cor·

79 1420 107 1469 et
126 1412 267 1471 solennem
285 1417 479 1488 receptionem,
499 1420 591 1473 statim
611 1427 644 1474 ut
660 1437 694 1475 ex
713 1420 795 1475 corde
814 1419 914 1474 admis-
937 1435 1020 1488 pore,
1039 1422 1091 1473 secl
1108 1420 1193 1473 etiam
1211 1421 1346 1490 humores,
1365 1423 1476 1490 denter,
1488 1423 1547 1491 pili
1564 1432 1589 1476 et
1609 1425 1684 1492 alia,
1703 1442 1775 1495 quas

79 1518 172 1556 sorum
198 1509 376 1573 peccatorum
400 1520 447 1559 eos
464 1506 589 1577 poenitet
606 1512 635 1562 et
652 1506 708 1562 fide
727 1507 756 1561 in
774 1506 914 1561 Christum
942 1522 996 1559 non
1025 1515 1088 1558 sunt
1118 1508 1248 1561 membra.
1295 1509 1393 1576 Neque
1415 1509 1520 1576 fideles
1546 1518 1594 1562 aut
1623 1510 1778 1567 Christiani

78 1588 267 1643 remissionem
292 1607 385 1645 eorum
411 1593 552 1647 consecuti
578 1600 657 1663 sunt,
685 1601 751 1647 sunt
773 1594 807 1647 de
828 1592 913 1647 ecclc·
943 1593 1076 1645 dicuntur
1092 1593 1166 1646 tales
1183 1594 1353 1661 ecaritate,
1383 1596 1435 1647 sed
1451 1612 1465 1647 e
1481 1597 1539 1659 fide
1556 1613 1605 1649 reu
1624 1598 1694 1662 fidei
1707 1615 1774 1667 pro·

79 1675 121 1729 sia
137 1675 281 1745 invisibi1i3
305 1676 334 1730 hi
353 1678 478 1748 quamvis
494 1679 524 1732 in
543 1678 646 1734 visibili
663 1679 781 1735 ecclesia
797 1679 911 1734 toleren-
935 1679 1074 1745 sessione.
1110 1680 1161 1743 (At
1178 1678 1248 1733 haec
1266 1680 1363 1734 eadem
1382 1687 1424 1735 est
1440 1687 1536 1736 nostra
1549 1683 1693 1753 sententia,
1711 1701 1774 1739 con·

79 1769 137 1828 tur,
162 1767 256 1817 mmeu
274 1763 309 1816 ad
327 1763 492 1818 invisibilem
511 1765 656 1820 ecclesiam
673 1766 836 1834 uenuquam
853 1780 914 1835 per·
942 1765 1073 1834 cedimus,
1093 1765 1181 1819 malos
1199 1783 1258 1820 esse
1276 1767 1305 1821 in
1323 1784 1438 1837 corpore
1455 1768 1590 1823 ecclesiae
1608 1771 1715 1824 ratione
1730 1787 1775 1826 ex·

77 1849 176 1904 duent.
224 1849 303 1905 Haec
331 1852 423 1905 omnis
451 1852 475 1905 si
502 1852 590 1922 probe
609 1853 803 1920 observentur,
833 1850 915 1907 facile
940 1857 1038 1906 terum
1056 1851 1206 1920 societatis,
1229 1851 1338 1908 interim
1357 1870 1413 1907 nou
1432 1863 1497 1909 sunt
1513 1872 1580 1910 vera
1600 1862 1628 1910 et
1645 1857 1708 1911 viva
1725 1856 1774 1911 hn-

76 1936 200 2005 jndicari
220 1937 453 2007 potestdeillis,
474 1939 764 2010 quaeaBellanniuo
784 1939 914 1994 hocloco
938 1937 986 2006 jus
1011 1937 1121 2007 mystici
1143 1938 1265 2008 corporis
1286 1939 1424 2007 membra,
1452 1940 1583 1995 sedeunt
1603 1942 1633 1995 iu
1649 1944 1775 2013 ecclesia,

79 2022 265 2093 disputantur.
302 2023 476 2095 Argumenta
496 2042 568 2095 quae
585 2025 681 2091 affert,
700 2026 728 2080 id
747 2025 835 2081 solum
852 2040 914 2097 pro
942 2024 1014 2077 sicut
1037 2023 1131 2078 vitiosi
1156 2024 1281 2080 humores
1299 2025 1328 2079 in
1346 2042 1459 2096 corpore
1478 2025 1606 2083 humano.
1645 2029 1774 2086 Nostram

78 2109 162 2177 baut,
194 2126 253 2164 mse
280 2109 308 2161 iu
336 2108 459 2164 ecclesiis
486 2111 715 2180 particularibus,
746 2112 775 2165 in
798 2112 915 2167 ecclesia
941 2109 1028 2181 igitur
1063 2109 1228 2164 sententiam
1265 2109 1385 2180 probant
1417 2111 1642 2179 Turrecremata,
1683 2115 1773 2185 Sotus,

78 2195 197 2265 visibili,
233 2196 261 2248 in
292 2201 406 2250 externa
437 2196 570 2251 ecclesiae
601 2197 734 2252 societate
764 2214 819 2252 una
850 2214 914 2253 cnm
942 2194 1035 2251 Canus
1062 2204 1091 2251 et
1109 2196 1157 2250 alii
1175 2197 1321 2267 scriptores
1338 2197 1486 2254 Pontificii.
1521 2200 1600 2256 Idem
1619 2201 1774 2256 enimcum

79 2281 185 2336 sanctis
218 2281 302 2335 etiam
334 2298 450 2353 magnos
479 2288 652 2354 peccatores,
689 2285 788 2355 impios
820 2300 915 2355 gerere
941 2280 1164 2356 Turrecremata,
1195 2283 1275 2351 sote,
1306 2283 1382 2337 Cano
1413 2290 1461 2338 stc,
1495 2284 1562 2339 dicit
1587 2285 1717 2342 costerus
1745 2290 1773 2342 in

79 2367 174 2422 officia
191 2368 220 2421 in
239 2367 369 2437 ecclesia,
394 2386 475 2438 posse
492 2388 543 2426 nos
562 2371 603 2424 uti
621 2371 815 2439 sacramentis,
844 2388 915 2442 quae
942 2369 1013 2438 apol.
1036 2376 1108 2438 part
1129 2373 1153 2424 3.
1171 2383 1194 2421 c.
1218 2375 1265 2422 12:
1305 2369 1339 2421 Ut
1359 2370 1509 2439 phlepma,
1535 2375 1647 2440 sanies,
1674 2373 1774 2439 saliva,

79 2470 131 2524 per
155 2453 243 2508 malos
271 2455 511 2515 administrantur,
542 2457 633 2510 Deum
661 2474 709 2524 per
734 2457 915 2512 ministerium
941 2456 1057 2522 saupuse
1075 2454 1223 2507 abrendane
1241 2456 1357 2508 vivmtis
1378 2456 1500 2509 hominis
1518 2474 1605 2527 neque
1623 2461 1774 2513 membrum

79 2541 165 2596 edam
186 2541 333 2611 impiorum
358 2558 418 2597 esse
436 2542 577 2598 efficacem
596 2545 632 2597 ad
651 2544 782 2611 salutem,
804 2550 916 2614 propter
941 2549 1006 2594 vemt
1022 2556 1109 2609 neque
1124 2547 1232 2609 partes,
1249 2549 1275 2593 et
1293 2549 1385 2594 tamen
1402 2558 1459 2595 non
1475 2552 1538 2597 erent
1557 2553 1636 2597 estro
1653 2562 1773 2615 corpus,-

80 2628 256 2698 quorundam
283 2634 399 2697 peccata
424 2645 479 2683 nou
506 2646 568 2684 esse
591 2629 788 2684 discedendum
810 2629 845 2683 ab
872 2645 914 2685 ec·
942 2628 984 2680 ita
1008 2627 1092 2696 impii
1113 2628 1154 2680 ael
1180 2627 1338 2695 mperiluos
1361 2627 1489 2682 humores
1515 2632 1694 2696 referuntur,
1725 2634 1775 2701 qui

78 2712 167 2768 alesia
190 2721 243 2768 etc.
267 2715 316 2768 sed
340 2715 402 2785 quis
423 2723 561 2783 nostrum,
589 2730 657 2787 quos
677 2715 914 2783 Conseseionistas
941 2731 992 2766 suo
1015 2721 1149 2781 tempore,
1174 2713 1223 2765 uhi
1244 2714 1351 2766 maturi
1372 2715 1496 2778 fuerint,
1522 2733 1584 2768 cum
1605 2718 1773 2771 stercoribus

77 2807 174 2871 vocat,
199 2817 322 2873 unquam
347 2802 499 2873 quidquam
517 2802 626 2857 illorum
642 2802 776 2874 negavit?
802 2802 831 2856 id
849 2818 915 2858 vero
941 2801 1101 2869 ejiciuntur.
1127 2797 1252 2874 “Toletus
1275 2799 1305 2853 in
1328 2816 1425 2855 comm.
1456 2801 1535 2856 Rom.
1559 2808 1589 2858 8:
1620 2802 1774 2859 Obrutiuni

79 2887 199 2941 dicimus
219 2896 247 2941 et
270 2889 388 2943 immotis
413 2890 582 2960 argumentis
605 2889 788 2959 adstruimus,
813 2889 849 2943 ad
871 2905 913 2944 ec·
941 2904 997 2940 non
1024 2895 1102 2954 sunt,
1134 2887 1184 2954 qui
1215 2902 1271 2939 nen
1297 2887 1388 2940 vivam
1419 2888 1527 2941 christi
1552 2891 1638 2953 fidem
1663 2891 1773 2948 hahent.

80 2975 193 3030 clerium
224 2976 392 3029 invisibilem
421 2984 448 3028 ct
479 2977 645 3030 catholicam
676 2976 787 3046 proprie
811 2976 851 3031 sie
874 2975 914 3029 di·
942 2972 1020 3027 ldem
1047 2971 1116 3026 dicit
1132 2970 1308 3027 Lombardus
1333 2971 1381 3026 lib.
1403 2981 1425 3029 l.
1444 2982 1513 3029 seut.
1534 2973 1598 3031 dist.
1617 2980 1659 3030 37.
1677 2977 1717 3031 lit
1733 2976 1773 3033 C:

80 3068 167 3131 ctam,
197 3078 269 3132 quae
297 3069 339 3116 est
361 3071 520 3117 saeuorum
538 3065 732 3132 concrepatio,
757 3080 813 3119 non
831 3063 914 3133 perti·
940 3059 996 3113 lili
1012 3061 1053 3112 ad
1072 3059 1201 3126 templum
1218 3059 1278 3112 Dei
1294 3075 1350 3112 con
1366 3060 1519 3129 pertinent,
1544 3063 1595 3130 qui
1611 3080 1773 3130 eopnoseeu·

80 3163 147 3203 nere
171 3146 248 3211 illos,
277 3148 325 3217 qui
349 3148 377 3202 iu
399 3150 523 3218 peccatis
547 3150 721 3221 gravioribus
742 3149 801 3203 sine
821 3149 913 3219 poeni·
941 3154 980 3199 tes
1000 3147 1092 3199 Deum
1113 3161 1170 3197 nan
1194 3145 1267 3197 sicta
1291 3146 1385 3198 Deum
1402 3145 1570 3215 glorificant.
1606 3147 1690 3202 Idem
1706 3149 1773 3203 dicit

78 3233 170 3288 tenda
188 3248 284 3288 secure
303 3242 439 3306 pergunt,
459 3235 482 3288 si
499 3235 544 3289 vel
563 3236 680 3291 maxime
698 3235 814 3290 eandem
830 3233 914 3290 fidem
937 3233 985 3301 jus
1006 3230 1169 3285 canonicum
1191 3237 1256 3299 part
1286 3236 1309 3284 2.
1336 3231 1438 3287 decret.
1455 3248 1530 3287 caus.
1549 3238 1590 3288 24.
1607 3252 1634 3305 q.
1655 3239 1679 3288 3.
1699 3252 1721 3290 c.
1740 3241 1770 3290 ⁸:

79 3319 280 3390 profiteantur,
321 3321 418 3375 iisdem
463 3322 639 3377 sacramentis
674 3327 790 3375 utantur
824 3329 852 3375 et
885 3321 914 3374 in
942 3319 992 3370 Ad
1017 3317 1164 3370 ecelesiam
1182 3334 1239 3370 aon
1255 3316 1394 3385 pertinent
1414 3317 1474 3386 illi,
1503 3320 1552 3386 qui
1575 3320 1605 3372 in
1626 3320 1689 3387 ejus
1711 3323 1772 3374 uni·

79 3413 195 3461 externa
212 3407 344 3461 ecclesiae
363 3407 495 3462 societate
514 3408 604 3462 locum
621 3407 713 3462 adhuc
731 3407 881 3485 obtineant.
940 3411 998 3457 tate
1026 3402 1216 3471 corporaliter
1232 3402 1365 3471 permisti
1384 3405 1610 3471 perpessimum
1626 3406 1712 3459 vitam
1730 3421 1772 3460 se·

115 3499 159 3549 65.
178 3492 236 3548 Nec
253 3499 345 3563 potest
362 3493 414 3547 hoc
433 3510 536 3565 negare
548 3493 740 3562 Bellarminus,
760 3494 843 3549 modo
861 3493 914 3547 sibi
938 3497 1088 3559 parantur.
1118 3504 1192 3544 caus.
1214 3495 1253 3544 ³3.
1279 3505 1304 3559 q.
1330 3493 1353 3543 3.
1380 3489 1442 3542 dist.
1466 3497 1488 3545 1.
1509 3491 1544 3545 de
1560 3492 1662 3561 poenit.
1681 3509 1704 3547 c.
1724 3501 1772 3551 to:

79 3579 135 3649 ipsi
157 3586 284 3633 constare
304 3579 382 3646 velit,
409 3579 449 3634 sic
467 3580 539 3634 enim
558 3580 656 3635 scribit
672 3580 701 3634 in
717 3579 770 3635 hoc
789 3580 850 3650 ipso
869 3594 913 3632 ca-
943 3575 997 3638 (ὶυί
1011 3584 1147 3644 peccator
1164 3584 1246 3630 estet
1263 3577 1364 3645 aliqua
1378 3579 1462 3631 sarde
1481 3579 1652 3649 maculatus,
1676 3582 1712 3634 sle
1729 3599 1770 3635 ec·

79 3665 138 3735 pite
164 3664 191 3738 ξ.
211 3665 303 3719 addit:
333 3667 507 3736 Araquetinus
524 3667 554 3719 in
573 3666 712 3720 hrmiculo
732 3666 914 3720 collationum
940 3664 1027 3717 clena
1053 3660 1161 3715 Christi
1182 3663 1328 3730 appellari
1349 3681 1405 3716 nou
1425 3673 1523 3732 potest.
1564 3665 1685 3722 Proinde
1708 3675 1773 3725 ante

79 3754 179 3817 refert,
198 3754 274 3821 meod
293 3769 354 3806 cum
369 3753 608 3806 calumniarentur
619 3754 795 3820 Donatistae,
814 3750 913 3806 Cethe
939 3747 1137 3802 Bellarminum
1161 3752 1190 3802 et
1207 3748 1355 3802 concilium
1371 3749 1565 3805 Tridentiuum
1582 3751 1637 3807 fuit
1653 3770 1771 3809 commu·
1793 3775 1795 3780 ·

81 3839 152 3892 licor
178 3841 250 3892 duas
277 3838 409 3892 eeclesiae
428 3840 540 3907 faeere,
564 3854 651 3893 unam
669 3840 699 3892 in
717 3840 815 3907 tuns,
842 3856 914 3909 puae
941 3835 984 3888 nis
1001 3841 1031 3890 et
1049 3835 1223 3889 consentiens
1242 3835 1374 3890 ecclesiae
1392 3835 1533 3891 Romarm
1551 3838 1690 3903 doctrina,
1715 3858 1772 3896 ma·

81 3925 195 3978 haberet
220 3926 304 3979 bonos
329 3934 355 3978 et
378 3925 489 3994 malor;
517 3924 637 3978 weram
660 3927 810 3992 incaelis,
842 3942 915 3994 quae
942 3921 983 3976 los
1008 3939 1063 3977 uon
1086 3921 1138 3974 uisi
1164 3920 1314 3991 aequivoce
1332 3937 1392 3976 esse
1409 3923 1535 3978 membra
1551 3925 1696 3996 ecclesiae,
1721 3944 1774 3982 uec

79 4029 138 4066 non
157 4012 270 4065 haberet
287 4013 344 4065 nisi
361 4013 462 4079 honos,·
485 4014 691 4082 respondemur
709 4011 862 4081 Catholici,
885 4031 914 4066 se
942 4008 1022 4063 aliter
1041 4007 1094 4062 nisi
1112 4013 1145 4062 ut
1163 4007 1291 4062 humores
1312 4009 1510 4062 excrementitii
1523 4011 1627 4064 suntin
1639 4017 1772 4082 corpore.)

79 4118 137 4153 non
155 4101 230 4153 duas
248 4101 381 4153 ecclesias
393 4100 506 4167 facere,
523 4103 575 4154 sed
591 4100 763 4167 distinguere
780 4102 837 4154 duo
849 4109 914 4154 tem·
943 4097 976 4149 In
993 4095 1170 4167 responsione
1187 4096 1223 4149 ad
1243 4112 1302 4166 arg.
1320 4101 1427 4149 sertum
1445 4095 1628 4152 Bellarminus
1640 4115 1721 4169 porro
1733 4099 1773 4153 sic

76 4203 162 4257 pora.
203 4188 335 4240 Eandem
356 4186 446 4256 ipsam
469 4205 553 4240 unam
577 4194 603 4240 ct
622 4193 751 4240 sanctam
770 4181 1051 4267 ecclcsiamhecribit:
1086 4184 1275 4250 Hieronymus
1297 4181 1328 4233 in
1350 4198 1373 4237 c.
1395 4185 1421 4237 1.
1445 4180 1511 4236 Gal.
1535 4200 1672 4253 seponens
1689 4186 1772 4254 iilud,

80 4275 213 4326 dicerunt
231 4290 304 4325 nunc
320 4289 379 4325 esse
398 4273 491 4337 aliter,
509 4282 573 4326 tunc
590 4273 823 4340 aliter-futuram,
841 4290 915 4326 nunc
940 4269 1050 4321 Paulus
1077 4269 1221 4337 apostolus
1246 4268 1370 4321 eeclesiis
1398 4268 1547 4339 Galatiae,
1575 4272 1670 4324 volens
1687 4273 1772 4340 eupli-

80 4361 183 4415 haherc
200 4360 291 4412 mulos
309 4360 417 4427 mistos,
434 4367 500 4413 tunc
517 4378 573 4413 non
590 4359 759 4423 haddanum,
776 4360 914 4413 sicutnon
941 4371 1021 4424 cure,
1046 4354 1184 4424 pameas
1205 4352 1374 4407 cohaereant
1393 4355 1467 4408 inter
1487 4373 1517 4409 se
1539 4359 1623 4410 verba
1640 4359 1773 4427 apostoli,

80 4448 145 4500 ideo
164 4448 221 4499 duo
238 4445 345 4498 Chresti
363 4452 436 4512 sunt,
455 4446 523 4513 cuia
534 4446 692 4515 aliquando
704 4446 840 4514 mortals's,
860 4445 914 4498 uli·
941 4444 991 4511 qui
1011 4458 1084 4495 nunc
1107 4448 1180 4495 totae
1203 4440 1334 4494 eccleciae
1352 4441 1463 4495 emetur
1481 4443 1616 4512 laudare,
1641 4461 1713 4497 nune
1731 4452 1771 4497 to·

80 4534 195 4603 mando
208 4533 375 4585 immortalis
386 4532 622 4594 sueritchrietus.
646 4532 737 4597 (Sicut
750 4531 914 4586 Donatistae
940 4537 986 4582 tae
1013 4528 1173 4596 vituperare
1198 4544 1232 4579 ac
1256 4528 1476 4599 reprehendere,
1517 4530 1599 4597 dicit,
1628 4529 1770 4584 veelaim

80 4626 194 4690 propter
218 4619 422 4672 distinctionem
442 4618 575 4673 ecclesiae
592 4618 621 4672 iu
640 4617 803 4672 militantem
821 4622 850 4670 et
866 4618 914 4671 tri-
941 4614 1095 4682 dupliciter
1121 4615 1228 4682 accipi,
1260 4616 1295 4667 id
1316 4621 1357 4668 est
1382 4633 1437 4670 non
1462 4618 1535 4670 duas
1555 4633 1613 4669 esse
1631 4618 1772 4687 eeclesiae,

79 4705 260 4776 nmphantem
291 4720 342 4774 per
372 4702 539 4758 calumniam
565 4704 726 4761 tribuebant
757 4702 914 4770 Catholicis,
940 4702 993 4755 sed
1011 4703 1046 4754 de
1063 4718 1121 4754 una
1138 4700 1325 4755 diversimode
1343 4701 1509 4769 Scripturas
1528 4702 1613 4771 loqui,
1631 4704 1773 4757 interdum

81 4793 156 4864 qnod
184 4791 253 4845 duas
279 4797 433 4844 statuerent
458 4790 602 4860 ecclesias3
629 4792 668 4846 sic
689 4789 829 4845 Pontificii
852 4807 914 4860 pro·
941 4789 1014 4841 enim
1038 4787 1188 4857 smptus-a
1210 4788 1308 4840 tribuit
1333 4789 1386 4841 toti
1406 4789 1538 4841 ecclessiae
1558 4789 1606 4855 iel,
1636 4792 1714 4858 quod
1732 4798 1772 4844 est

80 4884 144 4950 pter
170 4876 375 4931 distinctionem
401 4876 535 4931 ecclesiae
561 4878 591 4931 in
613 4878 750 4933 visibilem
774 4885 802 4931 et
822 4877 914 4931 invisi·
937 4874 1088 4943 proprium
1110 4876 1315 4943 perfectorum,
1342 4881 1373 4927 ut
1398 4891 1497 4928 carere
1516 4875 1629 4928 macula
1649 4885 1675 4929 et
1691 4893 1771 4944 rupa,

80 4963 166 5020 bilem
191 4980 242 5036 per
273 4964 439 5018 calumniam
462 4963 542 5017 nobis
568 4963 709 5029 tribuunt,
740 4965 815 5034 quod
845 4964 914 5019 duas
941 4962 1082 5014 interdum
1098 4962 1132 5014 id
1149 4962 1226 5028 quod
1244 4969 1282 5014 est
1294 4961 1447 5030 preprium
1456 4968 1641 5030 peccatorum,
1660 4968 1691 5014 ui
1706 4978 1771 5031 pec·

10 5049 67 5095 nte
81 5050 220 5124 tingamus
256 5049 394 5105 ecclesias.
449 5049 505 5105 Sed
534 5056 566 5103 ut
598 5048 734 5104 Catholici
762 5049 915 5105 moesus
941 5064 1006 5101 care
1025 5055 1051 5099 et
1068 5049 1245 5115 correptione
1260 5047 1397 5114 incipere.
1427 5046 1516 5114 (Idem
1534 5054 1562 5102 et
1582 5062 1631 5100 nos
1646 5047 1770 5119 dicimus,

33 5189 38 5198 ,
82 5138 147 5192 olim
174 5136 395 5207 respondebant,
425 5154 455 5192 se
479 5152 534 5191 non
561 5136 631 5190 dnae
657 5135 788 5191 ecclesias
814 5136 914 5206 iacere,
941 5134 1028 5188 tribui
1046 5133 1154 5186 evilim
1177 5148 1231 5200 per
1247 5134 1438 5199 synecdochen
1457 5134 1510 5188 toti
1526 5134 1672 5197 ecelesiae,
1696 5139 1773 5204 qvod

82 5225 131 5278 sed
155 5223 211 5277 duo
233 5231 357 5293 tempora
381 5221 514 5278 ecclesiae
538 5221 723 5291 distinguere;
756 5222 796 5276 sic
816 5229 844 5278 et
864 5241 914 5280 uos
940 5222 993 5275 uni
1003 5220 1088 5290 parti
1103 5219 1242 5283 convenit,
1268 5234 1339 5289 quae
1358 5226 1424 5274 sunt
1442 5220 1529 5275 verba
1544 5220 1706 5276 Bellarmiui
1726 5238 1770 5278 tu·

83 5309 235 5366 Pontificiis
263 5309 475 5381 respondemus,
504 5324 553 5365 uos
580 5322 636 5363 uon
659 5307 766 5378 fingere
783 5309 852 5364 duas
870 5327 913 5365 ec-
940 5309 998 5379 pite
1020 5305 1153 5377 proximo.
1195 5305 1339 5375 Scriptura
1357 5304 1481 5376 loqrritur
1498 5306 1533 5360 de
1552 5307 1668 5363 ecclesia
1682 5309 1770 5365 divet-

82 5397 194 5465 clesias,
214 5398 264 5452 sed
283 5395 452 5466 distinguere
470 5402 612 5452 mutuam
631 5400 659 5449 et
674 5394 811 5449 internam
828 5397 913 5454 eccle·
941 5395 1063 5461 simodo,
1092 5392 1184 5462 primo
1209 5391 1380 5463 populariter
1406 5399 1436 5446 et
1462 5394 1664 5472 synecdochice
1684 5402 1715 5451 et
1731 5396 1771 5451 sic

83 5483 141 5539 siae
159 5472 337 5551 societatem.)
356 5478 385 5555 ξ.
405 5481 452 5536 Ad
463 5481 592 5536 ultimum
603 5480 738 5549 comedit,
754 5483 911 5537 malornon
942 5487 1032 5537 totum
1066 5485 1175 5535 coetum
1207 5486 1367 5537 vocatorum
1396 5480 1448 5535 hoc
1484 5481 1596 5536 nomine
1625 5482 1767 5555 intelligit}
