4004 6022
673 213 676 216 ’
764 229 767 233 ·
801 208 853 266 DE
870 208 1061 269 ECOLESIA.
1730 208 1790 281 589

94 366 207 442 legatus
226 368 390 425 Pontificius
408 369 530 426 Thomas
549 365 698 438 Cajstanas
718 367 867 438 plurimum
887 367 1034 437 sar-*spuo
1052 365 1198 423 Wolffium
1216 371 1282 423 tom.
1301 371 1326 424 2.
1351 383 1378 438 p.
1407 371 1454 422 113
1488 374 1544 423 115.
1584 366 1647 424 Joh.
1665 366 1796 425 Podusca

94 462 175 529 geret
194 455 378 528 Staupitium,
403 461 437 510 >ut
461 456 498 510 ad
517 453 686 525 palinodiam
706 453 860 508 canendam
877 450 933 505 Lu·
945 516 947 521 ,
959 453 1097 509 Bohemus
1123 453 1198 525 apud
1216 451 1360 511 Wolfiium
1385 470 1413 524 p.
1436 459 1491 509 181.
1536 453 1691 511 Monachus
1707 455 1794 510 Fran·

94 541 205 598 thorum
235 543 382 608 invitaret,
415 542 558 612 respondit
584 539 752 610 Staupitius,
789 542 842 594 ioe
872 540 1085 611 ipsotsiscsnus
1114 541 1151 596 ad
1180 539 1402 611 amplectendum
1433 543 1609 613 evangelium
1633 542 1707 597 cives
1732 542 1794 597 hor·

96 630 186 684 oleum
212 639 238 683 et
257 647 372 700 operam
393 630 423 683 in
442 629 564 683 Lutiero
580 628 724 697 perditum
746 627 797 691 iri,
822 643 888 679 nam
905 640 935 677 se
959 631 1040 682 tatur.
1083 627 1126 681 Ex
1153 626 1251 682 Gastio
1271 625 1366 681 Wolff.
1392 632 1456 682 tom.
1483 634 1507 684 2.
1533 646 1560 700 p.
1585 630 1682 685 128.**
1725 627 1795 683 Cum

95 716 178 783 lorrpe
216 717 368 768 doctiorem
411 715 440 768 in
476 715 568 769 saeris
604 714 697 771 literis
735 729 799 767 asse.
858 711 934 765 ldem
960 711 1084 768 Marinus
1102 713 1278 769 Caracciolus
1304 718 1332 768 et
1353 711 1539 784 Hieronymus
1564 714 1723 770 Alexander
1739 714 1794 771 Ro·
1809 727 1855 773 m
1869 727 1901 772 111

95 802 243 872 Augustae
260 799 469 856 Vindelicorum
487 800 529 854 his
549 800 640 855 verbis
657 799 811 854 Lutherum
832 797 935 852 allocu·
962 788 1035 854 rnani
1062 807 1183 856 oratores
1204 799 1318 855 Erssmo
1345 799 1475 856 Coloniae
1504 818 1577 856 anno
1605 806 1680 858 1520.
1706 818 1797 872 papae

95 895 141 943 tus
164 895 218 943 est:
243 890 385 944 Memento
404 889 445 942 mi
462 889 604 951 Martiae,
630 905 664 941 ne
686 895 795 940 tantum
813 903 871 938 rem
891 901 936 936 ne·
961 887 1053 941 verbis
1072 888 1261 959 episcopatum
1279 887 1477 957 promitterent,
1496 887 1518 942 si
1537 893 1633 943 contra
1645 887 1798 945 Lutherum

95 975 235 1044 ptipenter
258 992 341 1043 apos,
371 992 453 1044 qnam
477 976 507 1029 in
531 975 640 1028 nominc
664 972 772 1027 Ciristi
796 970 935 1040 incepisti.
961 988 1011 1043 pro
1031 971 1181 1029 Pontificia
1198 973 1362 1027 auctoritate
1382 973 1485 1043 stylum
1503 973 1665 1045 stringeret,
1687 991 1799 1044 respon·

96 1059 255 1115 Richardus
279 1059 510 1131 Wasserburgius
536 1061 748 1117 archidiaconus
773 1058 936 1114 Verdunen-
962 1058 1003 1112 dit
1020 1058 1081 1115 ille:
1108 1062 1210 1128 Major
1228 1067 1267 1112 est
1287 1060 1434 1124 Luticrus,
1454 1077 1538 1129 quom
1555 1067 1585 1111 ut
1604 1059 1632 1111 in
1650 1058 1731 1112 illum
1748 1076 1798 1130 epo

96 1147 151 1202 sis:
184 1147 284 1202 Statua
312 1166 377 1216 epe,
405 1149 510 1201 dietam
536 1132 639 1201 sectam
664 1147 854 1200 Lutieranam
878 1145 1098 1239 canapariam
1119 1146 1214 1215 major
1226 1145 1425 1210 esthttierua,
1446 1164 1529 1215 quam
1547 1152 1576 1198 ut
1596 1164 1615 1199 a
1634 1161 1676 1197 me
1694 1144 1797 1199 intelli·

97 1235 228 1304 apprime
253 1234 349 1286 utilem
374 1242 400 1286 et
420 1234 624 1302 neeessariam·
649 1250 733 1301 spero
752 1233 837 1297 enim,
861 1232 937 1299 quod
948 1246 950 1263 ²
962 1241 1053 1301 petar.
1086 1233 1179 1285 Plane
1195 1231 1333 1285 Luticrus
1345 1239 1439 1285 tantus
1453 1239 1502 1300 est,
1520 1232 1630 1300 utplus
1642 1232 1760 1285 erudiar
1773 1237 1799 1285 11

92 1337 149 1390 per
167 1321 248 1374 silam
261 1322 341 1374 Deus
359 1320 425 1373 velit
441 1321 600 1383 reformare
618 1328 644 1372 et
663 1320 813 1373 emendare
832 1324 934 1369 statum
958 1319 1108 1387 proficiam
1125 1317 1283 1370 selectione
1295 1316 1799 1389 usinspapeltaeLutiernnaepuam

97 1407 233 1460 ecelesiae
250 1413 275 1460 et
293 1406 546 1460 ecclesiasticorum
564 1405 661 1459 turias
684 1413 740 1458 tam
755 1405 892 1474 primates
909 1411 936 1456 et
949 1421 994 1457 .e.r
1005 1413 1060 1459 toto
1077 1405 1190 1458 Thema.
1218 1402 1364 1474 Philippus
1376 1403 1538 1459 Melanthon
1552 1406 1580 1459 in
1594 1405 1709 1476 praefat.
1720 1420 1798 1474 prae·

96 1511 207 1546 summ
225 1494 335 1563 capita,
363 1510 444 1561 quam
469 1493 591 1545 membra
609 1499 634 1546 et
654 1491 814 1557 inferiores.
851 1488 935 1545 Item:
961 1489 1137 1546 1111101113.
1159 1491 1218 1545 Lat.
1250 1488 1367 1546 Lutheri
1382 1491 1480 1546 recitat
1494 1491 1602 1546 Erasmi
1617 1489 1795 1546 Roterodami

97 1577 168 1632 Cum
186 1579 280 1632 multis
288 1576 349 1648 piis
361 1580 475 1646 affirma
485 1596 542 1647 pro
556 1585 638 1644 certo,
658 1578 836 1630 Lutieranae
847 1586 936 1630 seetoc
961 1576 997 1631 ds
1015 1576 1137 1631 Luthero
1152 1575 1304 1647 judicium,
1323 1576 1398 1647 qnod
1415 1576 1512 1631 solitus
1530 1575 1614 1631 fuerit
1633 1576 1732 1647 dicere,
1751 1593 1797 1629 ne·

91 1665 265 1736 primariam
291 1682 406 1717 eausam
434 1680 504 1729 csse,
530 1662 638 1716 sesima
660 1664 805 1717 horrenda
833 1679 935 1726 eorum,
962 1663 1062 1718 minem
1088 1681 1147 1718 esse
1170 1665 1349 1732 interpretem
1367 1665 1550 1718 dexteriorem
1569 1664 1705 1732 omnium,
1733 1661 1798 1732 pua·

95 1753 148 1822 qui
165 1752 256 1820 primi
280 1767 338 1803 esse
363 1749 458 1804 oolrsut
486 1750 515 1802 in
541 1749 659 1804 eeclesia
685 1757 710 1802 et
737 1749 935 1803 correctionem
961 1769 1023 1802 rum
1046 1757 1154 1803 enatant
1175 1750 1276 1803 literae
1294 1759 1362 1819 post
1382 1750 1539 1820 apostolos,
1561 1750 1692 1803 Lutiero.
1727 1747 1798 1801 Cum

96 1838 207 1891 nuttam
226 1837 384 1890 admittunt.
422 1837 461 1889 Et
476 1837 545 1905 ptus
564 1835 642 1904 dico,
661 1844 764 1889 sectam
782 1835 863 1890 ittam
876 1836 935 1901 Lu·
947 1862 949 1875 ι
961 1835 1057 1890 eodem
1078 1836 1168 1909 elogio
1186 1838 1336 1905 consentit,
1361 1836 1435 1906 quod
1453 1835 1580 1890 Andreas
1599 1834 1705 1889 Masius
1721 1832 1795 1888 Pon·

97 1925 244 1978 tirrenum
270 1924 352 1992 (licet
375 1923 457 1977 illam
481 1924 640 1992 approhare
663 1922 768 1992 nolim)
795 1941 851 1975 non
875 1922 935 1975 siae
960 1921 1062 1977 tificius
1089 1923 1207 1994 scriptor
1234 1923 1263 1978 in
1287 1921 1412 1977 convivio
1441 1920 1566 1976 coenobii
1592 1918 1797 1991 wingartensis

95 2011 196 2063 divina
217 2009 397 2079 prouidentia
424 2009 627 2080 introductam,
658 2018 751 2078 utpote
780 2011 821 2062 ad
847 2008 935 2061 corri-
962 2008 1139 2064 audientibus
1157 2009 1252 2063 multis
1272 2006 1431 2063 Pontificiis
1450 2014 1478 2063 et
1496 2007 1661 2063 Lutheranis
1680 2011 1797 2062 testatus

93 2099 204 2165 pendas
231 2111 340 2149 errores
367 2102 392 2148 at
414 2095 629 2160 reformandam
655 2095 800 2149 ecclesiam
824 2095 935 2148 omnino
962 2101 1017 2159 est,
1047 2096 1077 2148 in
1101 2114 1160 2149 una
1186 2096 1354 2164 scriptorum
1376 2095 1496 2150 Lutheri
1516 2096 1627 2163 popina
1645 2092 1715 2161 plus
1741 2107 1799 2146 1111

95 2182 294 2238 necessariam.
339 2179 375 2235 D.
399 2180 506 2234 Paulus
525 2179 676 2236 Ricenerus
696 2181 821 2236 medicus
839 2178 935 2235 Perdi·
962 2181 1072 2234 solidae
1101 2182 1272 2252 ticolopiae,
1306 2200 1390 2253 quam
1416 2182 1557 2234 interdum
1583 2180 1613 2234 in
1641 2187 1697 2233 toto
1725 2178 1797 2231 libro

92 2268 182 2323 nandi
200 2267 273 2339 regis
292 2266 410 2321 Romani
427 2266 577 2322 honorifice
595 2267 630 2322 de
642 2267 809 2322 Lutheranis
828 2285 934 2322 eorum·
963 2267 1087 2336 alicujus
1107 2269 1210 2337 patris.
1251 2267 1408 2339 Episcopus
1425 2266 1564 2322 Roffensis
1581 2267 1610 2320 in
1626 2264 1744 2336 epistola
1762 2262 1798 2318 ad

91 2374 150 2427 que
168 2353 338 2410 confessione
358 2354 467 2408 locutus
481 2358 530 2420 est,
550 2353 658 2426 sibique
676 2354 825 2409 admodum
839 2352 1105 2465 crispi-‘ursanum
1125 2353 1241 2408 Lutheri
1265 2355 1420 2409 doctrinam
1444 2352 1558 2409 mirifice
1576 2351 1687 2416 laudat,
1716 2369 1750 2417 aa
1767 2368 1797 2404 ss

91 2460 157 2499 cere
176 2440 358 2512 pertinaciam
374 2440 593 2497 adversariorum
612 2441 688 2498 dixit.
734 2440 933 2513 Wolffgangus
946 2484 949 2515 ;
961 2458 1061 2510 cupere
1085 2442 1126 2494 ait
1144 2441 1226 2494 ittum
1245 2439 1406 2508 conuenire,
1431 2440 1458 2493 si
1479 2439 1569 2509 possit
1587 2439 1744 2503 commode,
1766 2445 1798 2491 ut

92 2527 213 2584 Severus
232 2529 298 2584 111111
318 2527 487 2583 Ferdinandi
507 2529 581 2600 regis
600 2533 774 2600 praeceptor:
960 2526 1097 2580 nonnulla
1117 2543 1149 2579 eu
1167 2527 1218 2580 itio
1239 2533 1399 2596 quaereret,
1423 2541 1493 2596 quas
1512 2518 1604 2594 apuam
1623 2522 1695 2576 mala
1716 2523 1796 2576 iate-

961 2614 1042 2680 iant,·
1070 2611 1149 2666 addit
1171 2612 1268 2682 etiam,
1294 2613 1381 2670 fuisse
1405 2611 1558 2677 Latiarum
1582 2608 1797 2679 Scripturarum

960 2698 1183 2753 admiraculum
1200 2714 1288 2768 usquc
1309 2697 1448 2766 peritum,
1476 2702 1556 2766 optat
1582 2695 1681 2763 modo,
1703 2701 1734 2746 ut
1762 2694 1798 2748 de

810 2845 814 2848 .
955 2802 1037 2856 papa
1062 2784 1201 2838 tacuisset.
1243 2783 1284 2840 Ut
1301 2788 1395 2838 autem
1414 2782 1448 2836 ds
1467 2781 1605 2850 Luthero,
1630 2782 1670 2835 ita
1686 2793 1796 2850 quoque
1850 2785 1859 2804 “

91 2870 641 2944 MargarethaArchidueissaAustriaca
650 2871 811 2941 Belgiarum
823 2866 933 2932 rectrix,
960 2869 995 2923 de
1021 2868 1189 2923 Lutheranis
1219 2885 1287 2939 quos
1312 2867 1351 2920 ita
1375 2871 1477 2922 vocant
1502 2867 1644 2922 honestius
1666 2865 1797 2937 judicant

92 2977 160 3015 cum
187 2958 263 3029 apud
290 2975 352 3012 eam
376 2956 564 3012 Lovnnienses
590 2955 718 3012 monachi
743 2955 796 3011 sub
822 2953 931 3009 initium
958 2955 1156 3010 moderatiores
1184 2952 1324 3008 Pontificii
1350 2969 1433 3024 quam
1452 2951 1586 3007 Jesuitae.
1627 2950 1797 3008 Secrersrius

92 3043 298 3099 reformationis
317 3045 351 3098 de
371 3042 498 3098 universa
515 3042 683 3114 reipublicae
697 3039 870 3095 Christianae
881 3057 932 3111 per
958 3058 1048 3112 papae
1078 3040 1161 3096 Pauli
1186 3038 1236 3095 IV.
1264 3039 1292 3093 in
1322 3037 1432 3092 actione
1458 3053 1495 3091 an
1521 3037 1733 3091 restaurandum
1761 3034 1798 3090 sit

92 3128 212 3184 Lutheri
239 3130 342 3201 scripta
371 3130 510 3184 eversione
536 3129 661 3200 graviter
688 3134 931 3199 conquererentur,
959 3127 1106 3182 concilium
1125 3127 1191 3182 edit.
1212 3125 1315 3179 Piortz.
1333 3140 1406 3177 anno
1428 3128 1500 3179 1559.
1518 3123 1622 3190 statuit,
1639 3122 1712 3175 niiit
1720 3120 1796 3190 peri·

92 3216 206 3286 rogavit
222 3215 258 3270 ab
278 3214 348 3271 illis:
372 3214 454 3276 Quem
473 3232 539 3283 erpo
555 3216 678 3269 dicerent
690 3216 841 3268 Latiarum
854 3215 933 3267 esset
960 3215 1081 3269 melesius
1099 3213 1143 3266 oet
1151 3211 1340 3281 perniciosius
1354 3211 1425 3280 ieri,
1444 3228 1526 3280 quam
1540 3210 1568 3262 si
1576 3209 1796 3263 Protestantium

93 3301 340 3372 Respondentibus
358 3299 433 3372 ipsis,
452 3301 595 3355 indoctum
610 3319 666 3355 esse
678 3300 850 3365 monachum,
867 3318 933 3371 pru·
959 3300 1049 3371 lopati
1063 3300 1136 3353 inter
1155 3298 1299 3368 episcopos
1318 3298 1348 3350 in
1362 3296 1482 3351 concilio
1496 3295 1704 3367 permittantur,
1724 3309 1797 3365 qnae

94 3386 258 3443 deotissime
284 3387 414 3457 regessit:
444 3386 563 3441 Scriiite
590 3388 673 3441 multi
696 3387 774 3441 docti
798 3389 934 3441 adamans
959 3387 1097 3441 coluerint
1115 3386 1201 3454 toqui,
1222 3383 1319 3438 addita
1335 3383 1389 3440 hac
1407 3380 1512 3437 ratione
1531 3381 1551 3437 f.
1573 3385 1612 3436 14.
1623 3372 1709 3450 'prod
1725 3380 1796 3435 inter

93 3474 240 3528 indoctum
261 3491 346 3526 unum
368 3481 395 3526 et
417 3473 519 3544 procul
546 3475 630 3528 auito
649 3475 719 3543 plus
742 3474 818 3527 orbis
842 3475 932 3526 credi·
958 3475 1034 3544 ipsos
1056 3473 1113 3526 sint
1138 3471 1220 3525 multi
1242 3470 1335 3524 solr'cie
1359 3469 1436 3523 doets'
1459 3476 1485 3521 et
1511 3469 1560 3547 diu
1584 3468 1690 3521 ansati
1714 3474 1797 3536 atque
1877 3495 1880 3502 ·

94 3568 177 3614 turus
197 3567 239 3613 est
254 3560 343 3614 doctis
360 3559 456 3613 muttr's
473 3578 557 3629 mam
575 3559 688 3613 indocto
707 3559 764 3613 uni.
800 3558 933 3613 Erasmus
959 3559 1104 3614 arercitati
1119 3557 1149 3610 in
1167 3557 1237 3628 ipsis
1249 3555 1409 3609 Bibliorum
1420 3553 1552 3621 fontibus
1568 3560 1596 3608 et
1613 3554 1642 3606 in
1658 3551 1796 3606 ueteribus

92 3645 298 3702 Roterodamus
320 3645 356 3699 ad
375 3644 527 3700 Lutherum
553 3643 664 3716 scripsit
680 3643 804 3700 Lovamo
832 3651 854 3701 3.
874 3644 932 3700 Cal.
958 3643 1151 3715 scriptoribus,
1177 3642 1273 3697 norint
1299 3641 1384 3695 etiam
1409 3640 1522 3709 linpuas
1542 3638 1684 3694 &aarum
1712 3646 1795 3708 atque
1897 3654 1901 3663 ¹

92 3731 161 3788 Jun.
185 3737 262 3787 1519:
290 3731 386 3785 Habes
413 3732 444 3786 in
466 3732 587 3800 Anpls'a,
611 3732 661 3801 qui
686 3732 721 3785 cle
748 3732 802 3784 tuis
818 3732 932 3802 seriptis
959 3732 1125 3786 Hebraeum.
1174 3728 1329 3784 Cassander
1359 3728 1388 3782 in
1420 3724 1623 3782 consultatione
1651 3714 1795 3803 egregium

93 3818 198 3888 optime
214 3817 343 3883 sentiunt,
370 3826 396 3871 et
420 3826 484 3871 sunt
508 3818 539 3870 ii
562 3817 685 3870 matrimi.
732 3815 804 3870 Sunt
827 3826 853 3870 et
876 3817 929 3882 iic,
959 3820 993 3874 da
1017 3815 1240 3872 Protestantibus
1265 3814 1320 3872 tert
1344 3812 1532 3877 testimonium
1559 3815 1587 3867 et
1612 3809 1641 3865 in
1669 3809 1741 3865 libre
1760 3806 1795 3864 de

92 3922 212 3975 quorum
234 3912 274 3957 est
298 3904 413 3958 eximius
437 3905 569 3973 puidam,
595 3904 646 3972 qni
669 3904 725 3956 tuis
748 3905 855 3968 fauent.
893 3902 931 3958 Et
957 3903 1049 3960 officio
1066 3903 1106 3974 pii
1119 3901 1264 3957 virivoeat
1282 3919 1327 3957 eos
1349 3918 1417 3956 uera
1434 3899 1566 3954 ecclesiae
1586 3897 1716 3960 membra,
1737 3910 1792 3968 quc

92 3989 178 4062 paulo
195 3996 271 4060 post:
301 3990 460 4057 Depustaoi
481 3990 692 4044 commentarios
717 3997 779 4043 tuos
799 3991 829 4042 in
847 3990 930 4043 Psat-
956 3989 1066 4046 nomine
1084 3989 1212 4044 irascitur
1228 3987 1282 4059 ipsi
1293 3986 1476 4042 Bellarminus
1494 3984 1512 4038 1.
1532 3988 1556 4039 3.
1574 3983 1610 4037 de
1622 3982 1700 4038 laicis
1712 3997 1735 4035 e.
1752 3985 1792 4036 19.

91 4093 166 4138 mes,
191 4075 361 4128 vehementer
385 4075 530 4143 arrident,
556 4082 582 4129 et
601 4093 685 4145 spero
705 4093 835 4144 rnapnam
852 4076 929 4138 utili·

92 4168 178 4215 tatem
196 4161 344 4215 allaturos.
380 4161 435 4214 Est
457 4161 632 4230 Autverpiae
650 4162 737 4216 Prior
755 4162 816 4230 ejus
834 4180 930 4216 mona·
1274 4203 1480 4213 ...-.......

91 4247 176 4300 sterii
196 4247 241 4301 air
260 4263 335 4317 pure
359 4245 550 4317 Christianus,
577 4247 627 4316 qui
649 4255 676 4301 ta
701 4249 781 4301 unice
804 4250 930 4319 damnat,

92 4342 158 4387 tuus
171 4333 237 4386 otim
250 4333 415 4404 discipulus,
433 4341 463 4385 ut
476 4333 637 4401 praedicat.
666 4333 696 4385 ls
709 4333 931 4404 omniumpeene

92 4419 171 4475 selus
192 4417 331 4473 Uiriatum
347 4418 513 4489 praedicat,
540 4420 625 4473 ceteri
640 4419 704 4484 fera
725 4428 773 4473 aut
790 4419 931 4474 hominum
1197 4386 1261 4446 SE
1280 4384 1377 4445 ⁰1⁸1
1397 4385 1421 4446 ⁰
1456 4383 1549 4445 XIV·
1806 4402 1852 4448 ΠΙ·
1865 4404 1901 4448 ¹⁴⁸

90 4507 230 4648 {titt
244 4505 931 4647 titt?iiiimxiiii?
957 4546 1024 4725 ἓξ
1033 4542 1211 4709 rii?
1231 4536 1794 4721 ,Efflfflsfflfflss

1179 4694 1187 4727 ‚

92 4678 202 4736 demiae
230 4677 396 4733 moderatori
425 4677 521 4734 scribit
547 4677 670 4733 Insania
703 4685 741 4734 15.
770 4677 828 4734 Cal.
859 4677 930 4735 Nor.

95 4770 173 4823 rsro.
199 4783 256 4818 non
272 4767 368 4819 nass
385 4783 502 4834 mopsos
522 4764 676 4834 serenoque,
697 4765 747 4834 qur
765 4782 931 4819 10111111-
956 4744 1238 4830 ASSIGNAT,
1274 4742 1411 4824 QUAE
1446 4741 1539 4808 EST
1570 4736 1793 4807 INFELIX

91 4862 141 4907 tur
160 4852 323 4919 affirmare,
341 4850 415 4905 aiiii
433 4867 492 4903 esse
511 4849 541 4903 in
559 4851 692 4920 Lutiero,
710 4852 778 4919 quin
790 4869 847 4921 per
861 4870 931 4921 pro·
957 4847 1149 4918 EXITUS
1175 4844 1360 4927 EORUM,
1386 4844 1474 4924 QUI
1494 4840 1793 4911 ECOLESIAM

91 4941 175 4993 batos
193 4946 321 4992 auctores
333 4944 430 5007 posset
448 4927 575 5004 defendi.
613 4936 651 4991 Et
667 4937 751 5008 paulo
769 4943 848 4993 ante:
879 4940 932 4993 'I'ot
1208 4947 1535 5016 OPPUGNANT,

90 5033 157 5079 sunt
174 5023 268 5078 mittin
286 5023 477 5093 Rabinorum,
500 5032 538 5078 tot
555 5031 619 5077 sunt
639 5024 689 5094 qui
704 5024 760 5078 aiii
777 5025 822 5078 ais·
837 5024 930 5079 uiden·

91 5121 153 5175 tur,
185 5110 281 5165 nuilus
303 5110 436 5174 asstitit,
466 5109 516 5178 qui
535 5109 657 5162 Lutiero
676 5109 782 5163 sobrie·
797 5111 931 5181 docteque
991 5111 1049 5162 269.
1089 5103 1244 5158 Memirum
1267 5102 1401 5171 primum.
1446 5099 1590 5156 Infelicem
1616 5098 1719 5155 exitum
1742 5100 1901 5159 adantum

89 5197 285 5267 responderet,
304 5195 361 5248 sive
375 5195 487 5249 inscitia
502 5195 562 5260 fuit
575 5194 605 5249 in
624 5213 720 5266 causa,
738 5195 932 5265 siueipnauia,
956 5190 1138 5247 versariorum
1170 5205 1230 5243 esse
1260 5193 1355 5241 notam
1387 5185 1521 5241 ecclesiae
1555 5170 1901 5262 (1111101111111111111ξ’ζξῗζζξ1

90 5284 151 5348 sius
173 5290 275 5347 muns,
301 5298 418 5351 puerum
440 5280 511 5334 niiit
534 5281 665 5351 competit
687 5282 718 5335 in
731 5281 839 5351 protos
856 5281 931 5334 tiso·
956 5276 1142 5334 Bellarminus
1161 5273 1260 5331 affert:
1293 5279 1316 5329 1.
1335 5272 1495 5344 Scripturas
1515 5272 1620 5327 dietum
1637 5270 1790 5363 stum
1805 5283 1858 5365 ἷξε
1868 5273 1900 5365 2¹:

91 5369 182 5439 lepos.
234 5366 337 5440 Langii
369 5364 496 5423 monachi
529 5365 564 5422 de
592 5366 716 5423 Luthero
743 5366 931 5422 testimonium
957 5366 1087 5420 manue
1107 5369 1202 5434 panim
1214 5358 1352 5432 populum
1371 5359 1448 5430 ejus,
1469 5360 1536 5429 qnia
1554 5358 1718 5428 sanpuinsm
1735 5376 1792 5415 ser·
1805 5343 1901 5421 ussus.

166 2652 261 2720 Iapeti
279 2652 315 2703 de
332 2658 411 2719 pente
424 2652 509 2719 prior
526 2651 652 2719 majorve
669 2651 792 2704 meiero

199 2738 288 2790 Nemo
305 2737 371 2804 fuit,
392 2738 445 2789 sect
463 2753 514 2790 nac
533 2738 618 2790 eredo
634 2738 750 2798 futurus
767 2738 829 2788 erit.
