<?xml version="1.0" encoding="UTF-8"?>
<!DOCTYPE html PUBLIC "-//W3C//DTD XHTML 1.0 Transitional//EN"
    "http://www.w3.org/TR/xhtml1/DTD/xhtml1-transitional.dtd">
<html xmlns="http://www.w3.org/1999/xhtml" xml:lang="en" lang="en">
 <head>
  <title>
</title>
<meta http-equiv="Content-Type" content="text/html;charset=utf-8" />
  <meta name='ocr-system' content='tesseract 3.04.00' />
  <meta name='ocr-capabilities' content='ocr_page ocr_carea ocr_par ocr_line ocrx_word'/>
</head>
<body>
  <div class='ocr_page' id='page_1' title='image "./locitheologicit03gerhgoog_0087.png"; bbox 0 0 4004 6022; ppageno 0'>
   <div class='ocr_carea' id='block_1_1' title="bbox 216 331 1317 403">
    <p class='ocr_par' dir='ltr' id='par_1_1' title="bbox 216 331 1317 403">
     <span class='ocr_line' id='line_1_1' title="bbox 216 331 1317 403; baseline -0.009 0"><span class='ocrx_word' id='word_1_1' title='bbox 216 344 256 403; x_wconf 80' lang='lat'><strong>76</strong></span> <span class='ocrx_word' id='word_1_2' title='bbox 808 332 931 394; x_wconf 78' lang='lat' dir='ltr'><strong>Locus</strong></span> <span class='ocrx_word' id='word_1_3' title='bbox 947 331 1152 393; x_wconf 71' lang='lat' dir='ltr'>VTOESOEUS</span> <span class='ocrx_word' id='word_1_4' title='bbox 1170 332 1317 393; x_wconf 84' lang='lat' dir='ltr'>PRIMUS.</span> 
     </span>
    </p>
   </div>
   <div class='ocr_carea' id='block_1_2' title="bbox 86 483 1971 5651">
    <p class='ocr_par' dir='ltr' id='par_1_2' title="bbox 213 483 1971 2110">
     <span class='ocr_line' id='line_1_2' title="bbox 214 483 1923 561; baseline 0 -15"><span class='ocrx_word' id='word_1_5' title='bbox 214 491 335 546; x_wconf 90' lang='lat' dir='ltr'><strong>candum</strong></span> <span class='ocrx_word' id='word_1_6' title='bbox 375 487 512 542; x_wconf 78' lang='lat' dir='ltr'>exhibens</span> <span class='ocrx_word' id='word_1_7' title='bbox 546 487 630 543; x_wconf 88' lang='lat' dir='ltr'><strong>dicit:</strong></span> <span class='ocrx_word' id='word_1_8' title='bbox 666 489 729 544; x_wconf 82' lang='lat' dir='ltr'><strong>Hoc</strong></span> <span class='ocrx_word' id='word_1_9' title='bbox 757 496 797 544; x_wconf 90' lang='lat' dir='ltr'><strong>est</strong></span> <span class='ocrx_word' id='word_1_10' title='bbox 823 506 926 560; x_wconf 73' lang='lat' dir='ltr'><strong>empus</strong></span> <span class='ocrx_word' id='word_1_11' title='bbox 953 483 1066 548; x_wconf 72' lang='lat' dir='ltr'><strong>mermi</strong></span> <span class='ocrx_word' id='word_1_12' title='bbox 1079 489 1224 545; x_wconf 72' lang='lat' dir='ltr'><strong>stitutione</strong></span> <span class='ocrx_word' id='word_1_13' title='bbox 1242 506 1337 545; x_wconf 88' lang='lat' dir='ltr'><strong>sacrae</strong></span> <span class='ocrx_word' id='word_1_14' title='bbox 1355 506 1459 546; x_wconf 92' lang='lat' dir='ltr'><strong>coenae</strong></span> <span class='ocrx_word' id='word_1_15' title='bbox 1481 489 1642 561; x_wconf 78' lang='lat' dir='ltr'><strong>abrogavit,</strong></span> <span class='ocrx_word' id='word_1_16' title='bbox 1664 494 1698 544; x_wconf 92' lang='lat' dir='ltr'><strong>ut</strong></span> <span class='ocrx_word' id='word_1_17' title='bbox 1721 488 1843 545; x_wconf 80' lang='lat' dir='ltr'><strong>umbrae</strong></span> <span class='ocrx_word' id='word_1_18' title='bbox 1860 506 1923 546; x_wconf 83' lang='lat' dir='ltr'><strong>sae·</strong></span> 
     </span>
     <span class='ocr_line' id='line_1_3' title="bbox 216 574 1924 649; baseline 0.001 -17"><span class='ocrx_word' id='word_1_19' title='bbox 216 576 315 647; x_wconf 84' lang='lat' dir='ltr'><strong>Neque</strong></span> <span class='ocrx_word' id='word_1_20' title='bbox 333 575 380 630; x_wconf 91' lang='lat' dir='ltr'><strong>hic</strong></span> <span class='ocrx_word' id='word_1_21' title='bbox 400 574 474 629; x_wconf 91' lang='lat' dir='ltr'><strong>ullus</strong></span> <span class='ocrx_word' id='word_1_22' title='bbox 494 574 590 629; x_wconf 91' lang='lat' dir='ltr'><strong>subest</strong></span> <span class='ocrx_word' id='word_1_23' title='bbox 606 580 703 645; x_wconf 89' lang='lat' dir='ltr'><strong>tropus</strong></span> <span class='ocrx_word' id='word_1_24' title='bbox 720 576 880 638; x_wconf 83' lang='lat' dir='ltr'><strong>rhetoricus,</strong></span> <span class='ocrx_word' id='word_1_25' title='bbox 898 576 948 631; x_wconf 90' lang='lat' dir='ltr'><strong>sed</strong></span> <span class='ocrx_word' id='word_1_26' title='bbox 963 592 1053 648; x_wconf 81' lang='lat' dir='ltr'><strong>gram-</strong></span> <span class='ocrx_word' id='word_1_27' title='bbox 1079 576 1191 632; x_wconf 91' lang='lat' dir='ltr'><strong>cederet</strong></span> <span class='ocrx_word' id='word_1_28' title='bbox 1207 593 1337 648; x_wconf 86' lang='lat' dir='ltr'><strong>expressa</strong></span> <span class='ocrx_word' id='word_1_29' title='bbox 1354 576 1447 649; x_wconf 76' lang='lat' dir='ltr'><strong>imago</strong></span> <span class='ocrx_word' id='word_1_30' title='bbox 1464 576 1552 633; x_wconf 72' lang='lat' dir='ltr'><strong>Hebr&#39;.</strong></span> <span class='ocrx_word' id='word_1_31' title='bbox 1572 582 1613 646; x_wconf 85' lang='grc'><strong>10,</strong></span> <span class='ocrx_word' id='word_1_32' title='bbox 1629 592 1657 632; x_wconf 84' lang='lat' dir='ltr'><strong>v.</strong></span> <span class='ocrx_word' id='word_1_33' title='bbox 1680 581 1701 632; x_wconf 93' lang='grc'><strong>1.</strong></span> <span class='ocrx_word' id='word_1_34' title='bbox 1739 575 1824 631; x_wconf 81' lang='lat' dir='ltr'><strong>Adde</strong></span> <span class='ocrx_word' id='word_1_35' title='bbox 1843 576 1924 649; x_wconf 84' lang='lat' dir='ltr'><strong>qued</strong></span> 
     </span>
     <span class='ocr_line' id='line_1_4' title="bbox 215 650 1923 735; baseline 0.001 -18"><span class='ocrx_word' id='word_1_36' title='bbox 215 663 320 717; x_wconf 90' lang='lat' dir='ltr'><strong>metica</strong></span> <span class='ocrx_word' id='word_1_37' title='bbox 339 661 522 732; x_wconf 73' lang='lat' dir='ltr'><strong>synecdoche,</strong></span> <span class='ocrx_word' id='word_1_38' title='bbox 543 660 609 731; x_wconf 83' lang='lat' dir='ltr'><strong>quia</strong></span> <span class='ocrx_word' id='word_1_39' title='bbox 625 661 765 732; x_wconf 72' lang='lat' dir='ltr'><strong>pamicula</strong></span> <span class='ocrx_word' id='word_1_40' title='bbox 783 668 862 717; x_wconf 83' lang='grc' dir='ltr'><strong><em>ιοῦιο</em></strong></span> <span class='ocrx_word' id='word_1_41' title='bbox 876 661 1053 733; x_wconf 86' lang='lat' dir='ltr'><strong>comprehen·</strong></span> <span class='ocrx_word' id='word_1_42' title='bbox 1079 662 1192 734; x_wconf 79' lang='lat' dir='ltr'><strong>sanguis</strong></span> <span class='ocrx_word' id='word_1_43' title='bbox 1212 661 1316 718; x_wconf 87' lang='lat' dir='ltr'><strong>Christi</strong></span> <span class='ocrx_word' id='word_1_44' title='bbox 1332 650 1368 718; x_wconf 33' lang='lat' dir='ltr'><strong>in*</strong></span> <span class='ocrx_word' id='word_1_45' title='bbox 1380 663 1415 720; x_wconf 86' lang='lat' dir='ltr'><strong>N.</strong></span> <span class='ocrx_word' id='word_1_46' title='bbox 1435 663 1468 718; x_wconf 84' lang='lat' dir='ltr'><strong>T.</strong></span> <span class='ocrx_word' id='word_1_47' title='bbox 1489 662 1618 734; x_wconf 89' lang='lat' dir='ltr'><strong>nuspiam</strong></span> <span class='ocrx_word' id='word_1_48' title='bbox 1636 679 1689 734; x_wconf 90' lang='lat' dir='ltr'><strong>pro</strong></span> <span class='ocrx_word' id='word_1_49' title='bbox 1707 661 1789 735; x_wconf 83' lang='lat' dir='ltr'><strong>signo</strong></span> <span class='ocrx_word' id='word_1_50' title='bbox 1805 665 1923 718; x_wconf 76' lang='lat' dir='ltr'><strong>tantm</strong></span> 
     </span>
     <span class='ocr_line' id='line_1_5' title="bbox 218 747 1971 820; baseline -0.002 -16"><span class='ocrx_word' id='word_1_51' title='bbox 218 749 260 804; x_wconf 88' lang='lat' dir='ltr'><strong>dit</strong></span> <span class='ocrx_word' id='word_1_52' title='bbox 282 755 310 802; x_wconf 90' lang='lat' dir='ltr'><strong>et</strong></span> <span class='ocrx_word' id='word_1_53' title='bbox 326 747 449 803; x_wconf 89' lang='lat' dir='ltr'><strong>ostendit</strong></span> <span class='ocrx_word' id='word_1_54' title='bbox 467 747 534 816; x_wconf 90' lang='lat' dir='ltr'><strong>duo,</strong></span> <span class='ocrx_word' id='word_1_55' title='bbox 560 764 677 818; x_wconf 84' lang='lat' dir='ltr'><strong>quorum</strong></span> <span class='ocrx_word' id='word_1_56' title='bbox 702 748 820 804; x_wconf 87' lang='lat' dir='ltr'><strong>alterum</strong></span> <span class='ocrx_word' id='word_1_57' title='bbox 845 755 887 805; x_wconf 89' lang='lat' dir='ltr'><strong>est</strong></span> <span class='ocrx_word' id='word_1_58' title='bbox 910 747 1053 816; x_wconf 70' lang='grc' dir='ltr'><strong><em>αδσδηιόιι,</em></strong></span> <span class='ocrx_word' id='word_1_59' title='bbox 1079 748 1222 818; x_wconf 80' lang='lat' dir='ltr'><strong>sanguinis</strong></span> <span class='ocrx_word' id='word_1_60' title='bbox 1240 749 1400 820; x_wconf 72' lang='lat' dir='ltr'><strong>accipiatur.</strong></span> <span class='ocrx_word' id='word_1_61' title='bbox 1435 757 1460 806; x_wconf 77' lang='lat'><strong>5.</strong></span> <span class='ocrx_word' id='word_1_62' title='bbox 1481 749 1514 803; x_wconf 92' lang='lat' dir='ltr'><strong>ld</strong></span> <span class='ocrx_word' id='word_1_63' title='bbox 1533 749 1624 819; x_wconf 91' lang='lat' dir='ltr'><strong>ipsum</strong></span> <span class='ocrx_word' id='word_1_64' title='bbox 1643 747 1809 819; x_wconf 88' lang='lat' dir='ltr'><strong>comprobat</strong></span> <span class='ocrx_word' id='word_1_65' title='bbox 1828 762 1923 818; x_wconf 74' lang='grc' dir='ltr'><strong><em>πηοσ-</em></strong></span> <span class='ocrx_word' id='word_1_66' title='bbox 1936 766 1971 799; x_wconf 83' lang='grc' dir='ltr'><strong>ιι</strong></span> 
     </span>
     <span class='ocr_line' id='line_1_6' title="bbox 218 831 1923 908; baseline -0.001 -17"><span class='ocrx_word' id='word_1_67' title='bbox 218 835 335 891; x_wconf 86' lang='lat' dir='ltr'><strong>alterum</strong></span> <span class='ocrx_word' id='word_1_68' title='bbox 353 850 419 889; x_wconf 85' lang='lat' dir='ltr'><strong>vero</strong></span> <span class='ocrx_word' id='word_1_69' title='bbox 438 831 545 899; x_wconf 79' lang='grc' dir='ltr'><strong><em>νοητόν,</em></strong></span> <span class='ocrx_word' id='word_1_70' title='bbox 564 851 741 907; x_wconf 87' lang='lat' dir='ltr'><strong>nequequam</strong></span> <span class='ocrx_word' id='word_1_71' title='bbox 759 852 824 891; x_wconf 83' lang='lat' dir='ltr'><strong>vero</strong></span> <span class='ocrx_word' id='word_1_72' title='bbox 843 835 980 906; x_wconf 89' lang='lat' dir='ltr'><strong>duplicem</strong></span> <span class='ocrx_word' id='word_1_73' title='bbox 999 835 1054 906; x_wconf 82' lang='lat' dir='ltr'><strong>sig·</strong></span> <span class='ocrx_word' id='word_1_74' title='bbox 1079 835 1223 908; x_wconf 81' lang='grc' dir='ltr'><strong><em>διορισμὸς</em></strong></span> <span class='ocrx_word' id='word_1_75' title='bbox 1241 835 1294 890; x_wconf 91' lang='lat' dir='ltr'><strong>hoc</strong></span> <span class='ocrx_word' id='word_1_76' title='bbox 1313 841 1355 891; x_wconf 88' lang='lat' dir='ltr'><strong>est</strong></span> <span class='ocrx_word' id='word_1_77' title='bbox 1373 835 1488 907; x_wconf 82' lang='lat' dir='ltr'><strong>sanguis</strong></span> <span class='ocrx_word' id='word_1_78' title='bbox 1506 851 1592 904; x_wconf 75' lang='lat' dir='ltr'><strong>mass,</strong></span> <span class='ocrx_word' id='word_1_79' title='bbox 1608 848 1665 905; x_wconf 86' lang='lat' dir='ltr'><strong>quo</strong></span> <span class='ocrx_word' id='word_1_80' title='bbox 1680 832 1828 889; x_wconf 80' lang='lat' dir='ltr'><strong>coufirmat</strong></span> <span class='ocrx_word' id='word_1_81' title='bbox 1840 833 1923 890; x_wconf 87' lang='lat' dir='ltr'><strong>Chri·</strong></span> 
     </span>
     <span class='ocr_line' id='line_1_7' title="bbox 215 918 1922 993; baseline -0.001 -18"><span class='ocrx_word' id='word_1_82' title='bbox 215 920 402 976; x_wconf 87' lang='lat' dir='ltr'><strong>nificationem</strong></span> <span class='ocrx_word' id='word_1_83' title='bbox 429 921 556 986; x_wconf 89' lang='lat' dir='ltr'><strong>sortitur,</strong></span> <span class='ocrx_word' id='word_1_84' title='bbox 589 938 663 992; x_wconf 86' lang='lat' dir='ltr'><strong>quae</strong></span> <span class='ocrx_word' id='word_1_85' title='bbox 688 921 782 976; x_wconf 89' lang='lat' dir='ltr'><strong>omnia</strong></span> <span class='ocrx_word' id='word_1_86' title='bbox 812 938 847 975; x_wconf 86' lang='lat' dir='ltr'><strong>er</strong></span> <span class='ocrx_word' id='word_1_87' title='bbox 874 921 1053 992; x_wconf 88' lang='lat' dir='ltr'><strong>sequentibus</strong></span> <span class='ocrx_word' id='word_1_88' title='bbox 1078 927 1154 990; x_wconf 88' lang='lat' dir='ltr'><strong>stus,</strong></span> <span class='ocrx_word' id='word_1_89' title='bbox 1183 939 1213 976; x_wconf 91' lang='lat' dir='ltr'><strong>se</strong></span> <span class='ocrx_word' id='word_1_90' title='bbox 1236 937 1291 975; x_wconf 92' lang='lat' dir='ltr'><strong>non</strong></span> <span class='ocrx_word' id='word_1_91' title='bbox 1310 921 1420 993; x_wconf 84' lang='lat' dir='ltr'><strong>signum</strong></span> <span class='ocrx_word' id='word_1_92' title='bbox 1439 920 1553 992; x_wconf 80' lang='lat' dir='ltr'><strong>aliquod</strong></span> <span class='ocrx_word' id='word_1_93' title='bbox 1571 918 1730 992; x_wconf 78' lang='lat' dir='ltr'><strong>sanguinis,</strong></span> <span class='ocrx_word' id='word_1_94' title='bbox 1752 918 1804 975; x_wconf 89' lang='lat' dir='ltr'><strong>sed</strong></span> <span class='ocrx_word' id='word_1_95' title='bbox 1824 921 1922 992; x_wconf 78' lang='lat' dir='ltr'><strong>ipsun</strong></span> 
     </span>
     <span class='ocr_line' id='line_1_8' title="bbox 214 1004 1971 1079; baseline 0.002 -19"><span class='ocrx_word' id='word_1_96' title='bbox 214 1011 298 1061; x_wconf 90' lang='lat' dir='ltr'><strong>emat</strong></span> <span class='ocrx_word' id='word_1_97' title='bbox 319 1007 444 1062; x_wconf 76' lang='lat' dir='ltr'><strong>chriofa</strong></span> <span class='ocrx_word' id='word_1_98' title='bbox 488 1012 512 1062; x_wconf 81' lang='lat'><strong>3.</strong></span> <span class='ocrx_word' id='word_1_99' title='bbox 535 1005 645 1077; x_wconf 80' lang='lat' dir='ltr'>Copula</span> <span class='ocrx_word' id='word_1_100' title='bbox 664 1015 705 1062; x_wconf 86' lang='lat' dir='ltr'><strong>est</strong></span> <span class='ocrx_word' id='word_1_101' title='bbox 721 1007 864 1079; x_wconf 74' lang='lat' dir='ltr'><strong>propriam</strong></span> <span class='ocrx_word' id='word_1_102' title='bbox 883 1014 912 1062; x_wconf 90' lang='lat' dir='ltr'><strong>et</strong></span> <span class='ocrx_word' id='word_1_103' title='bbox 930 1008 1052 1062; x_wconf 79' lang='lat' dir='ltr'><strong>nativam</strong></span> <span class='ocrx_word' id='word_1_104' title='bbox 1079 1025 1159 1061; x_wconf 92' lang='lat' dir='ltr'><strong>suum</strong></span> <span class='ocrx_word' id='word_1_105' title='bbox 1190 1007 1354 1079; x_wconf 78' lang='lat' dir='ltr'><strong>sanguinem</strong></span> <span class='ocrx_word' id='word_1_106' title='bbox 1382 1006 1462 1062; x_wconf 91' lang='lat' dir='ltr'><strong>nobis</strong></span> <span class='ocrx_word' id='word_1_107' title='bbox 1492 1006 1631 1061; x_wconf 86' lang='lat' dir='ltr'><strong>exhibere.</strong></span> <span class='ocrx_word' id='word_1_108' title='bbox 1678 1011 1704 1062; x_wconf 83' lang='grc'><strong>6.</strong></span> <span class='ocrx_word' id='word_1_109' title='bbox 1732 1004 1805 1060; x_wconf 81' lang='lat' dir='ltr'><strong>llum</strong></span> <span class='ocrx_word' id='word_1_110' title='bbox 1835 1012 1971 1063; x_wconf 58' lang='lat' dir='ltr'><strong>vocat*</strong></span> 
     </span>
     <span class='ocr_line' id='line_1_9' title="bbox 213 1069 1970 1165; baseline 0.001 -18"><span class='ocrx_word' id='word_1_111' title='bbox 213 1110 292 1147; x_wconf 89' lang='lat' dir='ltr'><strong>suam</strong></span> <span class='ocrx_word' id='word_1_112' title='bbox 310 1091 539 1164; x_wconf 84' lang='lat' dir='ltr'><strong>significationem</strong></span> <span class='ocrx_word' id='word_1_113' title='bbox 558 1091 666 1160; x_wconf 91' lang='lat' dir='ltr'><strong>retinet,</strong></span> <span class='ocrx_word' id='word_1_114' title='bbox 686 1092 754 1164; x_wconf 90' lang='lat' dir='ltr'><strong>quia</strong></span> <span class='ocrx_word' id='word_1_115' title='bbox 772 1092 846 1164; x_wconf 88' lang='lat' dir='ltr'><strong>tropi</strong></span> <span class='ocrx_word' id='word_1_116' title='bbox 864 1093 983 1165; x_wconf 82' lang='lat' dir='ltr'><strong>incapax</strong></span> <span class='ocrx_word' id='word_1_117' title='bbox 1002 1099 1051 1162; x_wconf 88' lang='lat' dir='ltr'><strong>est,</strong></span> <span class='ocrx_word' id='word_1_118' title='bbox 1081 1091 1206 1147; x_wconf 87' lang='lat' dir='ltr'><strong>Christus</strong></span> <span class='ocrx_word' id='word_1_119' title='bbox 1236 1093 1399 1164; x_wconf 81' lang='lat' dir='ltr'><strong>sauguinem</strong></span> <span class='ocrx_word' id='word_1_120' title='bbox 1432 1091 1599 1146; x_wconf 72' lang='lat' dir='ltr'><strong>tentamenti.</strong></span> <span class='ocrx_word' id='word_1_121' title='bbox 1647 1090 1800 1162; x_wconf 87' lang='lat' dir='ltr'><strong>Dispositio</strong></span> <span class='ocrx_word' id='word_1_122' title='bbox 1832 1069 1970 1149; x_wconf 62' lang='lat' dir='ltr'><strong>tub-⁸⁸</strong></span> 
     </span>
     <span class='ocr_line' id='line_1_10' title="bbox 213 1176 1922 1249; baseline 0.001 -17"><span class='ocrx_word' id='word_1_123' title='bbox 213 1184 246 1232; x_wconf 88' lang='lat' dir='ltr'><strong>ut</strong></span> <span class='ocrx_word' id='word_1_124' title='bbox 270 1178 440 1234; x_wconf 85' lang='lat' dir='ltr'><strong>ostendimus</strong></span> <span class='ocrx_word' id='word_1_125' title='bbox 465 1177 599 1248; x_wconf 88' lang='lat' dir='ltr'><strong>superius.</strong></span> <span class='ocrx_word' id='word_1_126' title='bbox 636 1177 680 1233; x_wconf 93' lang='lat' dir='ltr'><strong>De</strong></span> <span class='ocrx_word' id='word_1_127' title='bbox 697 1178 768 1234; x_wconf 90' lang='lat' dir='ltr'><strong>iride</strong></span> <span class='ocrx_word' id='word_1_128' title='bbox 787 1177 888 1234; x_wconf 82' lang='lat' dir='ltr'><strong>Genea.</strong></span> <span class='ocrx_word' id='word_1_129' title='bbox 910 1185 940 1247; x_wconf 84' lang='lat'><strong>9,</strong></span> <span class='ocrx_word' id='word_1_130' title='bbox 967 1197 992 1233; x_wconf 86' lang='lat' dir='ltr'><strong>v.</strong></span> <span class='ocrx_word' id='word_1_131' title='bbox 1013 1185 1052 1234; x_wconf 85' lang='grc'><strong>13.</strong></span> <span class='ocrx_word' id='word_1_132' title='bbox 1078 1179 1213 1234; x_wconf 87' lang='lat' dir='ltr'><strong>menteria</strong></span> <span class='ocrx_word' id='word_1_133' title='bbox 1232 1178 1324 1233; x_wconf 88' lang='lat' dir='ltr'><strong>verbis</strong></span> <span class='ocrx_word' id='word_1_134' title='bbox 1342 1177 1461 1249; x_wconf 88' lang='lat' dir='ltr'><strong>propriis</strong></span> <span class='ocrx_word' id='word_1_135' title='bbox 1479 1183 1508 1232; x_wconf 91' lang='lat' dir='ltr'><strong>et</strong></span> <span class='ocrx_word' id='word_1_136' title='bbox 1524 1176 1679 1249; x_wconf 88' lang='lat' dir='ltr'><strong>perspicuis</strong></span> <span class='ocrx_word' id='word_1_137' title='bbox 1690 1182 1820 1234; x_wconf 57' lang='lat' dir='ltr'><strong>censure</strong></span> <span class='ocrx_word' id='word_1_138' title='bbox 1839 1177 1922 1247; x_wconf 84' lang='lat' dir='ltr'><strong>solet,</strong></span> 
     </span>
     <span class='ocr_line' id='line_1_11' title="bbox 216 1263 1922 1337; baseline -0.001 -18"><span class='ocrx_word' id='word_1_139' title='bbox 216 1265 335 1333; x_wconf 89' lang='lat' dir='ltr'><strong>dicitur,</strong></span> <span class='ocrx_word' id='word_1_140' title='bbox 360 1264 435 1335; x_wconf 87' lang='lat' dir='ltr'><strong>quod</strong></span> <span class='ocrx_word' id='word_1_141' title='bbox 459 1263 496 1317; x_wconf 88' lang='lat' dir='ltr'><strong>sit</strong></span> <span class='ocrx_word' id='word_1_142' title='bbox 520 1263 648 1333; x_wconf 71' lang='lat' dir='ltr'><strong>ripam,-</strong></span> <span class='ocrx_word' id='word_1_143' title='bbox 673 1264 709 1319; x_wconf 93' lang='lat' dir='ltr'><strong>de</strong></span> <span class='ocrx_word' id='word_1_144' title='bbox 734 1263 814 1335; x_wconf 80' lang='lat' dir='ltr'><strong>virga</strong></span> <span class='ocrx_word' id='word_1_145' title='bbox 830 1263 951 1320; x_wconf 82' lang='lat' dir='ltr'><strong>Aesonis</strong></span> <span class='ocrx_word' id='word_1_146' title='bbox 968 1264 1051 1320; x_wconf 87' lang='lat' dir='ltr'><strong>Num.</strong></span> <span class='ocrx_word' id='word_1_147' title='bbox 1079 1265 1242 1337; x_wconf 87' lang='lat' dir='ltr'><strong>praesertim</strong></span> <span class='ocrx_word' id='word_1_148' title='bbox 1261 1283 1294 1321; x_wconf 91' lang='lat' dir='ltr'><strong>eo</strong></span> <span class='ocrx_word' id='word_1_149' title='bbox 1309 1266 1337 1320; x_wconf 91' lang='lat' dir='ltr'><strong>in</strong></span> <span class='ocrx_word' id='word_1_150' title='bbox 1355 1265 1430 1334; x_wconf 88' lang='lat' dir='ltr'><strong>loco,</strong></span> <span class='ocrx_word' id='word_1_151' title='bbox 1452 1264 1499 1320; x_wconf 88' lang='lat' dir='ltr'><strong>ubi</strong></span> <span class='ocrx_word' id='word_1_152' title='bbox 1519 1282 1649 1336; x_wconf 87' lang='lat' dir='ltr'><strong>expressa</strong></span> <span class='ocrx_word' id='word_1_153' title='bbox 1666 1263 1699 1319; x_wconf 83' lang='lat' dir='ltr'><strong>fit</strong></span> <span class='ocrx_word' id='word_1_154' title='bbox 1716 1263 1822 1319; x_wconf 85' lang='lat' dir='ltr'><strong>mentio</strong></span> <span class='ocrx_word' id='word_1_155' title='bbox 1841 1264 1922 1337; x_wconf 80' lang='lat' dir='ltr'><strong>lega·</strong></span> 
     </span>
     <span class='ocr_line' id='line_1_12' title="bbox 217 1347 1971 1422; baseline -0.001 -15"><span class='ocrx_word' id='word_1_156' title='bbox 217 1358 257 1420; x_wconf 86' lang='grc'><strong>11,</strong></span> <span class='ocrx_word' id='word_1_157' title='bbox 273 1369 298 1405; x_wconf 85' lang='lat' dir='ltr'><strong>v.</strong></span> <span class='ocrx_word' id='word_1_158' title='bbox 322 1356 361 1407; x_wconf 83' lang='lat'><strong>10.</strong></span> <span class='ocrx_word' id='word_1_159' title='bbox 381 1366 415 1404; x_wconf 89' lang='lat' dir='ltr'><strong>ac</strong></span> <span class='ocrx_word' id='word_1_160' title='bbox 433 1347 468 1403; x_wconf 92' lang='lat' dir='ltr'><strong>de</strong></span> <span class='ocrx_word' id='word_1_161' title='bbox 486 1355 614 1419; x_wconf 74' lang='lat' dir='ltr'><strong>serpente</strong></span> <span class='ocrx_word' id='word_1_162' title='bbox 633 1366 719 1405; x_wconf 89' lang='lat' dir='ltr'><strong>aeneo</strong></span> <span class='ocrx_word' id='word_1_163' title='bbox 737 1350 812 1406; x_wconf 88' lang='lat' dir='ltr'><strong>Num</strong></span> <span class='ocrx_word' id='word_1_164' title='bbox 831 1357 872 1407; x_wconf 81' lang='lat'><strong>21.</strong></span> <span class='ocrx_word' id='word_1_165' title='bbox 892 1368 917 1403; x_wconf 82' lang='lat' dir='ltr'><strong>r.</strong></span> <span class='ocrx_word' id='word_1_166' title='bbox 937 1356 962 1407; x_wconf 81' lang='grc'><strong>8.</strong></span> <span class='ocrx_word' id='word_1_167' title='bbox 980 1367 1053 1405; x_wconf 90' lang='lat' dir='ltr'><strong>asse·</strong></span> <span class='ocrx_word' id='word_1_168' title='bbox 1079 1360 1179 1410; x_wconf 89' lang='lat' dir='ltr'><strong>torum.</strong></span> <span class='ocrx_word' id='word_1_169' title='bbox 1217 1359 1239 1406; x_wconf 83' lang='grc'><strong>1.</strong></span> <span class='ocrx_word' id='word_1_170' title='bbox 1258 1351 1441 1406; x_wconf 85' lang='lat' dir='ltr'><strong>Differentiae</strong></span> <span class='ocrx_word' id='word_1_171' title='bbox 1460 1368 1546 1406; x_wconf 88' lang='lat' dir='ltr'><strong>causa</strong></span> <span class='ocrx_word' id='word_1_172' title='bbox 1562 1350 1683 1420; x_wconf 86' lang='lat' dir='ltr'><strong>additur,</strong></span> <span class='ocrx_word' id='word_1_173' title='bbox 1700 1349 1777 1422; x_wconf 84' lang='lat' dir='ltr'><strong>qued</strong></span> <span class='ocrx_word' id='word_1_174' title='bbox 1795 1348 1836 1405; x_wconf 91' lang='lat' dir='ltr'><strong>sit</strong></span> <span class='ocrx_word' id='word_1_175' title='bbox 1855 1366 1920 1406; x_wconf 84' lang='lat' dir='ltr'><strong>san·</strong></span> <span class='ocrx_word' id='word_1_176' title='bbox 1932 1362 1971 1394; x_wconf 64' lang='grc' dir='ltr'>Μ</span> 
     </span>
     <span class='ocr_line' id='line_1_13' title="bbox 216 1435 1921 1510; baseline -0.002 -18"><span class='ocrx_word' id='word_1_177' title='bbox 216 1437 295 1504; x_wconf 76' lang='lat' dir='ltr'><strong>ritum</strong></span> <span class='ocrx_word' id='word_1_178' title='bbox 312 1436 385 1507; x_wconf 89' lang='lat' dir='ltr'><strong>quod</strong></span> <span class='ocrx_word' id='word_1_179' title='bbox 403 1435 508 1489; x_wconf 86' lang='lat' dir='ltr'><strong>fuerint</strong></span> <span class='ocrx_word' id='word_1_180' title='bbox 527 1435 628 1505; x_wconf 74' lang='lat' dir='ltr'><strong>sipna5</strong></span> <span class='ocrx_word' id='word_1_181' title='bbox 646 1436 694 1490; x_wconf 91' lang='lat' dir='ltr'><strong>sed</strong></span> <span class='ocrx_word' id='word_1_182' title='bbox 711 1435 765 1490; x_wconf 90' lang='lat' dir='ltr'><strong>hoc</strong></span> <span class='ocrx_word' id='word_1_183' title='bbox 781 1437 843 1491; x_wconf 91' lang='lat' dir='ltr'><strong>loco</strong></span> <span class='ocrx_word' id='word_1_184' title='bbox 859 1436 986 1492; x_wconf 88' lang='lat' dir='ltr'><strong>Christus</strong></span> <span class='ocrx_word' id='word_1_185' title='bbox 1005 1453 1052 1491; x_wconf 92' lang='lat' dir='ltr'><strong>ne·</strong></span> <span class='ocrx_word' id='word_1_186' title='bbox 1080 1440 1142 1510; x_wconf 78' lang='lat' dir='ltr'><strong>guis</strong></span> <span class='ocrx_word' id='word_1_187' title='bbox 1163 1439 1230 1492; x_wconf 81' lang='lat' dir='ltr'><strong>noni</strong></span> <span class='ocrx_word' id='word_1_188' title='bbox 1253 1439 1416 1491; x_wconf 73' lang='lat' dir='ltr'><strong>tentamenti.</strong></span> <span class='ocrx_word' id='word_1_189' title='bbox 1454 1436 1544 1492; x_wconf 90' lang='lat' dir='ltr'><strong>Vetus</strong></span> <span class='ocrx_word' id='word_1_190' title='bbox 1563 1441 1760 1492; x_wconf 83' lang='lat' dir='ltr'><strong>testamentum</strong></span> <span class='ocrx_word' id='word_1_191' title='bbox 1778 1435 1921 1509; x_wconf 78' lang='lat' dir='ltr'><strong>sanguim</strong></span> 
     </span>
     <span class='ocr_line' id='line_1_14' title="bbox 217 1521 1944 1595; baseline -0.001 -17"><span class='ocrx_word' id='word_1_192' title='bbox 217 1539 357 1595; x_wconf 89' lang='lat' dir='ltr'><strong>quaquam</strong></span> <span class='ocrx_word' id='word_1_193' title='bbox 375 1521 457 1575; x_wconf 88' lang='lat' dir='ltr'><strong>dicit:</strong></span> <span class='ocrx_word' id='word_1_194' title='bbox 492 1521 629 1576; x_wconf 77' lang='lat' dir='ltr'><strong>comedite</strong></span> <span class='ocrx_word' id='word_1_195' title='bbox 647 1521 722 1577; x_wconf 91' lang='lat' dir='ltr'><strong>hunc</strong></span> <span class='ocrx_word' id='word_1_196' title='bbox 736 1539 851 1593; x_wconf 89' lang='lat' dir='ltr'><strong>panem,</strong></span> <span class='ocrx_word' id='word_1_197' title='bbox 871 1522 919 1595; x_wconf 89' lang='lat' dir='ltr'><strong>qui</strong></span> <span class='ocrx_word' id='word_1_198' title='bbox 938 1528 981 1579; x_wconf 89' lang='lat' dir='ltr'><strong>est</strong></span> <span class='ocrx_word' id='word_1_199' title='bbox 997 1524 1052 1595; x_wconf 80' lang='lat' dir='ltr'><strong>sig·</strong></span> <span class='ocrx_word' id='word_1_200' title='bbox 1075 1527 1257 1595; x_wconf 84' lang='lat' dir='ltr'><strong>juvencorum</strong></span> <span class='ocrx_word' id='word_1_201' title='bbox 1284 1523 1379 1594; x_wconf 90' lang='lat' dir='ltr'><strong>typico</strong></span> <span class='ocrx_word' id='word_1_202' title='bbox 1401 1521 1538 1577; x_wconf 88' lang='lat' dir='ltr'><strong>sancitum</strong></span> <span class='ocrx_word' id='word_1_203' title='bbox 1561 1522 1632 1592; x_wconf 81' lang='lat' dir='ltr'><strong>fuit,</strong></span> <span class='ocrx_word' id='word_1_204' title='bbox 1659 1521 1746 1578; x_wconf 75' lang='lat' dir='ltr'><strong>arod.</strong></span> <span class='ocrx_word' id='word_1_205' title='bbox 1766 1527 1816 1589; x_wconf 75' lang='lat'><strong>2⁴,</strong></span> <span class='ocrx_word' id='word_1_206' title='bbox 1842 1540 1869 1575; x_wconf 85' lang='lat' dir='ltr'><strong>v.</strong></span> <span class='ocrx_word' id='word_1_207' title='bbox 1888 1527 1944 1579; x_wconf 75' lang='lat' dir='ltr'><strong>ae·</strong></span> 
     </span>
     <span class='ocr_line' id='line_1_15' title="bbox 215 1607 1920 1680; baseline 0 -17"><span class='ocrx_word' id='word_1_208' title='bbox 215 1628 281 1664; x_wconf 91' lang='lat' dir='ltr'><strong>num</strong></span> <span class='ocrx_word' id='word_1_209' title='bbox 301 1608 424 1678; x_wconf 90' lang='lat' dir='ltr'><strong>corporis</strong></span> <span class='ocrx_word' id='word_1_210' title='bbox 444 1608 511 1671; x_wconf 85' lang='lat' dir='ltr'><strong>mei3</strong></span> <span class='ocrx_word' id='word_1_211' title='bbox 535 1608 585 1662; x_wconf 90' lang='lat' dir='ltr'><strong>sed</strong></span> <span class='ocrx_word' id='word_1_212' title='bbox 611 1609 761 1673; x_wconf 81' lang='lat' dir='ltr'><strong>comedite,</strong></span> <span class='ocrx_word' id='word_1_213' title='bbox 786 1609 854 1677; x_wconf 91' lang='lat' dir='ltr'><strong>hoc,</strong></span> <span class='ocrx_word' id='word_1_214' title='bbox 880 1610 955 1680; x_wconf 89' lang='lat' dir='ltr'><strong>quod</strong></span> <span class='ocrx_word' id='word_1_215' title='bbox 974 1609 1052 1664; x_wconf 89' lang='lat' dir='ltr'><strong>vobis</strong></span> <span class='ocrx_word' id='word_1_216' title='bbox 1082 1612 1127 1664; x_wconf 85' lang='lat' dir='ltr'><strong>En</strong></span> <span class='ocrx_word' id='word_1_217' title='bbox 1149 1610 1266 1678; x_wconf 69' lang='lat' dir='ltr'><strong>sanmris</strong></span> <span class='ocrx_word' id='word_1_218' title='bbox 1282 1609 1430 1677; x_wconf 80' lang='lat' dir='ltr'><strong>foederis,</strong></span> <span class='ocrx_word' id='word_1_219' title='bbox 1460 1609 1539 1677; x_wconf 79' lang='lat' dir='ltr'><strong>qaod</strong></span> <span class='ocrx_word' id='word_1_220' title='bbox 1562 1608 1675 1678; x_wconf 78' lang='lat' dir='ltr'><strong>pepipit</strong></span> <span class='ocrx_word' id='word_1_221' title='bbox 1697 1607 1808 1669; x_wconf 80' lang='lat' dir='ltr'><strong>Jelrooa</strong></span> <span class='ocrx_word' id='word_1_222' title='bbox 1828 1608 1920 1663; x_wconf 59' lang='lat' dir='ltr'><strong>cobse-</strong></span> 
     </span>
     <span class='ocr_line' id='line_1_16' title="bbox 214 1692 1920 1766; baseline -0.002 -16"><span class='ocrx_word' id='word_1_223' title='bbox 214 1695 345 1762; x_wconf 88' lang='lat' dir='ltr'><strong>exhibeo,</strong></span> <span class='ocrx_word' id='word_1_224' title='bbox 371 1699 414 1748; x_wconf 91' lang='lat' dir='ltr'><strong>est</strong></span> <span class='ocrx_word' id='word_1_225' title='bbox 437 1710 503 1748; x_wconf 85' lang='lat' dir='ltr'><strong>rere</strong></span> <span class='ocrx_word' id='word_1_226' title='bbox 529 1699 558 1748; x_wconf 90' lang='lat' dir='ltr'><strong>et</strong></span> <span class='ocrx_word' id='word_1_227' title='bbox 584 1693 669 1754; x_wconf 83' lang='grc' dir='ltr'><strong><em>ὅνιως</em></strong></span> <span class='ocrx_word' id='word_1_228' title='bbox 692 1711 793 1765; x_wconf 90' lang='lat' dir='ltr'><strong>corpus</strong></span> <span class='ocrx_word' id='word_1_229' title='bbox 811 1712 910 1751; x_wconf 88' lang='lat' dir='ltr'><strong>meum.</strong></span> <span class='ocrx_word' id='word_1_230' title='bbox 947 1702 971 1751; x_wconf 87' lang='grc'><strong>1.</strong></span> <span class='ocrx_word' id='word_1_231' title='bbox 990 1694 1052 1749; x_wconf 84' lang='lat' dir='ltr'><strong>Vox</strong></span> <span class='ocrx_word' id='word_1_232' title='bbox 1079 1716 1140 1750; x_wconf 81' lang='grc' dir='ltr'><strong><em>αιιιιι</em></strong></span> <span class='ocrx_word' id='word_1_233' title='bbox 1146 1718 1157 1766; x_wconf 90' lang='lat'><em>;</em></span> <span class='ocrx_word' id='word_1_234' title='bbox 1176 1695 1301 1750; x_wconf 89' lang='lat' dir='ltr'><strong>Christus</strong></span> <span class='ocrx_word' id='word_1_235' title='bbox 1313 1694 1399 1748; x_wconf 82' lang='lat' dir='ltr'><strong>uerba</strong></span> <span class='ocrx_word' id='word_1_236' title='bbox 1415 1693 1543 1748; x_wconf 78' lang='lat' dir='ltr'><strong>formalia</strong></span> <span class='ocrx_word' id='word_1_237' title='bbox 1561 1693 1637 1748; x_wconf 90' lang='lat' dir='ltr'><strong>illius</strong></span> <span class='ocrx_word' id='word_1_238' title='bbox 1652 1692 1774 1748; x_wconf 80' lang='lat' dir='ltr'><strong>foederis</strong></span> <span class='ocrx_word' id='word_1_239' title='bbox 1792 1693 1920 1761; x_wconf 86' lang='lat' dir='ltr'><strong>retinuit,</strong></span> 
     </span>
     <span class='ocr_line' id='line_1_17' title="bbox 214 1779 1918 1853; baseline -0.001 -19"><span class='ocrx_word' id='word_1_240' title='bbox 214 1781 343 1850; x_wconf 83' lang='lat' dir='ltr'><strong>eorporis</strong></span> <span class='ocrx_word' id='word_1_241' title='bbox 360 1786 410 1834; x_wconf 90' lang='lat' dir='ltr'><strong>aut</strong></span> <span class='ocrx_word' id='word_1_242' title='bbox 423 1779 539 1850; x_wconf 76' lang='lat' dir='ltr'><strong>proprie</strong></span> <span class='ocrx_word' id='word_1_243' title='bbox 557 1786 607 1834; x_wconf 89' lang='lat' dir='ltr'><strong>aut</strong></span> <span class='ocrx_word' id='word_1_244' title='bbox 626 1781 744 1851; x_wconf 78' lang='lat' dir='ltr'><strong>mystice</strong></span> <span class='ocrx_word' id='word_1_245' title='bbox 762 1781 798 1835; x_wconf 90' lang='lat' dir='ltr'><strong>de</strong></span> <span class='ocrx_word' id='word_1_246' title='bbox 816 1781 954 1853; x_wconf 89' lang='lat' dir='ltr'><strong>spirituali</strong></span> <span class='ocrx_word' id='word_1_247' title='bbox 974 1780 1051 1837; x_wconf 90' lang='lat' dir='ltr'><strong>Chri·</strong></span> <span class='ocrx_word' id='word_1_248' title='bbox 1079 1784 1127 1838; x_wconf 90' lang='lat' dir='ltr'><strong>sed</strong></span> <span class='ocrx_word' id='word_1_249' title='bbox 1148 1781 1312 1837; x_wconf 73' lang='lat' dir='ltr'><strong>discriminis</strong></span> <span class='ocrx_word' id='word_1_250' title='bbox 1330 1781 1391 1835; x_wconf 93' lang='lat' dir='ltr'><strong>loco</strong></span> <span class='ocrx_word' id='word_1_251' title='bbox 1411 1779 1534 1834; x_wconf 90' lang='lat' dir='ltr'><strong>addidit:</strong></span> <span class='ocrx_word' id='word_1_252' title='bbox 1563 1779 1625 1835; x_wconf 87' lang='lat' dir='ltr'><strong>Hoc</strong></span> <span class='ocrx_word' id='word_1_253' title='bbox 1644 1785 1687 1836; x_wconf 89' lang='lat' dir='ltr'><strong>est</strong></span> <span class='ocrx_word' id='word_1_254' title='bbox 1703 1779 1820 1851; x_wconf 78' lang='lat' dir='ltr'><strong>sanguis</strong></span> <span class='ocrx_word' id='word_1_255' title='bbox 1839 1797 1918 1833; x_wconf 83' lang='lat' dir='ltr'><strong>mear</strong></span> 
     </span>
     <span class='ocr_line' id='line_1_18' title="bbox 215 1866 1918 1938; baseline 0 -18"><span class='ocrx_word' id='word_1_256' title='bbox 215 1868 249 1920; x_wconf 90' lang='lat' dir='ltr'><strong>sti</strong></span> <span class='ocrx_word' id='word_1_257' title='bbox 275 1882 405 1937; x_wconf 89' lang='lat' dir='ltr'><strong>corpore,</strong></span> <span class='ocrx_word' id='word_1_258' title='bbox 433 1866 507 1936; x_wconf 90' lang='lat' dir='ltr'><strong>quod</strong></span> <span class='ocrx_word' id='word_1_259' title='bbox 528 1873 570 1921; x_wconf 88' lang='lat' dir='ltr'><strong>est</strong></span> <span class='ocrx_word' id='word_1_260' title='bbox 588 1867 718 1930; x_wconf 89' lang='lat' dir='ltr'><strong>ecclesia,</strong></span> <span class='ocrx_word' id='word_1_261' title='bbox 738 1867 768 1921; x_wconf 90' lang='lat' dir='ltr'><strong>in</strong></span> <span class='ocrx_word' id='word_1_262' title='bbox 787 1867 935 1938; x_wconf 86' lang='lat' dir='ltr'><strong>seripturis</strong></span> <span class='ocrx_word' id='word_1_263' title='bbox 952 1867 1051 1938; x_wconf 90' lang='lat' dir='ltr'><strong>accipi·</strong></span> <span class='ocrx_word' id='word_1_264' title='bbox 1079 1870 1145 1921; x_wconf 80' lang='grc' dir='ltr'><strong><em>ιιοιιι·</em></strong></span> <span class='ocrx_word' id='word_1_265' title='bbox 1167 1867 1325 1921; x_wconf 71' lang='lat' dir='ltr'><strong>testamenti</strong></span> <span class='ocrx_word' id='word_1_266' title='bbox 1343 1866 1505 1932; x_wconf 87' lang='lat' dir='ltr'><strong>ostendens,</strong></span> <span class='ocrx_word' id='word_1_267' title='bbox 1529 1883 1585 1922; x_wconf 90' lang='lat' dir='ltr'><strong>non</strong></span> <span class='ocrx_word' id='word_1_268' title='bbox 1604 1866 1715 1938; x_wconf 89' lang='lat' dir='ltr'><strong>typico,</strong></span> <span class='ocrx_word' id='word_1_269' title='bbox 1736 1866 1811 1921; x_wconf 73' lang='lat' dir='ltr'><strong>siem</strong></span> <span class='ocrx_word' id='word_1_270' title='bbox 1827 1871 1918 1930; x_wconf 88' lang='lat' dir='ltr'><strong>retus,</strong></span> 
     </span>
     <span class='ocr_line' id='line_1_19' title="bbox 215 1950 1917 2024; baseline 0.001 -18"><span class='ocrx_word' id='word_1_271' title='bbox 215 1958 275 2021; x_wconf 91' lang='lat' dir='ltr'><strong>tur,</strong></span> <span class='ocrx_word' id='word_1_272' title='bbox 301 1952 412 2008; x_wconf 88' lang='lat' dir='ltr'><strong>tertium</strong></span> <span class='ocrx_word' id='word_1_273' title='bbox 437 1952 550 2024; x_wconf 87' lang='lat' dir='ltr'><strong>aliquod</strong></span> <span class='ocrx_word' id='word_1_274' title='bbox 568 1970 624 2008; x_wconf 90' lang='lat' dir='ltr'><strong>non</strong></span> <span class='ocrx_word' id='word_1_275' title='bbox 640 1952 729 2010; x_wconf 85' lang='lat' dir='ltr'><strong>datur.</strong></span> <span class='ocrx_word' id='word_1_276' title='bbox 765 1953 832 2009; x_wconf 88' lang='lat' dir='ltr'><strong>Jem</strong></span> <span class='ocrx_word' id='word_1_277' title='bbox 849 1970 914 2009; x_wconf 89' lang='lat' dir='ltr'><strong>vero</strong></span> <span class='ocrx_word' id='word_1_278' title='bbox 932 1971 989 2009; x_wconf 90' lang='lat' dir='ltr'><strong>nou</strong></span> <span class='ocrx_word' id='word_1_279' title='bbox 1008 1971 1051 2009; x_wconf 90' lang='lat' dir='ltr'><strong>ac·</strong></span> <span class='ocrx_word' id='word_1_280' title='bbox 1078 1954 1128 2008; x_wconf 88' lang='lat' dir='ltr'><strong>sed</strong></span> <span class='ocrx_word' id='word_1_281' title='bbox 1154 1971 1218 2009; x_wconf 81' lang='lat' dir='ltr'><strong>uero</strong></span> <span class='ocrx_word' id='word_1_282' title='bbox 1243 1971 1293 2008; x_wconf 87' lang='lat' dir='ltr'><strong>suo</strong></span> <span class='ocrx_word' id='word_1_283' title='bbox 1318 1953 1455 2024; x_wconf 80' lang='lat' dir='ltr'><strong>sanguine</strong></span> <span class='ocrx_word' id='word_1_284' title='bbox 1471 1969 1573 2008; x_wconf 86' lang='lat' dir='ltr'><strong>novum</strong></span> <span class='ocrx_word' id='word_1_285' title='bbox 1591 1950 1692 2006; x_wconf 90' lang='lat' dir='ltr'><strong>sanciri</strong></span> <span class='ocrx_word' id='word_1_286' title='bbox 1708 1955 1917 2008; x_wconf 62' lang='lat' dir='ltr'><strong>manentum</strong></span> 
     </span>
     <span class='ocr_line' id='line_1_20' title="bbox 216 2037 1918 2110; baseline -0.001 -17"><span class='ocrx_word' id='word_1_287' title='bbox 216 2039 318 2110; x_wconf 89' lang='lat' dir='ltr'><strong>cipitur</strong></span> <span class='ocrx_word' id='word_1_288' title='bbox 341 2039 474 2109; x_wconf 85' lang='lat' dir='ltr'><strong>mystice,</strong></span> <span class='ocrx_word' id='word_1_289' title='bbox 498 2038 565 2110; x_wconf 89' lang='lat' dir='ltr'><strong>quia</strong></span> <span class='ocrx_word' id='word_1_290' title='bbox 582 2039 691 2095; x_wconf 91' lang='lat' dir='ltr'><strong>nonde</strong></span> <span class='ocrx_word' id='word_1_291' title='bbox 709 2039 840 2103; x_wconf 88' lang='lat' dir='ltr'><strong>ecclesia,</strong></span> <span class='ocrx_word' id='word_1_292' title='bbox 865 2040 913 2095; x_wconf 90' lang='lat' dir='ltr'><strong>sed</strong></span> <span class='ocrx_word' id='word_1_293' title='bbox 935 2040 970 2095; x_wconf 92' lang='lat' dir='ltr'><strong>de</strong></span> <span class='ocrx_word' id='word_1_294' title='bbox 988 2056 1052 2094; x_wconf 80' lang='lat' dir='ltr'><strong>vero</strong></span> <span class='ocrx_word' id='word_1_295' title='bbox 1079 2041 1189 2095; x_wconf 85' lang='lat' dir='ltr'><strong>Novum</strong></span> <span class='ocrx_word' id='word_1_296' title='bbox 1205 2045 1402 2094; x_wconf 85' lang='lat' dir='ltr'><strong>testamentum</strong></span> <span class='ocrx_word' id='word_1_297' title='bbox 1419 2054 1475 2093; x_wconf 87' lang='lat' dir='ltr'><strong>non</strong></span> <span class='ocrx_word' id='word_1_298' title='bbox 1492 2038 1611 2109; x_wconf 91' lang='lat' dir='ltr'><strong>amplius</strong></span> <span class='ocrx_word' id='word_1_299' title='bbox 1631 2037 1716 2093; x_wconf 89' lang='lat' dir='ltr'><strong>habet</strong></span> <span class='ocrx_word' id='word_1_300' title='bbox 1733 2043 1833 2108; x_wconf 84' lang='lat' dir='ltr'><strong>typos,</strong></span> <span class='ocrx_word' id='word_1_301' title='bbox 1856 2053 1918 2092; x_wconf 85' lang='lat' dir='ltr'><strong>um·</strong></span> 
     </span>
    </p>

    <p class='ocr_par' dir='ltr' id='par_1_3' title="bbox 216 2123 1917 2198">
     <span class='ocr_line' id='line_1_21' title="bbox 216 2123 1917 2198; baseline -0.002 -18"><span class='ocrx_word' id='word_1_302' title='bbox 216 2131 245 2180; x_wconf 93' lang='lat' dir='ltr'><strong>et</strong></span> <span class='ocrx_word' id='word_1_303' title='bbox 271 2125 382 2194; x_wconf 91' lang='lat' dir='ltr'><strong>proprio</strong></span> <span class='ocrx_word' id='word_1_304' title='bbox 403 2142 453 2179; x_wconf 91' lang='lat' dir='ltr'><strong>suo</strong></span> <span class='ocrx_word' id='word_1_305' title='bbox 473 2141 588 2195; x_wconf 90' lang='lat' dir='ltr'><strong>corpore</strong></span> <span class='ocrx_word' id='word_1_306' title='bbox 605 2123 731 2180; x_wconf 89' lang='lat' dir='ltr'><strong>Christus</strong></span> <span class='ocrx_word' id='word_1_307' title='bbox 751 2126 882 2198; x_wconf 86' lang='lat' dir='ltr'><strong>loquitur.</strong></span> <span class='ocrx_word' id='word_1_308' title='bbox 918 2133 941 2181; x_wconf 87' lang='grc'><strong>5.</strong></span> <span class='ocrx_word' id='word_1_309' title='bbox 960 2126 993 2179; x_wconf 93' lang='lat' dir='ltr'><strong>Id</strong></span> <span class='ocrx_word' id='word_1_310' title='bbox 1011 2125 1052 2196; x_wconf 91' lang='lat' dir='ltr'><strong>ip·</strong></span> <span class='ocrx_word' id='word_1_311' title='bbox 1079 2128 1143 2182; x_wconf 87' lang='lat' dir='ltr'><strong>bras</strong></span> <span class='ocrx_word' id='word_1_312' title='bbox 1163 2143 1195 2181; x_wconf 90' lang='lat' dir='ltr'><strong>ac</strong></span> <span class='ocrx_word' id='word_1_313' title='bbox 1213 2125 1332 2197; x_wconf 80' lang='lat' dir='ltr'><strong>figuras,</strong></span> <span class='ocrx_word' id='word_1_314' title='bbox 1355 2125 1403 2180; x_wconf 89' lang='lat' dir='ltr'><strong>sed</strong></span> <span class='ocrx_word' id='word_1_315' title='bbox 1428 2125 1516 2194; x_wconf 82' lang='lat' dir='ltr'><strong>ipsam</strong></span> <span class='ocrx_word' id='word_1_316' title='bbox 1534 2140 1691 2194; x_wconf 85' lang='lat' dir='ltr'><strong>expressam</strong></span> <span class='ocrx_word' id='word_1_317' title='bbox 1707 2140 1799 2180; x_wconf 87' lang='lat' dir='ltr'><strong>rerum</strong></span> <span class='ocrx_word' id='word_1_318' title='bbox 1817 2123 1917 2197; x_wconf 78' lang='lat' dir='ltr'><strong>imagi·</strong></span> 
     </span>
    </p>

    <p class='ocr_par' dir='ltr' id='par_1_4' title="bbox 127 2207 1971 2541">
     <span class='ocr_line' id='line_1_22' title="bbox 127 2207 1968 2284; baseline 0.001 -19"><span class='ocrx_word' id='word_1_319' title='bbox 127 2227 140 2255; x_wconf 73' lang='lat' dir='ltr'><strong>a</strong></span> <span class='ocrx_word' id='word_1_320' title='bbox 216 2229 276 2265; x_wconf 90' lang='lat' dir='ltr'><strong>snm</strong></span> <span class='ocrx_word' id='word_1_321' title='bbox 300 2211 462 2281; x_wconf 88' lang='lat' dir='ltr'><strong>comprobat</strong></span> <span class='ocrx_word' id='word_1_322' title='bbox 485 2228 539 2265; x_wconf 83' lang='lat' dir='ltr'><strong>vox</strong></span> <span class='ocrx_word' id='word_1_323' title='bbox 564 2228 667 2275; x_wconf 85' lang='lat' dir='ltr'><strong>meam,</strong></span> <span class='ocrx_word' id='word_1_324' title='bbox 692 2211 815 2284; x_wconf 90' lang='lat' dir='ltr'><strong>loquitur</strong></span> <span class='ocrx_word' id='word_1_325' title='bbox 837 2213 909 2266; x_wconf 92' lang='lat' dir='ltr'><strong>enim</strong></span> <span class='ocrx_word' id='word_1_326' title='bbox 927 2211 1052 2267; x_wconf 89' lang='lat' dir='ltr'><strong>Christus</strong></span> <span class='ocrx_word' id='word_1_327' title='bbox 1079 2229 1150 2267; x_wconf 89' lang='lat' dir='ltr'><strong>nem.</strong></span> <span class='ocrx_word' id='word_1_328' title='bbox 1187 2217 1210 2266; x_wconf 85' lang='lat'><strong>8.</strong></span> <span class='ocrx_word' id='word_1_329' title='bbox 1231 2212 1307 2265; x_wconf 84' lang='lat' dir='ltr'><strong>Neve</strong></span> <span class='ocrx_word' id='word_1_330' title='bbox 1327 2210 1385 2264; x_wconf 91' lang='lat' dir='ltr'><strong>ulla</strong></span> <span class='ocrx_word' id='word_1_331' title='bbox 1405 2214 1524 2265; x_wconf 90' lang='lat' dir='ltr'><strong>restaret</strong></span> <span class='ocrx_word' id='word_1_332' title='bbox 1545 2208 1696 2278; x_wconf 84' lang='lat' dir='ltr'><strong>dubitatio,</strong></span> <span class='ocrx_word' id='word_1_333' title='bbox 1718 2207 1848 2264; x_wconf 87' lang='lat' dir='ltr'><strong>Christus</strong></span> <span class='ocrx_word' id='word_1_334' title='bbox 1866 2208 1917 2264; x_wconf 83' lang='lat' dir='ltr'><strong>ad·</strong></span> <span class='ocrx_word' id='word_1_335' title='bbox 1930 2217 1968 2266; x_wconf 70' lang='lat' dir='ltr'><strong>stt</strong></span> 
     </span>
     <span class='ocr_line' id='line_1_23' title="bbox 216 2268 1971 2368; baseline -0.002 -16"><span class='ocrx_word' id='word_1_336' title='bbox 216 2298 252 2352; x_wconf 90' lang='lat' dir='ltr'><strong>de</strong></span> <span class='ocrx_word' id='word_1_337' title='bbox 274 2297 322 2351; x_wconf 91' lang='lat' dir='ltr'><strong>illo</strong></span> <span class='ocrx_word' id='word_1_338' title='bbox 341 2314 471 2367; x_wconf 87' lang='lat' dir='ltr'><strong>corpore,</strong></span> <span class='ocrx_word' id='word_1_339' title='bbox 495 2298 570 2368; x_wconf 87' lang='lat' dir='ltr'><strong>quod</strong></span> <span class='ocrx_word' id='word_1_340' title='bbox 588 2297 647 2368; x_wconf 90' lang='lat' dir='ltr'><strong>ipse</strong></span> <span class='ocrx_word' id='word_1_341' title='bbox 667 2298 721 2353; x_wconf 89' lang='lat' dir='ltr'><strong>Dei</strong></span> <span class='ocrx_word' id='word_1_342' title='bbox 740 2298 830 2353; x_wconf 78' lang='lat' dir='ltr'><strong>Filius</strong></span> <span class='ocrx_word' id='word_1_343' title='bbox 847 2299 876 2353; x_wconf 92' lang='lat' dir='ltr'><strong>in</strong></span> <span class='ocrx_word' id='word_1_344' title='bbox 896 2304 975 2354; x_wconf 90' lang='lat' dir='ltr'><strong>utero</strong></span> <span class='ocrx_word' id='word_1_345' title='bbox 992 2298 1050 2352; x_wconf 80' lang='lat' dir='ltr'><strong>Ma·</strong></span> <span class='ocrx_word' id='word_1_346' title='bbox 1080 2298 1129 2360; x_wconf 89' lang='lat' dir='ltr'><strong>dit,</strong></span> <span class='ocrx_word' id='word_1_347' title='bbox 1147 2315 1178 2352; x_wconf 90' lang='lat' dir='ltr'><strong>se</strong></span> <span class='ocrx_word' id='word_1_348' title='bbox 1196 2298 1272 2351; x_wconf 89' lang='lat' dir='ltr'><strong>illum</strong></span> <span class='ocrx_word' id='word_1_349' title='bbox 1293 2296 1458 2368; x_wconf 83' lang='lat' dir='ltr'><strong>sanguinem</strong></span> <span class='ocrx_word' id='word_1_350' title='bbox 1477 2294 1557 2350; x_wconf 91' lang='lat' dir='ltr'><strong>nobis</strong></span> <span class='ocrx_word' id='word_1_351' title='bbox 1579 2294 1722 2359; x_wconf 85' lang='lat' dir='ltr'><strong>exhibere,</strong></span> <span class='ocrx_word' id='word_1_352' title='bbox 1742 2294 1793 2365; x_wconf 77' lang='lat' dir='ltr'><strong>qui</strong></span> <span class='ocrx_word' id='word_1_353' title='bbox 1811 2295 1842 2348; x_wconf 80' lang='lat' dir='ltr'><strong>in</strong></span> <span class='ocrx_word' id='word_1_354' title='bbox 1859 2268 1971 2361; x_wconf 45' lang='lat' dir='ltr'><strong>ma*</strong></span> 
     </span>
     <span class='ocr_line' id='line_1_24' title="bbox 215 2374 1971 2455; baseline -0.002 -17"><span class='ocrx_word' id='word_1_355' title='bbox 215 2384 272 2440; x_wconf 91' lang='lat' dir='ltr'><strong>riae</strong></span> <span class='ocrx_word' id='word_1_356' title='bbox 297 2383 413 2455; x_wconf 77' lang='lat' dir='ltr'><strong>virginis</strong></span> <span class='ocrx_word' id='word_1_357' title='bbox 436 2384 489 2439; x_wconf 92' lang='lat' dir='ltr'><strong>sibi</strong></span> <span class='ocrx_word' id='word_1_358' title='bbox 512 2384 697 2439; x_wconf 82' lang='lat' dir='ltr'><strong>conformavit</strong></span> <span class='ocrx_word' id='word_1_359' title='bbox 713 2392 742 2440; x_wconf 92' lang='lat' dir='ltr'><strong>et</strong></span> <span class='ocrx_word' id='word_1_360' title='bbox 758 2385 787 2439; x_wconf 92' lang='lat' dir='ltr'><strong>in</strong></span> <span class='ocrx_word' id='word_1_361' title='bbox 806 2385 940 2441; x_wconf 86' lang='lat' dir='ltr'><strong>unitatem</strong></span> <span class='ocrx_word' id='word_1_362' title='bbox 958 2402 1051 2455; x_wconf 90' lang='lat' dir='ltr'><strong>pereo·</strong></span> <span class='ocrx_word' id='word_1_363' title='bbox 1079 2385 1170 2437; x_wconf 72' lang='lat' dir='ltr'><strong>mucis</strong></span> <span class='ocrx_word' id='word_1_364' title='bbox 1189 2401 1246 2454; x_wconf 83' lang='lat' dir='ltr'><strong>pro</strong></span> <span class='ocrx_word' id='word_1_365' title='bbox 1268 2383 1364 2436; x_wconf 81' lang='lat' dir='ltr'><strong>multis</strong></span> <span class='ocrx_word' id='word_1_366' title='bbox 1385 2383 1491 2452; x_wconf 79' lang='lat' dir='ltr'><strong>effusus</strong></span> <span class='ocrx_word' id='word_1_367' title='bbox 1514 2389 1571 2447; x_wconf 83' lang='lat' dir='ltr'><strong>est,·</strong></span> <span class='ocrx_word' id='word_1_368' title='bbox 1596 2382 1657 2450; x_wconf 76' lang='lat' dir='ltr'><strong>iam</strong></span> <span class='ocrx_word' id='word_1_369' title='bbox 1679 2395 1745 2436; x_wconf 83' lang='lat' dir='ltr'><strong>vero</strong></span> <span class='ocrx_word' id='word_1_370' title='bbox 1765 2395 1822 2435; x_wconf 89' lang='lat' dir='ltr'><strong>nen</strong></span> <span class='ocrx_word' id='word_1_371' title='bbox 1838 2374 1971 2452; x_wconf 70' lang='lat' dir='ltr'><strong>typi-⁸¹²·</strong></span> 
     </span>
     <span class='ocr_line' id='line_1_25' title="bbox 215 2467 1917 2541; baseline -0.002 -16"><span class='ocrx_word' id='word_1_372' title='bbox 215 2487 268 2525; x_wconf 88' lang='lat' dir='ltr'><strong>nae</strong></span> <span class='ocrx_word' id='word_1_373' title='bbox 287 2469 422 2540; x_wconf 90' lang='lat' dir='ltr'><strong>suscepit,</strong></span> <span class='ocrx_word' id='word_1_374' title='bbox 440 2470 469 2524; x_wconf 91' lang='lat' dir='ltr'><strong>iu</strong></span> <span class='ocrx_word' id='word_1_375' title='bbox 489 2486 544 2541; x_wconf 87' lang='lat' dir='ltr'><strong>quo</strong></span> <span class='ocrx_word' id='word_1_376' title='bbox 564 2475 624 2525; x_wconf 84' lang='lat' dir='ltr'><strong>tota</strong></span> <span class='ocrx_word' id='word_1_377' title='bbox 640 2470 784 2541; x_wconf 84' lang='lat' dir='ltr'><strong>plenitudo</strong></span> <span class='ocrx_word' id='word_1_378' title='bbox 803 2471 914 2527; x_wconf 85' lang='lat' dir='ltr'><strong>deitatis</strong></span> <span class='ocrx_word' id='word_1_379' title='bbox 933 2470 1052 2534; x_wconf 89' lang='lat' dir='ltr'><strong>habitat,</strong></span> <span class='ocrx_word' id='word_1_380' title='bbox 1079 2487 1155 2533; x_wconf 90' lang='lat' dir='ltr'><strong>cum,</strong></span> <span class='ocrx_word' id='word_1_381' title='bbox 1187 2471 1236 2524; x_wconf 89' lang='lat' dir='ltr'><strong>sed</strong></span> <span class='ocrx_word' id='word_1_382' title='bbox 1265 2486 1360 2524; x_wconf 82' lang='lat' dir='ltr'><strong>rerum</strong></span> <span class='ocrx_word' id='word_1_383' title='bbox 1389 2467 1492 2523; x_wconf 83' lang='lat' dir='ltr'><strong>Christi</strong></span> <span class='ocrx_word' id='word_1_384' title='bbox 1520 2467 1685 2540; x_wconf 81' lang='lat' dir='ltr'><strong>sangninem</strong></span> <span class='ocrx_word' id='word_1_385' title='bbox 1713 2482 1764 2538; x_wconf 91' lang='lat' dir='ltr'><strong>pro</strong></span> <span class='ocrx_word' id='word_1_386' title='bbox 1791 2467 1917 2538; x_wconf 70' lang='lat' dir='ltr'><strong>pecemis</strong></span> 
     </span>
    </p>

    <p class='ocr_par' dir='ltr' id='par_1_5' title="bbox 86 2553 1971 5651">
     <span class='ocr_line' id='line_1_26' title="bbox 87 2553 1917 2628; baseline 0.001 -21"><span class='ocrx_word' id='word_1_387' title='bbox 87 2567 147 2616; x_wconf 76' lang='lat' dir='ltr'><strong>nanu</strong></span> <span class='ocrx_word' id='word_1_388' title='bbox 161 2577 202 2617; x_wconf 78' lang='lat' dir='ltr'><strong>pro</strong></span> <span class='ocrx_word' id='word_1_389' title='bbox 215 2557 290 2628; x_wconf 91' lang='lat' dir='ltr'><strong>quod</strong></span> <span class='ocrx_word' id='word_1_390' title='bbox 314 2562 357 2611; x_wconf 91' lang='lat' dir='ltr'><strong>est</strong></span> <span class='ocrx_word' id='word_1_391' title='bbox 374 2555 513 2612; x_wconf 80' lang='lat' dir='ltr'><strong>vivificum</strong></span> <span class='ocrx_word' id='word_1_392' title='bbox 532 2560 585 2613; x_wconf 89' lang='lat' dir='ltr'><strong>ete.</strong></span> <span class='ocrx_word' id='word_1_393' title='bbox 620 2562 646 2614; x_wconf 84' lang='grc'><strong>6.</strong></span> <span class='ocrx_word' id='word_1_394' title='bbox 666 2558 744 2614; x_wconf 82' lang='lat' dir='ltr'><strong>Neve</strong></span> <span class='ocrx_word' id='word_1_395' title='bbox 762 2557 820 2612; x_wconf 92' lang='lat' dir='ltr'><strong>ulla</strong></span> <span class='ocrx_word' id='word_1_396' title='bbox 839 2563 957 2614; x_wconf 88' lang='lat' dir='ltr'><strong>restaret</strong></span> <span class='ocrx_word' id='word_1_397' title='bbox 973 2557 1051 2611; x_wconf 86' lang='lat' dir='ltr'><strong>dubi·</strong></span> <span class='ocrx_word' id='word_1_398' title='bbox 1079 2556 1178 2612; x_wconf 89' lang='lat' dir='ltr'><strong>noetris</strong></span> <span class='ocrx_word' id='word_1_399' title='bbox 1207 2557 1235 2611; x_wconf 90' lang='lat' dir='ltr'><strong>iu</strong></span> <span class='ocrx_word' id='word_1_400' title='bbox 1262 2572 1311 2610; x_wconf 90' lang='lat' dir='ltr'><strong>ara</strong></span> <span class='ocrx_word' id='word_1_401' title='bbox 1336 2555 1426 2611; x_wconf 90' lang='lat' dir='ltr'><strong>erucis</strong></span> <span class='ocrx_word' id='word_1_402' title='bbox 1452 2553 1572 2610; x_wconf 84' lang='lat' dir='ltr'><strong>effusum</strong></span> <span class='ocrx_word' id='word_1_403' title='bbox 1597 2569 1657 2610; x_wconf 86' lang='lat' dir='ltr'><strong>esse</strong></span> <span class='ocrx_word' id='word_1_404' title='bbox 1680 2569 1775 2609; x_wconf 87' lang='lat' dir='ltr'><strong>omues</strong></span> <span class='ocrx_word' id='word_1_405' title='bbox 1791 2569 1858 2610; x_wconf 75' lang='lat' dir='ltr'><strong>vers</strong></span> <span class='ocrx_word' id='word_1_406' title='bbox 1874 2553 1917 2624; x_wconf 92' lang='lat' dir='ltr'><strong>pii</strong></span> 
     </span>
     <span class='ocr_line' id='line_1_27' title="bbox 86 2619 1971 2738; baseline -0.002 -42"><span class='ocrx_word' id='word_1_407' title='bbox 86 2619 159 2712; x_wconf 48' lang='lat' dir='ltr'><strong>{iffi</strong></span> <span class='ocrx_word' id='word_1_408' title='bbox 214 2643 297 2710; x_wconf 88' lang='lat' dir='ltr'><strong>tatio,</strong></span> <span class='ocrx_word' id='word_1_409' title='bbox 320 2641 401 2695; x_wconf 86' lang='lat' dir='ltr'><strong>addit</strong></span> <span class='ocrx_word' id='word_1_410' title='bbox 422 2642 563 2711; x_wconf 87' lang='lat' dir='ltr'><strong>Christus,</strong></span> <span class='ocrx_word' id='word_1_411' title='bbox 589 2659 619 2698; x_wconf 87' lang='lat' dir='ltr'><strong>se</strong></span> <span class='ocrx_word' id='word_1_412' title='bbox 641 2643 771 2698; x_wconf 88' lang='lat' dir='ltr'><strong>exhibere</strong></span> <span class='ocrx_word' id='word_1_413' title='bbox 796 2643 866 2697; x_wconf 87' lang='lat' dir='ltr'><strong>illud</strong></span> <span class='ocrx_word' id='word_1_414' title='bbox 884 2643 975 2714; x_wconf 88' lang='lat' dir='ltr'><strong>ipsum</strong></span> <span class='ocrx_word' id='word_1_415' title='bbox 993 2660 1051 2697; x_wconf 89' lang='lat' dir='ltr'><strong>cor·</strong></span> <span class='ocrx_word' id='word_1_416' title='bbox 1078 2646 1241 2713; x_wconf 76' lang='lat' dir='ltr'><strong>agnoscunt.</strong></span> <span class='ocrx_word' id='word_1_417' title='bbox 1277 2648 1301 2698; x_wconf 86' lang='lat'><strong>9.</strong></span> <span class='ocrx_word' id='word_1_418' title='bbox 1321 2640 1406 2711; x_wconf 86' lang='lat' dir='ltr'><strong>Apud</strong></span> <span class='ocrx_word' id='word_1_419' title='bbox 1426 2640 1532 2694; x_wconf 81' lang='lat' dir='ltr'><strong>Lucam</strong></span> <span class='ocrx_word' id='word_1_420' title='bbox 1551 2644 1580 2695; x_wconf 90' lang='lat' dir='ltr'><strong>et</strong></span> <span class='ocrx_word' id='word_1_421' title='bbox 1596 2638 1715 2693; x_wconf 89' lang='lat' dir='ltr'><strong>Paulum</strong></span> <span class='ocrx_word' id='word_1_422' title='bbox 1729 2638 1971 2738; x_wconf 51' lang='lat' dir='ltr'><strong>cdixeuchnff</strong></span> 
     </span>
     <span class='ocr_line' id='line_1_28' title="bbox 215 2724 1971 2800; baseline -0.001 -17"><span class='ocrx_word' id='word_1_423' title='bbox 215 2746 284 2799; x_wconf 87' lang='lat' dir='ltr'><strong>pus,</strong></span> <span class='ocrx_word' id='word_1_424' title='bbox 309 2727 383 2798; x_wconf 89' lang='lat' dir='ltr'><strong>quod</strong></span> <span class='ocrx_word' id='word_1_425' title='bbox 402 2744 454 2798; x_wconf 93' lang='lat' dir='ltr'><strong>pro</strong></span> <span class='ocrx_word' id='word_1_426' title='bbox 474 2726 554 2782; x_wconf 89' lang='lat' dir='ltr'><strong>nobis</strong></span> <span class='ocrx_word' id='word_1_427' title='bbox 572 2727 601 2782; x_wconf 91' lang='lat' dir='ltr'><strong>iu</strong></span> <span class='ocrx_word' id='word_1_428' title='bbox 618 2733 734 2783; x_wconf 87' lang='lat' dir='ltr'><strong>mortem</strong></span> <span class='ocrx_word' id='word_1_429' title='bbox 751 2728 900 2797; x_wconf 87' lang='lat' dir='ltr'><strong>traditum,</strong></span> <span class='ocrx_word' id='word_1_430' title='bbox 925 2728 1051 2800; x_wconf 80' lang='lat' dir='ltr'><strong>flagella·</strong></span> <span class='ocrx_word' id='word_1_431' title='bbox 1078 2727 1189 2782; x_wconf 70' lang='lat' dir='ltr'><strong>madeus</strong></span> <span class='ocrx_word' id='word_1_432' title='bbox 1214 2726 1317 2781; x_wconf 89' lang='lat' dir='ltr'><strong>dicitur</strong></span> <span class='ocrx_word' id='word_1_433' title='bbox 1340 2743 1441 2780; x_wconf 82' lang='lat' dir='ltr'><strong>nocam</strong></span> <span class='ocrx_word' id='word_1_434' title='bbox 1465 2732 1657 2779; x_wconf 77' lang='lat' dir='ltr'><strong>testamentum</strong></span> <span class='ocrx_word' id='word_1_435' title='bbox 1676 2741 1732 2780; x_wconf 91' lang='lat' dir='ltr'><strong>non</strong></span> <span class='ocrx_word' id='word_1_436' title='bbox 1749 2724 1917 2797; x_wconf 78' lang='lat' dir='ltr'><strong>simpliciter</strong></span> <span class='ocrx_word' id='word_1_437' title='bbox 1927 2747 1971 2789; x_wconf 75' lang='grc' dir='ltr'><strong>ι..</strong></span> 
     </span>
     <span class='ocr_line' id='line_1_29' title="bbox 215 2809 1971 2886; baseline -0.001 -17"><span class='ocrx_word' id='word_1_438' title='bbox 215 2820 289 2881; x_wconf 90' lang='lat' dir='ltr'><strong>tum,</strong></span> <span class='ocrx_word' id='word_1_439' title='bbox 309 2812 471 2867; x_wconf 86' lang='lat' dir='ltr'><strong>crucifixum</strong></span> <span class='ocrx_word' id='word_1_440' title='bbox 488 2818 517 2866; x_wconf 91' lang='lat' dir='ltr'><strong>et</strong></span> <span class='ocrx_word' id='word_1_441' title='bbox 536 2828 570 2866; x_wconf 82' lang='lat' dir='ltr'><strong>ex</strong></span> <span class='ocrx_word' id='word_1_442' title='bbox 590 2815 705 2868; x_wconf 89' lang='lat' dir='ltr'><strong>mortuis</strong></span> <span class='ocrx_word' id='word_1_443' title='bbox 723 2813 927 2870; x_wconf 87' lang='lat' dir='ltr'><strong>resuscitatum.</strong></span> <span class='ocrx_word' id='word_1_444' title='bbox 964 2815 1051 2886; x_wconf 78' lang='lat' dir='ltr'><strong>Atqui</strong></span> <span class='ocrx_word' id='word_1_445' title='bbox 1078 2818 1108 2868; x_wconf 92' lang='lat' dir='ltr'><strong>et</strong></span> <span class='ocrx_word' id='word_1_446' title='bbox 1123 2813 1257 2877; x_wconf 89' lang='lat' dir='ltr'><strong>absolute,</strong></span> <span class='ocrx_word' id='word_1_447' title='bbox 1278 2813 1376 2867; x_wconf 82' lang='lat' dir='ltr'><strong>sedin</strong></span> <span class='ocrx_word' id='word_1_448' title='bbox 1392 2811 1500 2866; x_wconf 79' lang='lat' dir='ltr'><strong>Christi</strong></span> <span class='ocrx_word' id='word_1_449' title='bbox 1516 2812 1661 2883; x_wconf 70' lang='lat' dir='ltr'><strong>sanquine,</strong></span> <span class='ocrx_word' id='word_1_450' title='bbox 1679 2815 1762 2867; x_wconf 74' lang='grc' dir='ltr'>τοῦτο</span> <span class='ocrx_word' id='word_1_451' title='bbox 1780 2810 1813 2867; x_wconf 83' lang='lat' dir='ltr'><strong>rd</strong></span> <span class='ocrx_word' id='word_1_452' title='bbox 1831 2810 1916 2882; x_wconf 73' lang='grc' dir='ltr'><strong><em>ποιή-</em></strong></span> <span class='ocrx_word' id='word_1_453' title='bbox 1928 2809 1971 2842; x_wconf 81' lang='lat'><strong>⁸¹¹</strong></span> 
     </span>
     <span class='ocr_line' id='line_1_30' title="bbox 214 2896 1918 2971; baseline 0.001 -18"><span class='ocrx_word' id='word_1_454' title='bbox 214 2900 283 2953; x_wconf 89' lang='lat' dir='ltr'><strong>illud</strong></span> <span class='ocrx_word' id='word_1_455' title='bbox 303 2904 346 2953; x_wconf 91' lang='lat' dir='ltr'><strong>est</strong></span> <span class='ocrx_word' id='word_1_456' title='bbox 366 2915 461 2953; x_wconf 81' lang='lat' dir='ltr'><strong>rerum</strong></span> <span class='ocrx_word' id='word_1_457' title='bbox 477 2897 580 2952; x_wconf 84' lang='lat' dir='ltr'><strong>Christi</strong></span> <span class='ocrx_word' id='word_1_458' title='bbox 601 2914 709 2968; x_wconf 90' lang='lat' dir='ltr'><strong>corpus.</strong></span> <span class='ocrx_word' id='word_1_459' title='bbox 746 2899 866 2971; x_wconf 88' lang='lat' dir='ltr'><strong>Reliqua</strong></span> <span class='ocrx_word' id='word_1_460' title='bbox 884 2900 983 2969; x_wconf 81' lang='lat' dir='ltr'><strong>rerba,</strong></span> <span class='ocrx_word' id='word_1_461' title='bbox 1001 2901 1052 2953; x_wconf 82' lang='lat' dir='ltr'><strong>hoc</strong></span> <span class='ocrx_word' id='word_1_462' title='bbox 1079 2918 1141 2966; x_wconf 84' lang='grc' dir='ltr'><strong><em>ηιον</em></strong></span> <span class='ocrx_word' id='word_1_463' title='bbox 1164 2896 1180 2964; x_wconf 87' lang='grc' dir='ltr'><strong><em>ή</em></strong></span> <span class='ocrx_word' id='word_1_464' title='bbox 1203 2897 1421 2966; x_wconf 61' lang='lat' dir='ltr'><strong>sacritissima</strong></span> <span class='ocrx_word' id='word_1_465' title='bbox 1445 2898 1475 2950; x_wconf 73' lang='grc' dir='ltr'><strong><em>ἐκ</em></strong></span> <span class='ocrx_word' id='word_1_466' title='bbox 1496 2901 1534 2968; x_wconf 77' lang='grc' dir='ltr'><strong>τῷ</strong></span> <span class='ocrx_word' id='word_1_467' title='bbox 1554 2901 1654 2971; x_wconf 73' lang='grc' dir='ltr'><strong><em>αἵματί</em></strong></span> <span class='ocrx_word' id='word_1_468' title='bbox 1668 2919 1739 2971; x_wconf 86' lang='grc' dir='ltr'><strong><em>μου,</em></strong></span> <span class='ocrx_word' id='word_1_469' title='bbox 1764 2898 1816 2954; x_wconf 90' lang='lat' dir='ltr'><strong>nbi</strong></span> <span class='ocrx_word' id='word_1_470' title='bbox 1836 2897 1865 2954; x_wconf 78' lang='lat' dir='ltr'><strong>ri</strong></span> <span class='ocrx_word' id='word_1_471' title='bbox 1885 2899 1918 2955; x_wconf 71' lang='lat' dir='ltr'><strong>lv</strong></span> 
     </span>
     <span class='ocr_line' id='line_1_31' title="bbox 213 2983 1919 3058; baseline 0.005 -23"><span class='ocrx_word' id='word_1_472' title='bbox 213 2985 302 3052; x_wconf 80' lang='lat' dir='ltr'><strong>facite</strong></span> <span class='ocrx_word' id='word_1_473' title='bbox 323 2987 353 3038; x_wconf 83' lang='lat' dir='ltr'><strong>in</strong></span> <span class='ocrx_word' id='word_1_474' title='bbox 372 2985 428 3037; x_wconf 79' lang='grc' dir='ltr'><strong><em>κιαι·</em></strong></span> <span class='ocrx_word' id='word_1_475' title='bbox 445 2986 741 3049; x_wconf 77' lang='lat' dir='ltr'><strong>commemorationem,</strong></span> <span class='ocrx_word' id='word_1_476' title='bbox 758 2985 869 3055; x_wconf 88' lang='lat' dir='ltr'><strong>proprie</strong></span> <span class='ocrx_word' id='word_1_477' title='bbox 889 2985 994 3057; x_wconf 88' lang='lat' dir='ltr'><strong>accipi,</strong></span> <span class='ocrx_word' id='word_1_478' title='bbox 1016 3002 1052 3040; x_wconf 91' lang='lat' dir='ltr'><strong>ne</strong></span> <span class='ocrx_word' id='word_1_479' title='bbox 1078 2985 1228 3055; x_wconf 88' lang='lat' dir='ltr'><strong>respondet</strong></span> <span class='ocrx_word' id='word_1_480' title='bbox 1254 2983 1383 3039; x_wconf 85' lang='lat' dir='ltr'><strong>Hebraeo</strong></span> <span class='ocrx_word' id='word_1_481' title='bbox 1410 2988 1429 3034; x_wconf 69' lang='grc' dir='ltr'><strong>Ξ</strong></span> <span class='ocrx_word' id='word_1_482' title='bbox 1457 2992 1485 3039; x_wconf 89' lang='lat' dir='ltr'><strong>et</strong></span> <span class='ocrx_word' id='word_1_483' title='bbox 1513 3001 1626 3040; x_wconf 68' lang='lat' dir='ltr'><strong>cauum</strong></span> <span class='ocrx_word' id='word_1_484' title='bbox 1644 2984 1791 3058; x_wconf 86' lang='lat' dir='ltr'><strong>exprimit,</strong></span> <span class='ocrx_word' id='word_1_485' title='bbox 1818 3003 1869 3057; x_wconf 90' lang='lat' dir='ltr'><strong>per</strong></span> <span class='ocrx_word' id='word_1_486' title='bbox 1887 2992 1919 3043; x_wconf 84' lang='lat' dir='ltr'><strong>et</strong></span> 
     </span>
     <span class='ocr_line' id='line_1_32' title="bbox 215 3069 1917 3142; baseline 0.001 -16"><span class='ocrx_word' id='word_1_487' title='bbox 215 3071 269 3142; x_wconf 91' lang='lat' dir='ltr'><strong>ipsi</strong></span> <span class='ocrx_word' id='word_1_488' title='bbox 301 3070 413 3142; x_wconf 91' lang='lat' dir='ltr'><strong>quidem</strong></span> <span class='ocrx_word' id='word_1_489' title='bbox 444 3069 595 3125; x_wconf 85' lang='lat' dir='ltr'><strong>adversarii</strong></span> <span class='ocrx_word' id='word_1_490' title='bbox 627 3069 793 3125; x_wconf 84' lang='lat' dir='ltr'><strong>inficiantur.</strong></span> <span class='ocrx_word' id='word_1_491' title='bbox 835 3070 935 3125; x_wconf 84' lang='lat' dir='ltr'><strong>Merito</strong></span> <span class='ocrx_word' id='word_1_492' title='bbox 959 3078 1050 3127; x_wconf 90' lang='lat' dir='ltr'><strong>autem</strong></span> <span class='ocrx_word' id='word_1_493' title='bbox 1078 3076 1295 3142; x_wconf 88' lang='lat' dir='ltr'><strong>propterquam</strong></span> <span class='ocrx_word' id='word_1_494' title='bbox 1318 3069 1370 3124; x_wconf 89' lang='lat' dir='ltr'><strong>hcc</strong></span> <span class='ocrx_word' id='word_1_495' title='bbox 1388 3070 1518 3141; x_wconf 89' lang='lat' dir='ltr'><strong>poculum</strong></span> <span class='ocrx_word' id='word_1_496' title='bbox 1536 3070 1573 3124; x_wconf 91' lang='lat' dir='ltr'><strong>sit</strong></span> <span class='ocrx_word' id='word_1_497' title='bbox 1589 3087 1690 3126; x_wconf 85' lang='lat' dir='ltr'><strong>norum</strong></span> <span class='ocrx_word' id='word_1_498' title='bbox 1708 3075 1917 3138; x_wconf 70' lang='lat' dir='ltr'><strong>testememum</strong></span> 
     </span>
     <span class='ocr_line' id='line_1_33' title="bbox 216 3155 1919 3229; baseline 0.002 -18"><span class='ocrx_word' id='word_1_499' title='bbox 216 3175 346 3229; x_wconf 80' lang='lat' dir='ltr'><strong>urgemus</strong></span> <span class='ocrx_word' id='word_1_500' title='bbox 364 3173 420 3226; x_wconf 89' lang='lat' dir='ltr'><strong>eos,</strong></span> <span class='ocrx_word' id='word_1_501' title='bbox 438 3161 470 3211; x_wconf 90' lang='lat' dir='ltr'><strong>ut</strong></span> <span class='ocrx_word' id='word_1_502' title='bbox 488 3171 601 3210; x_wconf 90' lang='lat' dir='ltr'><strong>causam</strong></span> <span class='ocrx_word' id='word_1_503' title='bbox 618 3156 699 3211; x_wconf 86' lang='lat' dir='ltr'><strong>nobis</strong></span> <span class='ocrx_word' id='word_1_504' title='bbox 719 3156 950 3225; x_wconf 67' lang='lat' dir='ltr'><strong>edisserentem</strong></span> <span class='ocrx_word' id='word_1_505' title='bbox 966 3159 1052 3214; x_wconf 87' lang='lat' dir='ltr'><strong>verba</strong></span> <span class='ocrx_word' id='word_1_506' title='bbox 1078 3157 1208 3212; x_wconf 89' lang='lat' dir='ltr'><strong>nimirum</strong></span> <span class='ocrx_word' id='word_1_507' title='bbox 1231 3156 1298 3229; x_wconf 89' lang='lat' dir='ltr'><strong>quia</strong></span> <span class='ocrx_word' id='word_1_508' title='bbox 1322 3173 1377 3210; x_wconf 90' lang='lat' dir='ltr'><strong>non</strong></span> <span class='ocrx_word' id='word_1_509' title='bbox 1401 3155 1490 3210; x_wconf 90' lang='lat' dir='ltr'><strong>solum</strong></span> <span class='ocrx_word' id='word_1_510' title='bbox 1514 3156 1622 3225; x_wconf 77' lang='lat' dir='ltr'><strong>vinum,</strong></span> <span class='ocrx_word' id='word_1_511' title='bbox 1653 3156 1703 3213; x_wconf 89' lang='lat' dir='ltr'><strong>sed</strong></span> <span class='ocrx_word' id='word_1_512' title='bbox 1728 3163 1757 3212; x_wconf 92' lang='lat' dir='ltr'><strong>et</strong></span> <span class='ocrx_word' id='word_1_513' title='bbox 1773 3157 1919 3214; x_wconf 81' lang='lat' dir='ltr'><strong>mediante</strong></span> 
     </span>
     <span class='ocr_line' id='line_1_34' title="bbox 114 3233 1917 3316; baseline 0.002 -19"><span class='ocrx_word' id='word_1_514' title='bbox 114 3256 142 3297; x_wconf 88' lang='lat' dir='ltr'><strong>x.</strong></span> <span class='ocrx_word' id='word_1_515' title='bbox 157 3254 202 3298; x_wconf 71' lang='lat' dir='ltr'><strong>lta</strong></span> <span class='ocrx_word' id='word_1_516' title='bbox 215 3236 410 3299; x_wconf 79' lang='lat' dir='ltr'><strong>substantialia</strong></span> <span class='ocrx_word' id='word_1_517' title='bbox 433 3243 520 3309; x_wconf 81' lang='lat' dir='ltr'><strong>edite,</strong></span> <span class='ocrx_word' id='word_1_518' title='bbox 548 3242 599 3296; x_wconf 80' lang='lat' dir='ltr'><strong>too</strong></span> <span class='ocrx_word' id='word_1_519' title='bbox 625 3250 666 3296; x_wconf 86' lang='lat' dir='ltr'><strong>eet</strong></span> <span class='ocrx_word' id='word_1_520' title='bbox 691 3233 794 3312; x_wconf 67' lang='lat' dir='ltr'><strong>eoipas</strong></span> <span class='ocrx_word' id='word_1_521' title='bbox 820 3261 923 3313; x_wconf 83' lang='lat' dir='ltr'><strong>meum,</strong></span> <span class='ocrx_word' id='word_1_522' title='bbox 946 3245 1051 3316; x_wconf 87' lang='lat' dir='ltr'><strong>tropice</strong></span> <span class='ocrx_word' id='word_1_523' title='bbox 1077 3242 1126 3299; x_wconf 92' lang='lat' dir='ltr'><strong>illo</strong></span> <span class='ocrx_word' id='word_1_524' title='bbox 1155 3243 1258 3298; x_wconf 79' lang='lat' dir='ltr'><strong>Christi</strong></span> <span class='ocrx_word' id='word_1_525' title='bbox 1286 3241 1450 3315; x_wconf 81' lang='lat' dir='ltr'><strong>sanguinem</strong></span> <span class='ocrx_word' id='word_1_526' title='bbox 1472 3242 1537 3296; x_wconf 87' lang='lat' dir='ltr'><strong>rino</strong></span> <span class='ocrx_word' id='word_1_527' title='bbox 1555 3240 1740 3298; x_wconf 86' lang='lat' dir='ltr'><strong>eucharistico</strong></span> <span class='ocrx_word' id='word_1_528' title='bbox 1757 3260 1917 3301; x_wconf 86' lang='lat' dir='ltr'><strong>sacramen-</strong></span> 
     </span>
     <span class='ocr_line' id='line_1_35' title="bbox 214 3327 1916 3403; baseline 0.001 -18"><span class='ocrx_word' id='word_1_529' title='bbox 214 3329 378 3401; x_wconf 88' lang='lat' dir='ltr'><strong>eceipiends</strong></span> <span class='ocrx_word' id='word_1_530' title='bbox 403 3329 471 3400; x_wconf 88' lang='lat' dir='ltr'><strong>sint,</strong></span> <span class='ocrx_word' id='word_1_531' title='bbox 497 3344 560 3382; x_wconf 92' lang='lat' dir='ltr'><strong>cum</strong></span> <span class='ocrx_word' id='word_1_532' title='bbox 585 3329 779 3384; x_wconf 86' lang='lat' dir='ltr'><strong>antecedentia</strong></span> <span class='ocrx_word' id='word_1_533' title='bbox 802 3337 830 3385; x_wconf 89' lang='lat' dir='ltr'><strong>et</strong></span> <span class='ocrx_word' id='word_1_534' title='bbox 853 3332 1052 3403; x_wconf 85' lang='lat' dir='ltr'><strong>consequentia</strong></span> <span class='ocrx_word' id='word_1_535' title='bbox 1078 3330 1171 3385; x_wconf 89' lang='lat' dir='ltr'><strong>taliter</strong></span> <span class='ocrx_word' id='word_1_536' title='bbox 1188 3329 1296 3384; x_wconf 90' lang='lat' dir='ltr'><strong>unitum</strong></span> <span class='ocrx_word' id='word_1_537' title='bbox 1315 3329 1395 3383; x_wconf 91' lang='lat' dir='ltr'><strong>uobis</strong></span> <span class='ocrx_word' id='word_1_538' title='bbox 1415 3327 1568 3384; x_wconf 89' lang='lat' dir='ltr'><strong>bibendum</strong></span> <span class='ocrx_word' id='word_1_539' title='bbox 1587 3328 1713 3398; x_wconf 82' lang='lat' dir='ltr'><strong>exhibet,</strong></span> <span class='ocrx_word' id='word_1_540' title='bbox 1736 3330 1814 3385; x_wconf 88' lang='lat' dir='ltr'><strong>unde</strong></span> <span class='ocrx_word' id='word_1_541' title='bbox 1831 3330 1916 3387; x_wconf 74' lang='lat' dir='ltr'><strong>Eiar-</strong></span> 
     </span>
     <span class='ocr_line' id='line_1_36' title="bbox 211 3414 1918 3488; baseline 0.002 -16"><span class='ocrx_word' id='word_1_542' title='bbox 211 3415 325 3487; x_wconf 88' lang='lat' dir='ltr'><strong>proprie</strong></span> <span class='ocrx_word' id='word_1_543' title='bbox 354 3415 501 3488; x_wconf 85' lang='lat' dir='ltr'><strong>accipiant.</strong></span> <span class='ocrx_word' id='word_1_544' title='bbox 549 3414 596 3469; x_wconf 85' lang='lat' dir='ltr'><strong>An</strong></span> <span class='ocrx_word' id='word_1_545' title='bbox 626 3415 685 3470; x_wconf 93' lang='lat' dir='ltr'><strong>ullo</strong></span> <span class='ocrx_word' id='word_1_546' title='bbox 717 3415 800 3470; x_wconf 91' lang='lat' dir='ltr'><strong>modo</strong></span> <span class='ocrx_word' id='word_1_547' title='bbox 828 3416 978 3472; x_wconf 84' lang='lat' dir='ltr'><strong>verisimile</strong></span> <span class='ocrx_word' id='word_1_548' title='bbox 1001 3426 1051 3488; x_wconf 90' lang='lat' dir='ltr'><strong>est,</strong></span> <span class='ocrx_word' id='word_1_549' title='bbox 1078 3434 1148 3485; x_wconf 89' lang='lat' dir='ltr'><strong>mus,</strong></span> <span class='ocrx_word' id='word_1_550' title='bbox 1165 3414 1294 3488; x_wconf 80' lang='lat' dir='ltr'><strong>&#39;ligurini</strong></span> <span class='ocrx_word' id='word_1_551' title='bbox 1312 3421 1341 3471; x_wconf 92' lang='lat' dir='ltr'><strong>et</strong></span> <span class='ocrx_word' id='word_1_552' title='bbox 1357 3415 1824 3471; x_wconf 83' lang='lat' dir='ltr'><strong>Bezaiusecundaeditioneanno</strong></span> <span class='ocrx_word' id='word_1_553' title='bbox 1840 3423 1918 3475; x_wconf 72' lang='lat' dir='ltr'><strong>libb.</strong></span> 
     </span>
     <span class='ocr_line' id='line_1_37' title="bbox 160 3499 1917 3579; baseline -0.001 -20"><span class='ocrx_word' id='word_1_554' title='bbox 160 3554 163 3559; x_wconf 91' lang='lat'><strong>.</strong></span> <span class='ocrx_word' id='word_1_555' title='bbox 212 3503 352 3558; x_wconf 84' lang='lat' dir='ltr'><strong>Christum</strong></span> <span class='ocrx_word' id='word_1_556' title='bbox 378 3503 490 3574; x_wconf 92' lang='lat' dir='ltr'><strong>proprie</strong></span> <span class='ocrx_word' id='word_1_557' title='bbox 518 3507 548 3556; x_wconf 92' lang='lat' dir='ltr'><strong>et</strong></span> <span class='ocrx_word' id='word_1_558' title='bbox 570 3501 716 3572; x_wconf 90' lang='lat' dir='ltr'><strong>perspicue</strong></span> <span class='ocrx_word' id='word_1_559' title='bbox 738 3501 767 3555; x_wconf 90' lang='lat' dir='ltr'><strong>in</strong></span> <span class='ocrx_word' id='word_1_560' title='bbox 792 3501 930 3573; x_wconf 90' lang='lat' dir='ltr'><strong>prioribus</strong></span> <span class='ocrx_word' id='word_1_561' title='bbox 956 3509 985 3558; x_wconf 91' lang='lat' dir='ltr'><strong>et</strong></span> <span class='ocrx_word' id='word_1_562' title='bbox 1002 3520 1049 3574; x_wconf 92' lang='lat' dir='ltr'><strong>po-</strong></span> <span class='ocrx_word' id='word_1_563' title='bbox 1077 3508 1151 3557; x_wconf 90' lang='lat' dir='ltr'><strong>recte</strong></span> <span class='ocrx_word' id='word_1_564' title='bbox 1169 3506 1311 3579; x_wconf 83' lang='lat' dir='ltr'><strong>verterunt</strong></span> <span class='ocrx_word' id='word_1_565' title='bbox 1327 3518 1381 3571; x_wconf 86' lang='lat' dir='ltr'><strong>per</strong></span> <span class='ocrx_word' id='word_1_566' title='bbox 1403 3500 1575 3569; x_wconf 77' lang='lat' dir='ltr'><strong>eonpainem.</strong></span> <span class='ocrx_word' id='word_1_567' title='bbox 1612 3499 1694 3564; x_wconf 86' lang='lat' dir='ltr'><strong>Quod</strong></span> <span class='ocrx_word' id='word_1_568' title='bbox 1711 3507 1806 3557; x_wconf 87' lang='lat' dir='ltr'><strong>autem</strong></span> <span class='ocrx_word' id='word_1_569' title='bbox 1825 3519 1917 3574; x_wconf 78' lang='grc' dir='ltr'><strong><em>προσ-</em></strong></span> 
     </span>
     <span class='ocr_line' id='line_1_38' title="bbox 212 3586 1917 3663; baseline 0.001 -20"><span class='ocrx_word' id='word_1_570' title='bbox 212 3588 372 3643; x_wconf 82' lang='lat' dir='ltr'><strong>nterioribus</strong></span> <span class='ocrx_word' id='word_1_571' title='bbox 391 3588 529 3651; x_wconf 88' lang='lat' dir='ltr'><strong>locutum,</strong></span> <span class='ocrx_word' id='word_1_572' title='bbox 547 3587 609 3657; x_wconf 88' lang='lat' dir='ltr'><strong>ipsa</strong></span> <span class='ocrx_word' id='word_1_573' title='bbox 627 3593 719 3642; x_wconf 86' lang='lat' dir='ltr'><strong>eutem</strong></span> <span class='ocrx_word' id='word_1_574' title='bbox 738 3587 933 3642; x_wconf 86' lang='lat' dir='ltr'><strong>substantialia</strong></span> <span class='ocrx_word' id='word_1_575' title='bbox 949 3604 1050 3645; x_wconf 90' lang='lat' dir='ltr'><strong>coenae</strong></span> <span class='ocrx_word' id='word_1_576' title='bbox 1077 3586 1225 3663; x_wconf 79' lang='grc' dir='ltr'><strong><em>διορισμὸς</em></strong></span> <span class='ocrx_word' id='word_1_577' title='bbox 1242 3588 1290 3643; x_wconf 93' lang='lat' dir='ltr'><strong>ille</strong></span> <span class='ocrx_word' id='word_1_578' title='bbox 1308 3588 1339 3641; x_wconf 74' lang='lat' dir='ltr'><strong>lv</strong></span> <span class='ocrx_word' id='word_1_579' title='bbox 1357 3589 1394 3656; x_wconf 77' lang='lat' dir='ltr'><strong>roi</strong></span> <span class='ocrx_word' id='word_1_580' title='bbox 1414 3589 1515 3659; x_wconf 71' lang='grc' dir='ltr'><strong><em>αἵματί</em></strong></span> <span class='ocrx_word' id='word_1_581' title='bbox 1531 3606 1588 3660; x_wconf 84' lang='grc' dir='ltr'><strong>μου</strong></span> <span class='ocrx_word' id='word_1_582' title='bbox 1607 3604 1663 3642; x_wconf 89' lang='lat' dir='ltr'><strong>non</strong></span> <span class='ocrx_word' id='word_1_583' title='bbox 1681 3604 1744 3641; x_wconf 92' lang='lat' dir='ltr'><strong>cum</strong></span> <span class='ocrx_word' id='word_1_584' title='bbox 1756 3590 1839 3663; x_wconf 76' lang='grc' dir='ltr'><strong><em>καινή</em></strong></span> <span class='ocrx_word' id='word_1_585' title='bbox 1850 3590 1917 3645; x_wconf 73' lang='lat' dir='ltr'><strong>sra-</strong></span> 
     </span>
     <span class='ocr_line' id='line_1_39' title="bbox 213 3673 1917 3749; baseline 0.002 -21"><span class='ocrx_word' id='word_1_586' title='bbox 213 3691 247 3729; x_wconf 84' lang='lat' dir='ltr'><strong>ac</strong></span> <span class='ocrx_word' id='word_1_587' title='bbox 269 3675 363 3744; x_wconf 86' lang='lat' dir='ltr'><strong>legata</strong></span> <span class='ocrx_word' id='word_1_588' title='bbox 384 3675 469 3745; x_wconf 91' lang='lat' dir='ltr'><strong>hujus</strong></span> <span class='ocrx_word' id='word_1_589' title='bbox 491 3673 648 3729; x_wconf 84' lang='lat' dir='ltr'><strong>testamenti</strong></span> <span class='ocrx_word' id='word_1_590' title='bbox 666 3679 808 3744; x_wconf 89' lang='lat' dir='ltr'><strong>troporum</strong></span> <span class='ocrx_word' id='word_1_591' title='bbox 828 3675 911 3747; x_wconf 90' lang='lat' dir='ltr'><strong>peplo</strong></span> <span class='ocrx_word' id='word_1_592' title='bbox 929 3676 1051 3731; x_wconf 89' lang='lat' dir='ltr'><strong>studiose</strong></span> <span class='ocrx_word' id='word_1_593' title='bbox 1077 3673 1163 3749; x_wconf 71' lang='grc' dir='ltr'><strong><em>θήκη,</em></strong></span> <span class='ocrx_word' id='word_1_594' title='bbox 1192 3674 1323 3730; x_wconf 87' lang='lat' dir='ltr'><strong>sedeam</strong></span> <span class='ocrx_word' id='word_1_595' title='bbox 1343 3678 1464 3747; x_wconf 75' lang='grc' dir='ltr'><em>ποτηρίῳ</em></span> <span class='ocrx_word' id='word_1_596' title='bbox 1484 3673 1695 3745; x_wconf 80' lang='lat' dir='ltr'><strong>conjungendus</strong></span> <span class='ocrx_word' id='word_1_597' title='bbox 1714 3673 1764 3744; x_wconf 92' lang='lat' dir='ltr'><strong>sit,</strong></span> <span class='ocrx_word' id='word_1_598' title='bbox 1783 3681 1864 3745; x_wconf 89' lang='lat' dir='ltr'><strong>patet</strong></span> <span class='ocrx_word' id='word_1_599' title='bbox 1880 3692 1917 3734; x_wconf 88' lang='lat' dir='ltr'><strong>ex</strong></span> 
     </span>
     <span class='ocr_line' id='line_1_40' title="bbox 212 3756 1917 3835; baseline 0.001 -21"><span class='ocrx_word' id='word_1_600' title='bbox 212 3760 381 3815; x_wconf 83' lang='lat' dir='ltr'><strong>involvisse?</strong></span> <span class='ocrx_word' id='word_1_601' title='bbox 403 3760 544 3815; x_wconf 88' lang='lat' dir='ltr'><strong>Posterior</strong></span> <span class='ocrx_word' id='word_1_602' title='bbox 566 3777 631 3831; x_wconf 91' lang='lat' dir='ltr'><strong>pars</strong></span> <span class='ocrx_word' id='word_1_603' title='bbox 657 3776 761 3816; x_wconf 87' lang='lat' dir='ltr'><strong>coenae</strong></span> <span class='ocrx_word' id='word_1_604' title='bbox 782 3760 879 3816; x_wconf 90' lang='lat' dir='ltr'><strong>itidem</strong></span> <span class='ocrx_word' id='word_1_605' title='bbox 898 3762 1050 3833; x_wconf 89' lang='lat' dir='ltr'><strong>perspicuis</strong></span> <span class='ocrx_word' id='word_1_606' title='bbox 1077 3779 1117 3830; x_wconf 91' lang='lat' dir='ltr'><strong>eo,</strong></span> <span class='ocrx_word' id='word_1_607' title='bbox 1139 3760 1214 3832; x_wconf 90' lang='lat' dir='ltr'><strong>quod</strong></span> <span class='ocrx_word' id='word_1_608' title='bbox 1231 3766 1295 3831; x_wconf 90' lang='lat' dir='ltr'><strong>post</strong></span> <span class='ocrx_word' id='word_1_609' title='bbox 1311 3778 1407 3817; x_wconf 84' lang='lat' dir='ltr'><strong>rocem</strong></span> <span class='ocrx_word' id='word_1_610' title='bbox 1425 3756 1545 3830; x_wconf 76' lang='grc' dir='ltr'><strong><em>διαθήκη</em></strong></span> <span class='ocrx_word' id='word_1_611' title='bbox 1562 3759 1696 3814; x_wconf 85' lang='lat' dir='ltr'><strong>articulus</strong></span> <span class='ocrx_word' id='word_1_612' title='bbox 1715 3759 1817 3816; x_wconf 84' lang='lat' dir='ltr'><strong>fuisset</strong></span> <span class='ocrx_word' id='word_1_613' title='bbox 1835 3778 1917 3835; x_wconf 78' lang='lat' dir='ltr'><strong>repe</strong></span> 
     </span>
     <span class='ocr_line' id='line_1_41' title="bbox 214 3840 1916 3920; baseline 0 -18"><span class='ocrx_word' id='word_1_614' title='bbox 214 3854 244 3902; x_wconf 93' lang='lat' dir='ltr'><strong>et</strong></span> <span class='ocrx_word' id='word_1_615' title='bbox 267 3847 385 3918; x_wconf 88' lang='lat' dir='ltr'><strong>propriis</strong></span> <span class='ocrx_word' id='word_1_616' title='bbox 401 3847 493 3903; x_wconf 81' lang='lat' dir='ltr'><strong>verbis</strong></span> <span class='ocrx_word' id='word_1_617' title='bbox 511 3846 685 3902; x_wconf 88' lang='lat' dir='ltr'><strong>describitur.</strong></span> <span class='ocrx_word' id='word_1_618' title='bbox 721 3847 816 3902; x_wconf 84' lang='lat' dir='ltr'><strong>Verba</strong></span> <span class='ocrx_word' id='word_1_619' title='bbox 832 3847 938 3902; x_wconf 90' lang='lat' dir='ltr'><strong>isthaec</strong></span> <span class='ocrx_word' id='word_1_620' title='bbox 956 3849 1050 3917; x_wconf 67' lang='lat' dir='ltr'><strong>(simi</strong></span> <span class='ocrx_word' id='word_1_621' title='bbox 1075 3847 1191 3915; x_wconf 89' lang='lat' dir='ltr'><strong>tendus,</strong></span> <span class='ocrx_word' id='word_1_622' title='bbox 1221 3847 1245 3901; x_wconf 90' lang='lat' dir='ltr'><strong>si</strong></span> <span class='ocrx_word' id='word_1_623' title='bbox 1273 3846 1308 3901; x_wconf 90' lang='lat' dir='ltr'><strong>ad</strong></span> <span class='ocrx_word' id='word_1_624' title='bbox 1335 3846 1411 3900; x_wconf 89' lang='lat' dir='ltr'><strong>illam</strong></span> <span class='ocrx_word' id='word_1_625' title='bbox 1433 3845 1594 3901; x_wconf 86' lang='lat' dir='ltr'><strong>immediate</strong></span> <span class='ocrx_word' id='word_1_626' title='bbox 1613 3845 1644 3899; x_wconf 82' lang='grc' dir='ltr'>ιό</span> <span class='ocrx_word' id='word_1_627' title='bbox 1664 3840 1735 3920; x_wconf 83' lang='grc' dir='ltr'><strong><em>αἷμα</em></strong></span> <span class='ocrx_word' id='word_1_628' title='bbox 1752 3847 1916 3919; x_wconf 83' lang='lat' dir='ltr'><strong>pertineret,</strong></span> 
     </span>
     <span class='ocr_line' id='line_1_42' title="bbox 217 3930 1917 4005; baseline 0.002 -19"><span class='ocrx_word' id='word_1_629' title='bbox 217 3934 282 3986; x_wconf 82' lang='lat' dir='ltr'><strong>liter</strong></span> <span class='ocrx_word' id='word_1_630' title='bbox 314 3934 458 4002; x_wconf 72' lang='lat' dir='ltr'><strong>accepitne</strong></span> <span class='ocrx_word' id='word_1_631' title='bbox 487 3941 513 3986; x_wconf 88' lang='lat' dir='ltr'><strong>et</strong></span> <span class='ocrx_word' id='word_1_632' title='bbox 542 3933 673 4000; x_wconf 80' lang='lat' dir='ltr'><strong>calicem,</strong></span> <span class='ocrx_word' id='word_1_633' title='bbox 701 3941 853 4004; x_wconf 67' lang='lat' dir='ltr'><strong>posternam</strong></span> <span class='ocrx_word' id='word_1_634' title='bbox 882 3943 1049 4000; x_wconf 83' lang='lat' dir='ltr'><strong>coenassent,</strong></span> <span class='ocrx_word' id='word_1_635' title='bbox 1075 3934 1129 3989; x_wconf 91' lang='lat' dir='ltr'><strong>hoc</strong></span> <span class='ocrx_word' id='word_1_636' title='bbox 1156 3932 1238 3987; x_wconf 90' lang='lat' dir='ltr'><strong>modo</strong></span> <span class='ocrx_word' id='word_1_637' title='bbox 1262 3935 1342 3986; x_wconf 84' lang='grc' dir='ltr'><em>τοῦτο</em></span> <span class='ocrx_word' id='word_1_638' title='bbox 1366 3931 1397 3985; x_wconf 81' lang='grc' dir='ltr'><strong>τὸ</strong></span> <span class='ocrx_word' id='word_1_639' title='bbox 1420 3932 1552 4005; x_wconf 78' lang='grc' dir='ltr'><strong><em>ποτήριον</em></strong></span> <span class='ocrx_word' id='word_1_640' title='bbox 1575 3930 1690 3999; x_wconf 84' lang='grc' dir='ltr'><strong><em>ήκαική</em></strong></span> <span class='ocrx_word' id='word_1_641' title='bbox 1710 3932 1832 4002; x_wconf 71' lang='grc' dir='ltr'><strong><em>διαθήκη</em></strong></span> <span class='ocrx_word' id='word_1_642' title='bbox 1850 3934 1866 4002; x_wconf 73' lang='lat' dir='ltr'><strong>ri</strong></span> <span class='ocrx_word' id='word_1_643' title='bbox 1884 3935 1917 3989; x_wconf 74' lang='lat' dir='ltr'><strong>tr</strong></span> 
     </span>
     <span class='ocr_line' id='line_1_43' title="bbox 212 4017 1914 4093; baseline 0.002 -20"><span class='ocrx_word' id='word_1_644' title='bbox 212 4021 324 4091; x_wconf 75' lang='lat' dir='ltr'><strong>pretias</strong></span> <span class='ocrx_word' id='word_1_645' title='bbox 349 4022 406 4088; x_wconf 77' lang='lat' dir='ltr'><strong>epit</strong></span> <span class='ocrx_word' id='word_1_646' title='bbox 428 4036 463 4073; x_wconf 85' lang='lat' dir='ltr'><strong>ae</strong></span> <span class='ocrx_word' id='word_1_647' title='bbox 490 4020 569 4072; x_wconf 75' lang='lat' dir='ltr'><strong>dedit</strong></span> <span class='ocrx_word' id='word_1_648' title='bbox 591 4018 653 4072; x_wconf 82' lang='lat' dir='ltr'><strong>illis</strong></span> <span class='ocrx_word' id='word_1_649' title='bbox 681 4019 796 4088; x_wconf 80' lang='lat' dir='ltr'><strong>dicens)</strong></span> <span class='ocrx_word' id='word_1_650' title='bbox 819 4019 929 4091; x_wconf 89' lang='lat' dir='ltr'><strong>proprie</strong></span> <span class='ocrx_word' id='word_1_651' title='bbox 948 4021 1049 4092; x_wconf 90' lang='lat' dir='ltr'><strong>accipi·</strong></span> <span class='ocrx_word' id='word_1_652' title='bbox 1074 4021 1113 4089; x_wconf 75' lang='grc' dir='ltr'><strong>τῷ</strong></span> <span class='ocrx_word' id='word_1_653' title='bbox 1141 4021 1241 4093; x_wconf 72' lang='grc' dir='ltr'><strong><em>αἵματι</em></strong></span> <span class='ocrx_word' id='word_1_654' title='bbox 1261 4039 1332 4092; x_wconf 86' lang='grc' dir='ltr'><strong><em>μου,</em></strong></span> <span class='ocrx_word' id='word_1_655' title='bbox 1361 4017 1413 4073; x_wconf 92' lang='lat' dir='ltr'><strong>hoc</strong></span> <span class='ocrx_word' id='word_1_656' title='bbox 1432 4017 1563 4089; x_wconf 89' lang='lat' dir='ltr'><strong>poculum</strong></span> <span class='ocrx_word' id='word_1_657' title='bbox 1581 4024 1624 4073; x_wconf 93' lang='lat' dir='ltr'><strong>est</strong></span> <span class='ocrx_word' id='word_1_658' title='bbox 1640 4035 1744 4073; x_wconf 86' lang='lat' dir='ltr'><strong>norum</strong></span> <span class='ocrx_word' id='word_1_659' title='bbox 1761 4023 1914 4077; x_wconf 64' lang='lat' dir='ltr'><strong>mmera-</strong></span> 
     </span>
     <span class='ocr_line' id='line_1_44' title="bbox 215 4103 1915 4179; baseline 0.001 -17"><span class='ocrx_word' id='word_1_660' title='bbox 215 4106 287 4162; x_wconf 90' lang='lat' dir='ltr'><strong>euda</strong></span> <span class='ocrx_word' id='word_1_661' title='bbox 309 4123 446 4160; x_wconf 88' lang='lat' dir='ltr'><strong>essenon</strong></span> <span class='ocrx_word' id='word_1_662' title='bbox 466 4110 570 4176; x_wconf 84' lang='lat' dir='ltr'><strong>negant</strong></span> <span class='ocrx_word' id='word_1_663' title='bbox 589 4103 749 4159; x_wconf 86' lang='lat' dir='ltr'><strong>adversarii.</strong></span> <span class='ocrx_word' id='word_1_664' title='bbox 785 4105 863 4160; x_wconf 91' lang='lat' dir='ltr'><strong>Idem</strong></span> <span class='ocrx_word' id='word_1_665' title='bbox 882 4106 917 4161; x_wconf 92' lang='lat' dir='ltr'><strong>de</strong></span> <span class='ocrx_word' id='word_1_666' title='bbox 934 4106 1049 4179; x_wconf 89' lang='lat' dir='ltr'><strong>reliquis</strong></span> <span class='ocrx_word' id='word_1_667' title='bbox 1074 4113 1149 4175; x_wconf 91' lang='lat' dir='ltr'><strong>tum,</strong></span> <span class='ocrx_word' id='word_1_668' title='bbox 1185 4105 1260 4177; x_wconf 91' lang='lat' dir='ltr'><strong>quod</strong></span> <span class='ocrx_word' id='word_1_669' title='bbox 1296 4110 1491 4161; x_wconf 86' lang='lat' dir='ltr'><strong>testamentum</strong></span> <span class='ocrx_word' id='word_1_670' title='bbox 1520 4121 1582 4160; x_wconf 91' lang='lat' dir='ltr'><strong>meo</strong></span> <span class='ocrx_word' id='word_1_671' title='bbox 1613 4105 1749 4176; x_wconf 77' lang='lat' dir='ltr'><strong>sanguine</strong></span> <span class='ocrx_word' id='word_1_672' title='bbox 1778 4105 1915 4164; x_wconf 72' lang='lat' dir='ltr'><strong>metant.</strong></span> 
     </span>
     <span class='ocr_line' id='line_1_45' title="bbox 215 4189 1914 4264; baseline 0.002 -19"><span class='ocrx_word' id='word_1_673' title='bbox 215 4191 340 4246; x_wconf 90' lang='lat' dir='ltr'><strong>dicimus.</strong></span> <span class='ocrx_word' id='word_1_674' title='bbox 385 4198 407 4248; x_wconf 85' lang='lat'><strong>1.</strong></span> <span class='ocrx_word' id='word_1_675' title='bbox 433 4190 495 4245; x_wconf 84' lang='lat' dir='ltr'><strong>Vox</strong></span> <span class='ocrx_word' id='word_1_676' title='bbox 523 4190 606 4244; x_wconf 82' lang='lat' dir='ltr'><strong>bibite</strong></span> <span class='ocrx_word' id='word_1_677' title='bbox 631 4189 747 4261; x_wconf 89' lang='lat' dir='ltr'><strong>respicit</strong></span> <span class='ocrx_word' id='word_1_678' title='bbox 768 4191 863 4246; x_wconf 69' lang='lat' dir='ltr'><strong>nuum</strong></span> <span class='ocrx_word' id='word_1_679' title='bbox 890 4192 920 4246; x_wconf 89' lang='lat' dir='ltr'><strong>in</strong></span> <span class='ocrx_word' id='word_1_680' title='bbox 949 4193 1049 4262; x_wconf 90' lang='lat' dir='ltr'><strong>poculo</strong></span> <span class='ocrx_word' id='word_1_681' title='bbox 1075 4193 1147 4259; x_wconf 84' lang='lat' dir='ltr'><strong>Quin</strong></span> <span class='ocrx_word' id='word_1_682' title='bbox 1164 4208 1229 4247; x_wconf 83' lang='lat' dir='ltr'><strong>vero</strong></span> <span class='ocrx_word' id='word_1_683' title='bbox 1247 4191 1380 4247; x_wconf 86' lang='lat' dir='ltr'><strong>articulus</strong></span> <span class='ocrx_word' id='word_1_684' title='bbox 1398 4191 1446 4245; x_wconf 92' lang='lat' dir='ltr'><strong>ille</strong></span> <span class='ocrx_word' id='word_1_685' title='bbox 1464 4206 1555 4262; x_wconf 88' lang='lat' dir='ltr'><strong>neque</strong></span> <span class='ocrx_word' id='word_1_686' title='bbox 1569 4208 1587 4245; x_wconf 89' lang='lat' dir='ltr'><strong>a</strong></span> <span class='ocrx_word' id='word_1_687' title='bbox 1600 4191 1914 4264; x_wconf 84' lang='lat' dir='ltr'><strong>LucaneqneaPaalo</strong></span> 
     </span>
     <span class='ocr_line' id='line_1_46' title="bbox 212 4275 1914 4349; baseline 0.001 -18"><span class='ocrx_word' id='word_1_688' title='bbox 212 4278 289 4346; x_wconf 88' lang='lat' dir='ltr'><strong>(licet</strong></span> <span class='ocrx_word' id='word_1_689' title='bbox 305 4293 361 4331; x_wconf 91' lang='lat' dir='ltr'><strong>non</strong></span> <span class='ocrx_word' id='word_1_690' title='bbox 379 4276 488 4345; x_wconf 91' lang='lat' dir='ltr'><strong>solum),</strong></span> <span class='ocrx_word' id='word_1_691' title='bbox 506 4276 617 4347; x_wconf 89' lang='lat' dir='ltr'><strong>proprie</strong></span> <span class='ocrx_word' id='word_1_692' title='bbox 634 4275 721 4347; x_wconf 73' lang='lat' dir='ltr'><strong>igitur</strong></span> <span class='ocrx_word' id='word_1_693' title='bbox 739 4276 889 4347; x_wconf 89' lang='lat' dir='ltr'><strong>accipitur,</strong></span> <span class='ocrx_word' id='word_1_694' title='bbox 908 4279 1049 4334; x_wconf 82' lang='lat' dir='ltr'><strong>abiectio</strong></span> <span class='ocrx_word' id='word_1_695' title='bbox 1075 4278 1208 4349; x_wconf 87' lang='lat' dir='ltr'><strong>repetitus</strong></span> <span class='ocrx_word' id='word_1_696' title='bbox 1228 4284 1280 4347; x_wconf 88' lang='lat' dir='ltr'><strong>est,</strong></span> <span class='ocrx_word' id='word_1_697' title='bbox 1299 4295 1333 4333; x_wconf 85' lang='lat' dir='ltr'><strong>er</strong></span> <span class='ocrx_word' id='word_1_698' title='bbox 1352 4296 1385 4333; x_wconf 91' lang='lat' dir='ltr'><strong>eo</strong></span> <span class='ocrx_word' id='word_1_699' title='bbox 1405 4277 1594 4347; x_wconf 88' lang='lat' dir='ltr'><strong>manifestum,</strong></span> <span class='ocrx_word' id='word_1_700' title='bbox 1619 4277 1706 4333; x_wconf 83' lang='lat' dir='ltr'><strong>rerba</strong></span> <span class='ocrx_word' id='word_1_701' title='bbox 1728 4277 1779 4332; x_wconf 86' lang='lat' dir='ltr'><strong>illa</strong></span> <span class='ocrx_word' id='word_1_702' title='bbox 1796 4277 1827 4332; x_wconf 77' lang='lat' dir='ltr'><strong>ia</strong></span> <span class='ocrx_word' id='word_1_703' title='bbox 1846 4296 1914 4334; x_wconf 82' lang='lat' dir='ltr'><strong>sarr·</strong></span> 
     </span>
     <span class='ocr_line' id='line_1_47' title="bbox 213 4362 1915 4436; baseline 0.002 -20"><span class='ocrx_word' id='word_1_704' title='bbox 213 4362 390 4434; x_wconf 86' lang='lat' dir='ltr'><strong>praedicatur</strong></span> <span class='ocrx_word' id='word_1_705' title='bbox 415 4362 451 4417; x_wconf 91' lang='lat' dir='ltr'><strong>de</strong></span> <span class='ocrx_word' id='word_1_706' title='bbox 475 4362 587 4433; x_wconf 87' lang='lat' dir='ltr'><strong>objecto</strong></span> <span class='ocrx_word' id='word_1_707' title='bbox 609 4378 659 4416; x_wconf 90' lang='lat' dir='ltr'><strong>suo</strong></span> <span class='ocrx_word' id='word_1_708' title='bbox 679 4362 803 4432; x_wconf 91' lang='lat' dir='ltr'><strong>proprio,</strong></span> <span class='ocrx_word' id='word_1_709' title='bbox 837 4379 890 4418; x_wconf 83' lang='lat' dir='ltr'><strong>ror</strong></span> <span class='ocrx_word' id='word_1_710' title='bbox 911 4365 1047 4420; x_wconf 88' lang='lat' dir='ltr'><strong>actionem</strong></span> <span class='ocrx_word' id='word_1_711' title='bbox 1075 4367 1159 4434; x_wconf 80' lang='lat' dir='ltr'><strong>paine</strong></span> <span class='ocrx_word' id='word_1_712' title='bbox 1177 4381 1236 4418; x_wconf 88' lang='lat' dir='ltr'><strong>meo</strong></span> <span class='ocrx_word' id='word_1_713' title='bbox 1255 4382 1311 4420; x_wconf 92' lang='lat' dir='ltr'><strong>non</strong></span> <span class='ocrx_word' id='word_1_714' title='bbox 1329 4364 1366 4419; x_wconf 90' lang='lat' dir='ltr'><strong>ad</strong></span> <span class='ocrx_word' id='word_1_715' title='bbox 1385 4369 1589 4427; x_wconf 88' lang='lat' dir='ltr'><strong>testamentum,</strong></span> <span class='ocrx_word' id='word_1_716' title='bbox 1610 4363 1659 4418; x_wconf 93' lang='lat' dir='ltr'><strong>sed</strong></span> <span class='ocrx_word' id='word_1_717' title='bbox 1677 4363 1714 4417; x_wconf 90' lang='lat' dir='ltr'><strong>ad</strong></span> <span class='ocrx_word' id='word_1_718' title='bbox 1732 4363 1864 4436; x_wconf 88' lang='lat' dir='ltr'><strong>poculum</strong></span> <span class='ocrx_word' id='word_1_719' title='bbox 1882 4364 1915 4420; x_wconf 89' lang='lat' dir='ltr'><strong>in</strong></span> 
     </span>
     <span class='ocr_line' id='line_1_48' title="bbox 213 4447 1971 4555; baseline -0.001 -49"><span class='ocrx_word' id='word_1_720' title='bbox 213 4448 369 4520; x_wconf 84' lang='lat' dir='ltr'><strong>exprimens</strong></span> <span class='ocrx_word' id='word_1_721' title='bbox 402 4449 513 4519; x_wconf 89' lang='lat' dir='ltr'><strong>proprie</strong></span> <span class='ocrx_word' id='word_1_722' title='bbox 544 4455 576 4503; x_wconf 92' lang='lat' dir='ltr'><strong>ut</strong></span> <span class='ocrx_word' id='word_1_723' title='bbox 603 4447 757 4519; x_wconf 88' lang='lat' dir='ltr'><strong>accipiatur</strong></span> <span class='ocrx_word' id='word_1_724' title='bbox 785 4465 898 4505; x_wconf 90' lang='lat' dir='ltr'><strong>necesse</strong></span> <span class='ocrx_word' id='word_1_725' title='bbox 923 4456 973 4505; x_wconf 89' lang='lat' dir='ltr'><strong>est.</strong></span> <span class='ocrx_word' id='word_1_726' title='bbox 1015 4451 1049 4507; x_wconf 92' lang='lat' dir='ltr'><strong>Id</strong></span> <span class='ocrx_word' id='word_1_727' title='bbox 1075 4450 1258 4524; x_wconf 79' lang='lat' dir='ltr'><strong>grammatica</strong></span> <span class='ocrx_word' id='word_1_728' title='bbox 1283 4450 1487 4506; x_wconf 90' lang='lat' dir='ltr'><strong>constructione</strong></span> <span class='ocrx_word' id='word_1_729' title='bbox 1515 4449 1662 4506; x_wconf 86' lang='lat' dir='ltr'><strong>referenda</strong></span> <span class='ocrx_word' id='word_1_730' title='bbox 1689 4466 1758 4506; x_wconf 89' lang='lat' dir='ltr'><strong>esse.</strong></span> <span class='ocrx_word' id='word_1_731' title='bbox 1802 4455 1844 4507; x_wconf 87' lang='lat' dir='ltr'><strong>m.</strong></span> <span class='ocrx_word' id='word_1_732' title='bbox 1867 4449 1913 4505; x_wconf 83' lang='lat' dir='ltr'><strong>Ex</strong></span> <span class='ocrx_word' id='word_1_733' title='bbox 1925 4461 1971 4555; x_wconf 48' lang='lat' dir='ltr'><strong>aa</strong></span> 
     </span>
     <span class='ocr_line' id='line_1_49' title="bbox 213 4535 1971 4612; baseline -0.001 -18"><span class='ocrx_word' id='word_1_734' title='bbox 213 4540 305 4612; x_wconf 92' lang='lat' dir='ltr'><strong>ipsum</strong></span> <span class='ocrx_word' id='word_1_735' title='bbox 333 4538 499 4608; x_wconf 80' lang='lat' dir='ltr'><strong>intelligitur</strong></span> <span class='ocrx_word' id='word_1_736' title='bbox 532 4554 566 4592; x_wconf 88' lang='lat' dir='ltr'><strong>er</strong></span> <span class='ocrx_word' id='word_1_737' title='bbox 596 4537 719 4591; x_wconf 90' lang='lat' dir='ltr'><strong>mandati</strong></span> <span class='ocrx_word' id='word_1_738' title='bbox 745 4536 928 4593; x_wconf 86' lang='lat' dir='ltr'><strong>exsecutione.</strong></span> <span class='ocrx_word' id='word_1_739' title='bbox 966 4539 1049 4593; x_wconf 81' lang='lat' dir='ltr'><strong>Bibe·</strong></span> <span class='ocrx_word' id='word_1_740' title='bbox 1075 4555 1130 4610; x_wconf 85' lang='lat' dir='ltr'><strong>quo</strong></span> <span class='ocrx_word' id='word_1_741' title='bbox 1149 4538 1233 4592; x_wconf 89' lang='lat' dir='ltr'><strong>etiam</strong></span> <span class='ocrx_word' id='word_1_742' title='bbox 1251 4535 1431 4608; x_wconf 80' lang='lat' dir='ltr'><strong>intelligitur,</strong></span> <span class='ocrx_word' id='word_1_743' title='bbox 1453 4551 1539 4605; x_wconf 87' lang='lat' dir='ltr'><strong>quare</strong></span> <span class='ocrx_word' id='word_1_744' title='bbox 1558 4540 1587 4592; x_wconf 93' lang='lat' dir='ltr'><strong>et</strong></span> <span class='ocrx_word' id='word_1_745' title='bbox 1603 4552 1659 4609; x_wconf 89' lang='lat' dir='ltr'><strong>quo</strong></span> <span class='ocrx_word' id='word_1_746' title='bbox 1678 4553 1760 4591; x_wconf 86' lang='lat' dir='ltr'><strong>sensu</strong></span> <span class='ocrx_word' id='word_1_747' title='bbox 1777 4536 1912 4608; x_wconf 79' lang='lat' dir='ltr'><strong>poculum</strong></span> <span class='ocrx_word' id='word_1_748' title='bbox 1925 4566 1971 4607; x_wconf 54' lang='grc' dir='ltr'><strong>,οη</strong></span> 
     </span>
     <span class='ocr_line' id='line_1_50' title="bbox 213 4621 1912 4695; baseline 0 -17"><span class='ocrx_word' id='word_1_749' title='bbox 213 4633 280 4679; x_wconf 80' lang='lat' dir='ltr'><strong>rant</strong></span> <span class='ocrx_word' id='word_1_750' title='bbox 302 4642 334 4678; x_wconf 81' lang='lat' dir='ltr'><strong>ee</strong></span> <span class='ocrx_word' id='word_1_751' title='bbox 357 4642 389 4678; x_wconf 91' lang='lat' dir='ltr'><strong>eo</strong></span> <span class='ocrx_word' id='word_1_752' title='bbox 412 4641 519 4695; x_wconf 72' lang='lat' dir='ltr'><strong>omnen,</strong></span> <span class='ocrx_word' id='word_1_753' title='bbox 541 4623 590 4678; x_wconf 93' lang='lat' dir='ltr'><strong>ubi</strong></span> <span class='ocrx_word' id='word_1_754' title='bbox 608 4622 723 4678; x_wconf 82' lang='lat' dir='ltr'><strong>verbum</strong></span> <span class='ocrx_word' id='word_1_755' title='bbox 744 4623 858 4676; x_wconf 82' lang='lat' dir='ltr'><strong>bibendi</strong></span> <span class='ocrx_word' id='word_1_756' title='bbox 874 4623 985 4695; x_wconf 89' lang='lat' dir='ltr'><strong>proprie</strong></span> <span class='ocrx_word' id='word_1_757' title='bbox 1005 4642 1049 4679; x_wconf 89' lang='lat' dir='ltr'><strong>ac·</strong></span> <span class='ocrx_word' id='word_1_758' title='bbox 1074 4623 1286 4680; x_wconf 86' lang='lat' dir='ltr'><strong>eucharisticum</strong></span> <span class='ocrx_word' id='word_1_759' title='bbox 1310 4639 1364 4691; x_wconf 85' lang='lat' dir='ltr'><strong>pro</strong></span> <span class='ocrx_word' id='word_1_760' title='bbox 1391 4622 1470 4676; x_wconf 83' lang='lat' dir='ltr'><strong>nobie</strong></span> <span class='ocrx_word' id='word_1_761' title='bbox 1495 4622 1605 4677; x_wconf 88' lang='lat' dir='ltr'><strong>dicatur</strong></span> <span class='ocrx_word' id='word_1_762' title='bbox 1622 4625 1741 4693; x_wconf 79' lang='lat' dir='ltr'><strong>effumm</strong></span> <span class='ocrx_word' id='word_1_763' title='bbox 1757 4623 1833 4694; x_wconf 85' lang='lat' dir='ltr'><strong>apud</strong></span> <span class='ocrx_word' id='word_1_764' title='bbox 1852 4621 1912 4678; x_wconf 77' lang='lat' dir='ltr'><strong>In-</strong></span> 
     </span>
     <span class='ocr_line' id='line_1_51' title="bbox 213 4705 1971 4782; baseline -0.003 -17"><span class='ocrx_word' id='word_1_765' title='bbox 213 4710 270 4781; x_wconf 89' lang='lat' dir='ltr'><strong>cipi</strong></span> <span class='ocrx_word' id='word_1_766' title='bbox 288 4715 347 4765; x_wconf 87' lang='lat' dir='ltr'><strong>tarn</strong></span> <span class='ocrx_word' id='word_1_767' title='bbox 365 4726 416 4780; x_wconf 89' lang='lat' dir='ltr'><strong>per</strong></span> <span class='ocrx_word' id='word_1_768' title='bbox 431 4726 461 4764; x_wconf 90' lang='lat' dir='ltr'><strong>se</strong></span> <span class='ocrx_word' id='word_1_769' title='bbox 477 4715 570 4779; x_wconf 89' lang='lat' dir='ltr'><strong>patet,</strong></span> <span class='ocrx_word' id='word_1_770' title='bbox 592 4714 652 4762; x_wconf 91' lang='lat' dir='ltr'><strong>tum</strong></span> <span class='ocrx_word' id='word_1_771' title='bbox 673 4707 799 4779; x_wconf 85' lang='lat' dir='ltr'><strong>exemplo</strong></span> <span class='ocrx_word' id='word_1_772' title='bbox 817 4708 910 4765; x_wconf 79' lang='lat' dir='ltr'><strong>dudae</strong></span> <span class='ocrx_word' id='word_1_773' title='bbox 926 4709 1049 4779; x_wconf 88' lang='lat' dir='ltr'><strong>prodito·</strong></span> <span class='ocrx_word' id='word_1_774' title='bbox 1074 4727 1136 4766; x_wconf 92' lang='lat' dir='ltr'><strong>cam</strong></span> <span class='ocrx_word' id='word_1_775' title='bbox 1161 4709 1190 4764; x_wconf 82' lang='lat' dir='ltr'><strong>ri</strong></span> <span class='ocrx_word' id='word_1_776' title='bbox 1218 4705 1350 4781; x_wconf 74' lang='grc' dir='ltr'><strong><em>ποτήριον</em></strong></span> <span class='ocrx_word' id='word_1_777' title='bbox 1376 4706 1575 4782; x_wconf 47' lang='lat' dir='ltr'><strong>terminares,</strong></span> <span class='ocrx_word' id='word_1_778' title='bbox 1596 4708 1726 4763; x_wconf 89' lang='lat' dir='ltr'><strong>nimirum</strong></span> <span class='ocrx_word' id='word_1_779' title='bbox 1744 4709 1811 4780; x_wconf 79' lang='lat' dir='ltr'><strong>quis</strong></span> <span class='ocrx_word' id='word_1_780' title='bbox 1827 4708 1857 4764; x_wconf 88' lang='lat' dir='ltr'><strong>in</strong></span> <span class='ocrx_word' id='word_1_781' title='bbox 1876 4725 1913 4765; x_wconf 91' lang='lat' dir='ltr'><strong>eo</strong></span> <span class='ocrx_word' id='word_1_782' title='bbox 1925 4714 1954 4761; x_wconf 81' lang='lat' dir='ltr'><strong>x.</strong></span> <span class='ocrx_word' id='word_1_783' title='bbox 1967 4715 1971 4759; x_wconf 89' lang='grc'><strong>1</strong></span> 
     </span>
     <span class='ocr_line' id='line_1_52' title="bbox 214 4792 1912 4867; baseline 0 -16"><span class='ocrx_word' id='word_1_784' title='bbox 214 4798 253 4851; x_wconf 88' lang='lat' dir='ltr'><strong>ris</strong></span> <span class='ocrx_word' id='word_1_785' title='bbox 269 4795 454 4852; x_wconf 84' lang='lat' dir='ltr'><strong>confirmatur.</strong></span> <span class='ocrx_word' id='word_1_786' title='bbox 490 4799 515 4850; x_wconf 81' lang='lat' dir='ltr'><strong>t.</strong></span> <span class='ocrx_word' id='word_1_787' title='bbox 535 4792 566 4848; x_wconf 78' lang='grc' dir='ltr'><strong>τὸ</strong></span> <span class='ocrx_word' id='word_1_788' title='bbox 585 4793 724 4849; x_wconf 79' lang='grc' dir='ltr'><strong><em>δεικτικὸν</em></strong></span> <span class='ocrx_word' id='word_1_789' title='bbox 739 4794 834 4864; x_wconf 80' lang='grc' dir='ltr'><em>τοῦτο,</em></span> <span class='ocrx_word' id='word_1_790' title='bbox 861 4795 926 4861; x_wconf 77' lang='lat' dir='ltr'><strong>boc,</strong></span> <span class='ocrx_word' id='word_1_791' title='bbox 952 4795 1049 4851; x_wconf 89' lang='lat' dir='ltr'><strong>itidem</strong></span> <span class='ocrx_word' id='word_1_792' title='bbox 1073 4795 1213 4851; x_wconf 89' lang='lat' dir='ltr'><strong>bibendus</strong></span> <span class='ocrx_word' id='word_1_793' title='bbox 1238 4793 1317 4849; x_wconf 91' lang='lat' dir='ltr'><strong>nobis</strong></span> <span class='ocrx_word' id='word_1_794' title='bbox 1342 4793 1457 4849; x_wconf 83' lang='lat' dir='ltr'><strong>offertur</strong></span> <span class='ocrx_word' id='word_1_795' title='bbox 1475 4795 1590 4867; x_wconf 81' lang='lat' dir='ltr'><strong>sangnis</strong></span> <span class='ocrx_word' id='word_1_796' title='bbox 1609 4794 1713 4850; x_wconf 87' lang='lat' dir='ltr'><strong>Christi</strong></span> <span class='ocrx_word' id='word_1_797' title='bbox 1731 4795 1760 4849; x_wconf 87' lang='lat' dir='ltr'><strong>in</strong></span> <span class='ocrx_word' id='word_1_798' title='bbox 1780 4810 1831 4850; x_wconf 84' lang='lat' dir='ltr'><strong>ara</strong></span> <span class='ocrx_word' id='word_1_799' title='bbox 1846 4810 1912 4851; x_wconf 81' lang='lat' dir='ltr'><strong>cru·</strong></span> 
     </span>
     <span class='ocr_line' id='line_1_53' title="bbox 214 4879 1913 4955; baseline 0 -18"><span class='ocrx_word' id='word_1_800' title='bbox 214 4882 328 4954; x_wconf 91' lang='lat' dir='ltr'><strong>respicit</strong></span> <span class='ocrx_word' id='word_1_801' title='bbox 373 4898 428 4938; x_wconf 89' lang='lat' dir='ltr'><strong>non</strong></span> <span class='ocrx_word' id='word_1_802' title='bbox 468 4881 556 4935; x_wconf 89' lang='lat' dir='ltr'><strong>solum</strong></span> <span class='ocrx_word' id='word_1_803' title='bbox 596 4880 707 4948; x_wconf 84' lang='lat' dir='ltr'><strong>vinum,</strong></span> <span class='ocrx_word' id='word_1_804' title='bbox 761 4880 811 4936; x_wconf 92' lang='lat' dir='ltr'><strong>sed</strong></span> <span class='ocrx_word' id='word_1_805' title='bbox 847 4886 937 4936; x_wconf 87' lang='lat' dir='ltr'><strong>totum</strong></span> <span class='ocrx_word' id='word_1_806' title='bbox 969 4881 1049 4952; x_wconf 88' lang='lat' dir='ltr'><strong>illud,</strong></span> <span class='ocrx_word' id='word_1_807' title='bbox 1073 4884 1114 4939; x_wconf 92' lang='lat' dir='ltr'><strong>cis</strong></span> <span class='ocrx_word' id='word_1_808' title='bbox 1137 4899 1188 4954; x_wconf 92' lang='lat' dir='ltr'><strong>pro</strong></span> <span class='ocrx_word' id='word_1_809' title='bbox 1211 4880 1292 4937; x_wconf 89' lang='lat' dir='ltr'><strong>nobis</strong></span> <span class='ocrx_word' id='word_1_810' title='bbox 1310 4879 1423 4936; x_wconf 83' lang='lat' dir='ltr'><strong>effusus.</strong></span> <span class='ocrx_word' id='word_1_811' title='bbox 1459 4881 1595 4937; x_wconf 88' lang='lat' dir='ltr'><strong>Poculum</strong></span> <span class='ocrx_word' id='word_1_812' title='bbox 1613 4881 1696 4951; x_wconf 88' lang='lat' dir='ltr'><strong>enim,</strong></span> <span class='ocrx_word' id='word_1_813' title='bbox 1715 4879 1746 4935; x_wconf 82' lang='grc' dir='ltr'><strong>τὸ</strong></span> <span class='ocrx_word' id='word_1_814' title='bbox 1767 4881 1913 4955; x_wconf 73' lang='grc' dir='ltr'><strong><em>ποτήριον,</em></strong></span> 
     </span>
     <span class='ocr_line' id='line_1_54' title="bbox 215 4965 1916 5040; baseline 0.001 -17"><span class='ocrx_word' id='word_1_815' title='bbox 215 4969 289 5040; x_wconf 85' lang='lat' dir='ltr'><strong>qnod</strong></span> <span class='ocrx_word' id='word_1_816' title='bbox 318 4967 443 5024; x_wconf 88' lang='lat' dir='ltr'><strong>Christus</strong></span> <span class='ocrx_word' id='word_1_817' title='bbox 468 4965 622 5021; x_wconf 91' lang='lat' dir='ltr'><strong>bibendum</strong></span> <span class='ocrx_word' id='word_1_818' title='bbox 648 4965 812 5034; x_wconf 84' lang='lat' dir='ltr'><strong>exhibebat,</strong></span> <span class='ocrx_word' id='word_1_819' title='bbox 839 4973 871 5021; x_wconf 93' lang='lat' dir='ltr'><strong>ut</strong></span> <span class='ocrx_word' id='word_1_820' title='bbox 899 4984 932 5023; x_wconf 88' lang='lat' dir='ltr'><strong>ex</strong></span> <span class='ocrx_word' id='word_1_821' title='bbox 957 4967 1050 5040; x_wconf 88' lang='lat' dir='ltr'><strong>priore</strong></span> <span class='ocrx_word' id='word_1_822' title='bbox 1074 4986 1130 5025; x_wconf 92' lang='lat' dir='ltr'><strong>non</strong></span> <span class='ocrx_word' id='word_1_823' title='bbox 1157 4967 1353 5031; x_wconf 82' lang='lat' dir='ltr'><strong>materialiter,</strong></span> <span class='ocrx_word' id='word_1_824' title='bbox 1382 4968 1431 5022; x_wconf 91' lang='lat' dir='ltr'><strong>sed</strong></span> <span class='ocrx_word' id='word_1_825' title='bbox 1455 4967 1609 5023; x_wconf 81' lang='lat' dir='ltr'><strong>formaliter</strong></span> <span class='ocrx_word' id='word_1_826' title='bbox 1633 4983 1684 5038; x_wconf 90' lang='lat' dir='ltr'><strong>pro</strong></span> <span class='ocrx_word' id='word_1_827' title='bbox 1708 4966 1771 5039; x_wconf 85' lang='lat' dir='ltr'><strong>ipsa</strong></span> <span class='ocrx_word' id='word_1_828' title='bbox 1797 4968 1916 5040; x_wconf 86' lang='lat' dir='ltr'><strong>potione</strong></span> 
     </span>
     <span class='ocr_line' id='line_1_55' title="bbox 214 5052 1915 5125; baseline 0.001 -15"><span class='ocrx_word' id='word_1_829' title='bbox 214 5070 317 5110; x_wconf 77' lang='lat' dir='ltr'><strong>menae</strong></span> <span class='ocrx_word' id='word_1_830' title='bbox 352 5059 432 5124; x_wconf 90' lang='lat' dir='ltr'><strong>parte</strong></span> <span class='ocrx_word' id='word_1_831' title='bbox 465 5052 647 5124; x_wconf 72' lang='lat' dir='ltr'><strong>intelligitur,</strong></span> <span class='ocrx_word' id='word_1_832' title='bbox 685 5053 802 5124; x_wconf 80' lang='lat' dir='ltr'><strong>vulgata</strong></span> <span class='ocrx_word' id='word_1_833' title='bbox 839 5053 926 5125; x_wconf 74' lang='lat' dir='ltr'><strong>igitur</strong></span> <span class='ocrx_word' id='word_1_834' title='bbox 959 5055 1050 5110; x_wconf 81' lang='lat' dir='ltr'><strong>versio</strong></span> <span class='ocrx_word' id='word_1_835' title='bbox 1075 5054 1134 5109; x_wconf 83' lang='lat' dir='ltr'><strong>sive</strong></span> <span class='ocrx_word' id='word_1_836' title='bbox 1153 5053 1256 5109; x_wconf 88' lang='lat' dir='ltr'><strong>haustu</strong></span> <span class='ocrx_word' id='word_1_837' title='bbox 1274 5053 1418 5124; x_wconf 88' lang='lat' dir='ltr'><strong>accipitur,</strong></span> <span class='ocrx_word' id='word_1_838' title='bbox 1436 5053 1502 5110; x_wconf 91' lang='lat' dir='ltr'><strong>inde</strong></span> <span class='ocrx_word' id='word_1_839' title='bbox 1520 5053 1592 5108; x_wconf 91' lang='lat' dir='ltr'><strong>enim</strong></span> <span class='ocrx_word' id='word_1_840' title='bbox 1610 5058 1695 5125; x_wconf 83' lang='lat' dir='ltr'><strong>atque</strong></span> <span class='ocrx_word' id='word_1_841' title='bbox 1713 5053 1777 5109; x_wconf 90' lang='lat' dir='ltr'><strong>ideo</strong></span> <span class='ocrx_word' id='word_1_842' title='bbox 1795 5071 1845 5109; x_wconf 83' lang='lat' dir='ltr'><strong>ras</strong></span> <span class='ocrx_word' id='word_1_843' title='bbox 1862 5053 1915 5111; x_wconf 83' lang='lat' dir='ltr'><strong>ali·</strong></span> 
     </span>
     <span class='ocr_line' id='line_1_56' title="bbox 215 5139 1915 5212; baseline -0.001 -18"><span class='ocrx_word' id='word_1_844' title='bbox 215 5140 306 5195; x_wconf 89' lang='lat' dir='ltr'><strong>minus</strong></span> <span class='ocrx_word' id='word_1_845' title='bbox 322 5147 398 5195; x_wconf 87' lang='lat' dir='ltr'><strong>reete</strong></span> <span class='ocrx_word' id='word_1_846' title='bbox 419 5139 541 5194; x_wconf 83' lang='lat' dir='ltr'><strong>addidit:</strong></span> <span class='ocrx_word' id='word_1_847' title='bbox 566 5139 623 5191; x_wconf 79' lang='lat' dir='ltr'><strong>Hie</strong></span> <span class='ocrx_word' id='word_1_848' title='bbox 641 5146 682 5192; x_wconf 86' lang='lat' dir='ltr'><strong>est</strong></span> <span class='ocrx_word' id='word_1_849' title='bbox 698 5141 815 5207; x_wconf 73' lang='lat' dir='ltr'><strong>sanquis</strong></span> <span class='ocrx_word' id='word_1_850' title='bbox 831 5155 918 5196; x_wconf 85' lang='lat' dir='ltr'><strong>meas.</strong></span> <span class='ocrx_word' id='word_1_851' title='bbox 954 5145 977 5196; x_wconf 80' lang='grc'><strong>3.</strong></span> <span class='ocrx_word' id='word_1_852' title='bbox 997 5139 1050 5195; x_wconf 90' lang='lat' dir='ltr'><strong>Co·</strong></span> <span class='ocrx_word' id='word_1_853' title='bbox 1075 5140 1150 5212; x_wconf 90' lang='lat' dir='ltr'><strong>quod</strong></span> <span class='ocrx_word' id='word_1_854' title='bbox 1167 5139 1270 5194; x_wconf 90' lang='lat' dir='ltr'><strong>dicitnr</strong></span> <span class='ocrx_word' id='word_1_855' title='bbox 1287 5139 1431 5211; x_wconf 90' lang='lat' dir='ltr'><strong>peculum,</strong></span> <span class='ocrx_word' id='word_1_856' title='bbox 1453 5141 1520 5212; x_wconf 88' lang='lat' dir='ltr'><strong>quia</strong></span> <span class='ocrx_word' id='word_1_857' title='bbox 1536 5155 1570 5193; x_wconf 86' lang='lat' dir='ltr'><strong>er</strong></span> <span class='ocrx_word' id='word_1_858' title='bbox 1588 5154 1621 5193; x_wconf 88' lang='lat' dir='ltr'><strong>eo</strong></span> <span class='ocrx_word' id='word_1_859' title='bbox 1641 5139 1760 5210; x_wconf 88' lang='lat' dir='ltr'><strong>bibitur,</strong></span> <span class='ocrx_word' id='word_1_860' title='bbox 1778 5139 1915 5211; x_wconf 71' lang='lat' dir='ltr'><strong>nosipsos</strong></span> 
     </span>
     <span class='ocr_line' id='line_1_57' title="bbox 214 5215 1971 5298; baseline 0.002 -18"><span class='ocrx_word' id='word_1_861' title='bbox 214 5227 282 5298; x_wconf 89' lang='lat' dir='ltr'><strong>pnla</strong></span> <span class='ocrx_word' id='word_1_862' title='bbox 300 5234 341 5279; x_wconf 87' lang='lat' dir='ltr'><strong>est</strong></span> <span class='ocrx_word' id='word_1_863' title='bbox 358 5226 454 5281; x_wconf 88' lang='lat' dir='ltr'><strong>itidem</strong></span> <span class='ocrx_word' id='word_1_864' title='bbox 472 5232 553 5296; x_wconf 88' lang='lat' dir='ltr'><strong>tropo</strong></span> <span class='ocrx_word' id='word_1_865' title='bbox 573 5229 658 5281; x_wconf 84' lang='lat' dir='ltr'><strong>caret.</strong></span> <span class='ocrx_word' id='word_1_866' title='bbox 695 5224 768 5289; x_wconf 81' lang='lat' dir='ltr'><strong>Quia</strong></span> <span class='ocrx_word' id='word_1_867' title='bbox 790 5243 863 5280; x_wconf 90' lang='lat' dir='ltr'><strong>unus</strong></span> <span class='ocrx_word' id='word_1_868' title='bbox 882 5233 911 5281; x_wconf 90' lang='lat' dir='ltr'><strong>et</strong></span> <span class='ocrx_word' id='word_1_869' title='bbox 928 5227 1002 5281; x_wconf 90' lang='lat' dir='ltr'><strong>idem</strong></span> <span class='ocrx_word' id='word_1_870' title='bbox 1020 5226 1050 5280; x_wconf 89' lang='lat' dir='ltr'><strong>in</strong></span> <span class='ocrx_word' id='word_1_871' title='bbox 1061 5260 1064 5291; x_wconf 64' lang='grc' dir='ltr'><strong><em>ι</em></strong></span> <span class='ocrx_word' id='word_1_872' title='bbox 1075 5227 1178 5281; x_wconf 90' lang='lat' dir='ltr'><strong>dicitur</strong></span> <span class='ocrx_word' id='word_1_873' title='bbox 1195 5226 1276 5297; x_wconf 87' lang='lat' dir='ltr'><strong>quasi</strong></span> <span class='ocrx_word' id='word_1_874' title='bbox 1293 5226 1378 5282; x_wconf 82' lang='grc' dir='ltr'><strong><em>πόσιν</em></strong></span> <span class='ocrx_word' id='word_1_875' title='bbox 1395 5228 1511 5298; x_wconf 78' lang='grc' dir='ltr'><strong>τηροῦν,</strong></span> <span class='ocrx_word' id='word_1_876' title='bbox 1530 5241 1594 5279; x_wconf 91' lang='lat' dir='ltr'><strong>cum</strong></span> <span class='ocrx_word' id='word_1_877' title='bbox 1611 5231 1693 5296; x_wconf 90' lang='lat' dir='ltr'><strong>potus</strong></span> <span class='ocrx_word' id='word_1_878' title='bbox 1714 5232 1848 5298; x_wconf 85' lang='lat' dir='ltr'><strong>tanquam</strong></span> <span class='ocrx_word' id='word_1_879' title='bbox 1867 5243 1914 5283; x_wconf 86' lang='lat' dir='ltr'><strong>res</strong></span> <span class='ocrx_word' id='word_1_880' title='bbox 1967 5215 1971 5222; x_wconf 54' lang='grc'>’</span> 
     </span>
     <span class='ocr_line' id='line_1_58' title="bbox 215 5304 1914 5398; baseline 0.001 -31"><span class='ocrx_word' id='word_1_881' title='bbox 215 5312 306 5384; x_wconf 90' lang='lat' dir='ltr'><strong>priore</strong></span> <span class='ocrx_word' id='word_1_882' title='bbox 325 5317 353 5366; x_wconf 91' lang='lat' dir='ltr'><strong>et</strong></span> <span class='ocrx_word' id='word_1_883' title='bbox 364 5313 517 5383; x_wconf 89' lang='lat' dir='ltr'><strong>posteriore</strong></span> <span class='ocrx_word' id='word_1_884' title='bbox 528 5318 608 5382; x_wconf 89' lang='lat' dir='ltr'><strong>parte</strong></span> <span class='ocrx_word' id='word_1_885' title='bbox 621 5317 665 5366; x_wconf 90' lang='lat' dir='ltr'><strong>est</strong></span> <span class='ocrx_word' id='word_1_886' title='bbox 679 5312 803 5382; x_wconf 88' lang='lat' dir='ltr'><strong>ejusdem</strong></span> <span class='ocrx_word' id='word_1_887' title='bbox 816 5330 922 5371; x_wconf 88' lang='lat' dir='ltr'><strong>sensns.</strong></span> <span class='ocrx_word' id='word_1_888' title='bbox 953 5319 977 5368; x_wconf 79' lang='lat' dir='ltr'><strong>t.</strong></span> <span class='ocrx_word' id='word_1_889' title='bbox 987 5313 1050 5368; x_wconf 86' lang='lat' dir='ltr'><strong>Vox</strong></span> <span class='ocrx_word' id='word_1_890' title='bbox 1062 5304 1064 5398; x_wconf 46' lang='grc' dir='ltr'>ᾗ</span> <span class='ocrx_word' id='word_1_891' title='bbox 1074 5311 1182 5385; x_wconf 90' lang='lat' dir='ltr'><strong>liquida</strong></span> <span class='ocrx_word' id='word_1_892' title='bbox 1199 5311 1349 5369; x_wconf 83' lang='lat' dir='ltr'><strong>difficulter</strong></span> <span class='ocrx_word' id='word_1_893' title='bbox 1365 5311 1491 5367; x_wconf 90' lang='lat' dir='ltr'><strong>terminis</strong></span> <span class='ocrx_word' id='word_1_894' title='bbox 1509 5309 1627 5381; x_wconf 88' lang='lat' dir='ltr'><strong>propriis</strong></span> <span class='ocrx_word' id='word_1_895' title='bbox 1645 5312 1822 5367; x_wconf 89' lang='lat' dir='ltr'><strong>contineatur</strong></span> <span class='ocrx_word' id='word_1_896' title='bbox 1836 5312 1914 5369; x_wconf 85' lang='lat' dir='ltr'><strong>aliis·</strong></span> 
     </span>
     <span class='ocr_line' id='line_1_59' title="bbox 214 5395 1912 5470; baseline 0.002 -19"><span class='ocrx_word' id='word_1_897' title='bbox 214 5398 364 5466; x_wconf 76' lang='lat' dir='ltr'><strong>ranpuinis</strong></span> <span class='ocrx_word' id='word_1_898' title='bbox 383 5398 487 5453; x_wconf 90' lang='lat' dir='ltr'><strong>Christi</strong></span> <span class='ocrx_word' id='word_1_899' title='bbox 511 5414 567 5452; x_wconf 91' lang='lat' dir='ltr'><strong>non</strong></span> <span class='ocrx_word' id='word_1_900' title='bbox 590 5402 682 5468; x_wconf 90' lang='lat' dir='ltr'><strong>potest</strong></span> <span class='ocrx_word' id='word_1_901' title='bbox 704 5396 822 5469; x_wconf 73' lang='lat' dir='ltr'><strong>figurate</strong></span> <span class='ocrx_word' id='word_1_902' title='bbox 847 5399 952 5470; x_wconf 89' lang='lat' dir='ltr'><strong>accipi,</strong></span> <span class='ocrx_word' id='word_1_903' title='bbox 985 5398 1130 5470; x_wconf 69' lang='lat' dir='ltr'><strong>quinique</strong></span> <span class='ocrx_word' id='word_1_904' title='bbox 1153 5397 1213 5452; x_wconf 89' lang='lat' dir='ltr'><strong>dari</strong></span> <span class='ocrx_word' id='word_1_905' title='bbox 1235 5414 1291 5452; x_wconf 92' lang='lat' dir='ltr'><strong>non</strong></span> <span class='ocrx_word' id='word_1_906' title='bbox 1313 5398 1415 5468; x_wconf 89' lang='lat' dir='ltr'><strong>possit,</strong></span> <span class='ocrx_word' id='word_1_907' title='bbox 1439 5395 1492 5451; x_wconf 90' lang='lat' dir='ltr'><strong>nisi</strong></span> <span class='ocrx_word' id='word_1_908' title='bbox 1514 5395 1574 5450; x_wconf 85' lang='lat' dir='ltr'><strong>vasi</strong></span> <span class='ocrx_word' id='word_1_909' title='bbox 1593 5413 1642 5452; x_wconf 89' lang='lat' dir='ltr'><strong>seu</strong></span> <span class='ocrx_word' id='word_1_910' title='bbox 1660 5397 1761 5467; x_wconf 89' lang='lat' dir='ltr'><strong>poculo</strong></span> <span class='ocrx_word' id='word_1_911' title='bbox 1777 5397 1912 5456; x_wconf 85' lang='lat' dir='ltr'><strong>inclusus.</strong></span> 
     </span>
     <span class='ocr_line' id='line_1_60' title="bbox 214 5476 1913 5557; baseline 0.003 -21"><span class='ocrx_word' id='word_1_912' title='bbox 214 5490 300 5556; x_wconf 80' lang='lat' dir='ltr'><strong>typus</strong></span> <span class='ocrx_word' id='word_1_913' title='bbox 322 5489 352 5538; x_wconf 90' lang='lat' dir='ltr'><strong>et</strong></span> <span class='ocrx_word' id='word_1_914' title='bbox 374 5482 467 5554; x_wconf 81' lang='lat' dir='ltr'><strong>figura</strong></span> <span class='ocrx_word' id='word_1_915' title='bbox 488 5482 632 5555; x_wconf 76' lang='lat' dir='ltr'><strong>sanguinis</strong></span> <span class='ocrx_word' id='word_1_916' title='bbox 655 5480 758 5537; x_wconf 90' lang='lat' dir='ltr'><strong>Christi</strong></span> <span class='ocrx_word' id='word_1_917' title='bbox 779 5481 809 5536; x_wconf 92' lang='lat' dir='ltr'><strong>in</strong></span> <span class='ocrx_word' id='word_1_918' title='bbox 828 5485 964 5557; x_wconf 78' lang='lat' dir='ltr'><strong>sanguine</strong></span> <span class='ocrx_word' id='word_1_919' title='bbox 982 5484 1049 5557; x_wconf 77' lang='lat' dir='ltr'><strong>agni</strong></span> <span class='ocrx_word' id='word_1_920' title='bbox 1062 5476 1181 5539; x_wconf 76' lang='lat' dir='ltr'><strong>²Eodem</strong></span> <span class='ocrx_word' id='word_1_921' title='bbox 1201 5499 1284 5538; x_wconf 90' lang='lat' dir='ltr'><strong>sensu</strong></span> <span class='ocrx_word' id='word_1_922' title='bbox 1301 5483 1385 5554; x_wconf 89' lang='lat' dir='ltr'><strong>paulo</strong></span> <span class='ocrx_word' id='word_1_923' title='bbox 1403 5488 1466 5552; x_wconf 92' lang='lat' dir='ltr'><strong>post</strong></span> <span class='ocrx_word' id='word_1_924' title='bbox 1483 5481 1610 5539; x_wconf 88' lang='lat' dir='ltr'><strong>Christus</strong></span> <span class='ocrx_word' id='word_1_925' title='bbox 1629 5483 1711 5538; x_wconf 90' lang='lat' dir='ltr'><strong>dicit:</strong></span> <span class='ocrx_word' id='word_1_926' title='bbox 1732 5485 1876 5541; x_wconf 79' lang='lat' dir='ltr'><strong>Transeat</strong></span> <span class='ocrx_word' id='word_1_927' title='bbox 1893 5504 1913 5541; x_wconf 84' lang='lat' dir='ltr'><strong>a</strong></span> 
     </span>
     <span class='ocr_line' id='line_1_61' title="bbox 214 5548 1913 5651; baseline 0.002 -26"><span class='ocrx_word' id='word_1_928' title='bbox 214 5567 354 5643; x_wconf 83' lang='lat' dir='ltr'><strong>paschalis</strong></span> <span class='ocrx_word' id='word_1_929' title='bbox 377 5569 735 5641; x_wconf 80' lang='lat' dir='ltr'><strong>jnmtnmprsecesserst,</strong></span> <span class='ocrx_word' id='word_1_930' title='bbox 756 5567 985 5651; x_wconf 68' lang='lat' dir='ltr'><strong>quemchristus</strong></span> <span class='ocrx_word' id='word_1_931' title='bbox 1009 5548 1118 5627; x_wconf 79' lang='lat' dir='ltr'><strong>in·¹ms</strong></span> <span class='ocrx_word' id='word_1_932' title='bbox 1135 5567 1320 5643; x_wconf 67' lang='lat' dir='ltr'><strong>maurinos,</strong></span> <span class='ocrx_word' id='word_1_933' title='bbox 1339 5569 1391 5624; x_wconf 72' lang='lat' dir='ltr'><strong>rite</strong></span> <span class='ocrx_word' id='word_1_934' title='bbox 1410 5568 1495 5637; x_wconf 75' lang='lat' dir='ltr'><strong>satia,</strong></span> <span class='ocrx_word' id='word_1_935' title='bbox 1512 5567 1566 5626; x_wconf 91' lang='lat' dir='ltr'><strong>hoc</strong></span> <span class='ocrx_word' id='word_1_936' title='bbox 1587 5569 1913 5644; x_wconf 81' lang='lat' dir='ltr'><strong>estillaamsrspotio,</strong></span> 
     </span>
    </p>
   </div>
   <div class='ocr_carea' id='block_1_3' title="bbox 0 0 2007 6020">
    <p class='ocr_par' dir='ltr' id='par_1_6' title="bbox 0 0 2007 6020">
     <span class='ocr_line' id='line_1_62' title="bbox 0 0 2007 6020; baseline 0 0"><span class='ocrx_word' id='word_1_937' title='bbox 0 0 2007 6020; x_wconf 95' lang='lat' dir='ltr'><strong> </strong></span> 
     </span>
    </p>
   </div>
  </div>
 </body>
</html>
