4004 6022
232 299 291 358 330
788 286 910 345 Locus
927 281 1131 344 manemus
1147 282 1347 342 SECUNDUS

230 445 279 499 tici
298 444 457 499 sacerdotes
475 445 535 497 loco
555 444 630 510 moti,
651 442 751 496 altaria
768 440 943 495 idololatrias
956 441 1062 495 dunu-
1079 459 1081 492 ε
1097 444 1144 493 tur
1157 438 1210 493 boc
1227 445 1420 511 argumentum
1438 456 1472 494 ex
1484 456 1525 505 eo,
1541 437 1617 509 quod
1626 435 1767 493 Pontificii
1779 437 1938 509 disputant

231 539 277 584 cta
300 537 329 584 et
353 530 511 585 reformatio
528 529 671 583 doctrinae
689 528 825 582 instituta
864 526 932 582 Hos.
947 532 978 594 3,
995 545 1021 581 v.
1040 532 1065 582 4.
1093 524 1255 580 illustriores
1284 525 1479 596 promissiones
1511 525 1591 580 datas
1621 541 1682 581 esse
1707 523 1846 583 soledas
1870 524 1937 581 navi

231 618 366 686 repetitur
384 617 457 671 idem
475 616 561 670 ferme
578 613 752 670 vaticinium:
777 613 851 668 Dies
869 614 972 669 multos
989 615 1067 666 sede·
1092 612 1252 668 testamenti
1273 628 1356 682 quam
1376 627 1537 683 synagogae
1555 609 1702 676 iudaicae,
1721 610 1773 665 sea
1789 609 1845 666 bac
1858 609 1896 666 de
1907 627 1938 669 rs

232 704 299 755 bont
325 702 382 767 sitii
400 703 494 756 Israel
518 701 576 754 mne
602 718 669 770 repe
692 709 718 754 et
742 700 802 754 sine
816 700 948 769 principe
965 706 991 752 et
1007 699 1067 752 sine
1093 695 1208 752 inierius
1229 699 1318 768 plura.
1363 703 1388 754 2.
1406 697 1490 753 Dicto
1507 695 1611 753 Christi
1628 695 1697 754 Luc.
1721 701 1765 761 te,
1790 713 1819 750 r.
1839 701 1866 753 8.
1882 695 1937 751 boe

231 789 371 851 sacrificio
398 795 425 840 et
447 788 506 840 sine
533 787 625 840 ultori
641 794 668 840 et
686 787 745 840 sine
764 787 857 855 ephod
876 793 902 839 et
917 786 976 839 sine
994 793 1067 838 tera·
1093 782 1214 838 obvertit
1224 784 1417 852 Bellarminus,
1439 785 1516 854 quod
1532 800 1590 836 nos
1606 783 1739 851 myuatur
1750 782 1937 846 &fidemne-

227 876 324 945 pbim;
348 891 373 929 v.
396 879 420 928 5.
444 871 570 926 additur:
598 874 637 926 Et
659 880 725 942 post
744 873 813 927 isaeo
832 880 1005 926 reuertentur
1023 871 1067 924 ls-
1089 870 1214 941 pliciter,
1231 872 1283 925 secl
1302 873 1337 924 de
1359 871 1460 925 ecimio
1480 871 1605 938 quadam
1616 870 1690 936 fiale,
1707 868 1936 937 yuueinpascis

230 960 292 1014 roe'l
317 967 344 1012 et
364 966 497 1027 pssaerent
523 960 676 1013 Dominum
700 959 793 1012 Deum
815 976 896 1011 mum
918 966 946 1010 et
967 958 1068 1011 Dauid
1093 957 1254 1024 reperiatur
1278 964 1303 1009 et
1325 957 1357 1010 in
1375 956 1558 1025 pauentum
1575 957 1685 1024 foetura
1707 955 1744 1011 sit
1773 953 1805 1008 in
1825 955 1935 1010 mena

231 1063 324 1115 reyem
346 1063 427 1098 surim
446 1053 471 1097 et
489 1053 648 1098 reverenter
666 1045 758 1099 colent
778 1046 928 1098 Dominum
947 1052 973 1097 et
990 1045 1066 1097 boni·
1093 1042 1200 1107 aloem,
1218 1043 1260 1095 ita
1279 1043 1350 1095 enim
1370 1056 1506 1111 seponere
1518 1042 1721 1109 Hieronymum
1738 1042 1770 1094 in
1782 1040 1857 1097 dial.
1868 1058 1933 1095 coa·

232 1140 316 1186 tatem
339 1132 401 1199 ejus
426 1132 456 1183 in
480 1131 629 1184 noumsimo
654 1131 773 1183 dicrum.
814 1129 935 1196 Quidam
956 1129 1009 1184 hoo
1025 1129 1066 1183 iu·
1093 1134 1139 1180 tro
1162 1128 1258 1191 Dacis.
1283 1136 1310 1181 st
1326 1128 1514 1194 Auyuetinum
1532 1130 1567 1181 de
1584 1129 1654 1184 unit.
1670 1127 1736 1181 eccl.
1755 1144 1779 1181 c.
1797 1129 1844 1182 13.
1878 1126 1933 1184 Re·

232 1219 362 1290 telligunt
386 1218 422 1272 de
445 1218 548 1286 populo
565 1216 685 1272 Judaioo
702 1222 817 1286 propter
835 1216 1020 1271 idololatriam
1038 1223 1066 1271 et
1093 1213 1274 1282 spondemus:
1300 1213 1355 1268 imo
1379 1231 1444 1268 vero
1465 1213 1590 1285 loquitur
1601 1214 1643 1269 de
1661 1229 1727 1268 vera
1743 1218 1774 1268 et
1793 1214 1933 1270 communi

231 1311 399 1359 contemtum
420 1303 538 1357 Moesiae
555 1320 573 1356 a
590 1301 723 1356 Romanis
742 1320 758 1357 e
777 1309 852 1357 terra
869 1319 921 1357 sua
940 1302 1066 1358 extermi-
1093 1298 1310 1355 Christianorum
1331 1299 1401 1368 fide,
1427 1306 1459 1356 ut
1482 1317 1515 1355 ex
1537 1301 1608 1356 serie
1626 1306 1718 1356 textus
1736 1306 1767 1356 et
1783 1298 1934 1357 musaeus

231 1391 324 1446 nando
342 1396 371 1445 et
389 1388 573 1459 dispergendo
591 1389 663 1442 inter
685 1395 796 1459 gentes,
821 1390 950 1444 extremis
975 1395 1067 1445 mmsn
1093 1402 1156 1439 oum
1172 1386 1233 1441 abb
1248 1385 1408 1457 Scripturas
1428 1388 1497 1443 locis
1517 1386 1747 1458 intelligipomst.
1785 1386 1935 1444 Praecedit

230 1476 402 1546 temporibus
421 1475 504 1545 paulo
520 1481 586 1530 ante
598 1474 777 1529 novissimum
792 1473 866 1529 diem
877 1475 988 1529 demum
1003 1492 1066 1529 con·
1092 1472 1225 1540 parabola
1244 1473 1279 1528 dc
1291 1473 1378 1529 vidua
1388 1474 1515 1545 iniquum
1524 1473 1650 1543 jadicem
1662 1472 1794 1543 precibus
1805 1481 1932 1545 urgente,

231 1563 372 1626 vertendo,
385 1562 433 1616 sed
443 1563 545 1616 rectius
558 1560 694 1631 accipitur
705 1561 740 1615 de
750 1560 831 1615 exilio
840 1560 1066 1616 decemtribuum
1093 1573 1165 1628 quae
1192 1558 1384 1615 assiduitatem
1411 1559 1543 1615 oradonis
1566 1559 1646 1614 nobis
1672 1559 1866 1630 commendam
1891 1560 1932 1616 illi

232 1649 260 1702 in
272 1648 515 1719 regnoAssyn'aco
528 1654 556 1702 ct
568 1647 745 1702 conversione
756 1663 850 1701 aarum
861 1664 912 1718 per
923 1647 1066 1718 praedica·
1092 1642 1239 1714 subiungit
1256 1643 1383 1699 Christum
1401 1645 1472 1699 hanc
1493 1645 1633 1717 querelam
1649 1644 1686 1699 de
1702 1644 1851 1714 paucitate
1868 1663 1932 1703 sera

232 1735 333 1789 tionem
353 1733 541 1804 apostolorum
561 1733 597 1787 ad
617 1733 764 1787 Christum.
1093 1729 1270 1793 credentium,
1290 1732 1370 1801 quusi
1387 1731 1470 1795 dicat,
1488 1730 1633 1802 postremis
1650 1730 1747 1786 mundi
1757 1731 1932 1802 temporibus

102 1829 122 1869 e.
137 1829 217 1868 sssn·
267 1827 307 1876 91.
344 1827 368 1875 5.
399 1819 532 1883 Quintum
562 1827 755 1890 argumentum
779 1819 964 1874 Bellarminus
991 1819 1065 1888 diat
1092 1815 1174 1882 pauci
1194 1820 1276 1869 erunt
1292 1816 1357 1871 buia
1376 1817 1478 1872 viduae
1495 1816 1606 1884 similes,
1626 1816 1674 1896 qui
1694 1816 1740 1872 die
1757 1819 1930 1874 etnoctead

103 1880 217 1971 ilitffss'ss.
231 1925 282 1963 nos
298 1914 393 1976 petere
412 1921 446 1960 ex
464 1905 518 1959 illis
532 1905 691 1976 Scripturas
709 1905 798 1974 dictis,
817 1908 847 1959 tn
866 1907 966 1975 quibus
978 1922 1065 1974 pros·
1091 1900 1183 1956 Deum
1202 1901 1372 1967 clamabunt,
1390 1903 1457 1973 quia
1472 1902 1557 1972 pauci
1574 1902 1717 1958 habebunt
1732 1920 1830 1959 veram
1838 1903 1930 1973 fldem,

54 2035 56 2038 .
103 1983 170 2023 '⁸¹³¹‘
232 1995 345 2059 dictum,
359 1993 505 2046 ecclesium
516 1993 654 2046 cimbttem
666 2001 844 2049 casatorum.
861 1992 933 2049 Dan.
947 1999 971 2055 9,
983 2010 1009 2047 r.
1020 1997 1064 2047 m:
1092 2004 1125 2041 ex
1144 2005 1200 2059 qua
1217 1988 1288 2043 seria
1308 1993 1337 2044 et
1354 1988 1415 2044 Deo
1432 1987 1545 2058 placem
1564 1987 1702 2044 invocatio
1722 1989 1865 2059 proticisci
1882 1991 1929 2047 ds·

232 2079 358 2132 Gessobit
376 2080 468 2132 hostia
486 2087 512 2132 et
529 2079 708 2143 sacrificium.
744 2079 813 2135 Luc.
835 2084 875 2146 te,
891 2097 917 2134 v.
937 2083 967 2134 8:
996 2078 1062 2132 stem
1091 2074 1153 2138 bet;
1187 2091 1271 2145 quam
1306 2075 1560 2145 interpretationem
1588 2075 1726 2145 particule
1753 2075 1931 2132 adversativa

231 2168 308 2231 filius
330 2166 450 2218 leminis
473 2173 604 2217 uenturus
627 2172 682 2233 est,
711 2182 776 2216 neem
794 2164 915 2218 inveniet
928 2166 1017 2233 fidem
1036 2165 1065 2216 in
1092 2159 1164 2227 niis
1183 2161 1328 2216 manifeste
1345 2161 1516 2232 comprobat.
1552 2161 1634 2218 Unde
1653 2178 1717 2217 vero
1735 2160 1808 2218 haec
1821 2163 1928 2232 puritas

231 2253 332 2306 terra!
368 2257 392 2306 2.
412 2249 508 2304 Thess.
527 2255 558 2312 2,
581 2268 606 2304 v.
627 2255 656 2305 3:
685 2251 750 2304 Non
767 2250 857 2304 reniet
880 2251 1006 2308 Christus
1024 2253 1065 2303 ad
1091 2263 1154 2302 vere
1179 2246 1302 2303 fidelium
1323 2247 1454 2303 extremis
1479 2248 1576 2302 mundi
1603 2247 1773 2318 temporibus
1793 2249 1929 2320 originem

223 2338 381 2407 judicium,
400 2336 459 2388 nisi
476 2336 581 2389 uenerit
598 2336 722 2400 defeaio
735 2335 862 2405 primum
881 2344 907 2389 et
924 2337 1065 2390 revelatus
1091 2333 1209 2388 ductura
1226 2333 1275 2402 sit,
1293 2333 1407 2404 exponit
1425 2334 1487 2404 ipse
1504 2332 1629 2389 Christus
1648 2333 1748 2389 blattis.
1766 2339 1814 2399 24,
1835 2352 1863 2392 v.
1884 2341 1929 2392 ll:
1992 2391 1995 2399 ,

227 2423 317 2490 fuerit
334 2423 415 2476 loma
432 2422 548 2491 peccati.
580 2419 688 2485 Quibus
709 2420 790 2475 dictis
809 2420 993 2476 Bellarminus
1013 2438 1063 2490 pu·
1092 2421 1214 2487 Suryent
1236 2420 1319 2473 mula
1335 2420 1602 2491 pseudoprophetae
1620 2427 1646 2475 et
1664 2422 1799 2475 seducent
1817 2421 1928 2490 muuos,

227 2516 283 2578 tat,
301 2527 319 2563 a
337 2508 418 2563 nobis
438 2508 505 2562 addi
522 2507 592 2561 illud
612 2508 805 2579 propheticum
823 2508 925 2563 Jerem.
945 2514 970 2574 t,
987 2525 1012 2561 v.
1032 2514 1062 2563 t:
1089 2524 1113 2560 u.
1133 2508 1183 2560 12:
1201 2507 1334 2574 quoniam
1346 2507 1500 2561 abundabit
1512 2507 1657 2575 iniquitas,
1672 2507 1842 2575 resripescet
1855 2509 1928 2562 cari·

228 2596 327 2649 Nolite
353 2595 492 2662 confidere
517 2595 547 2646 in
565 2594 656 2663 perbis
676 2595 819 2648 mendacii
837 2595 973 2647 dicentes:
998 2601 1063 2647 tem·
1089 2600 1141 2646 tas.
1176 2610 1201 2647 ο.
1226 2595 1278 2645 24.-
1313 2591 1435 2660 Suryent
1460 2592 1671 2661 pseudochristi
1698 2601 1724 2646 et
1749 2597 1927 2665 psasdcpro·

226 2681 306 2750 plum
332 2680 463 2745 Domini,
488 2680 621 2746 templum
645 2680 771 2732 Domini.
812 2680 845 2732 Ut
863 2681 937 2732 enim
954 2680 1065 2748 antiqui
1086 2678 1188 2746 pletas
1212 2685 1238 2733 et
1261 2680 1369 2733 dabam
1391 2679 1475 2747 siyna
1493 2696 1598 2747 mayna
1617 2687 1645 2733 at
1659 2681 1814 2749 prodiyt'a,
1837 2683 1883 2736 tte
1898 2689 1928 2738 at

228 2766 278 2818 illi
306 2765 417 2818 Judaei
446 2782 501 2816 non
532 2764 683 2816 madebant
705 2765 853 2832 prophetis
873 2766 1063 2833 praedicenti·
1090 2764 1121 2815 in
1139 2780 1261 2818 morem
1279 2764 1465 2833 inducantur,
1486 2765 1514 2818 si
1525 2765 1594 2834 fieri
1608 2773 1715 2834 potest,
1735 2766 1821 2820 οοιάοι
1841 2768 1927 2822 electi.

230 2853 279 2903 bus
309 2851 524 2915 desolationem,
542 2850 621 2917 'quio
647 2850 791 2916 uidebant,
822 2868 850 2903 se
874 2852 976 2904 babere
999 2859 1063 2904 mm·
1090 2848 1218 2903 Ostendit
1240 2849 1341 2921 igitur,
1359 2851 1517 2922 generalem
1535 2851 1676 2920 quandam
1693 2850 1817 2907 futuram
1836 2870 1927 2910 corru-

224 2938 306 3006 ptum
325 2936 444 2990 Dmnini
469 2942 494 2988 et
519 2942 648 2988 externos
667 2937 854 3003 ceremoniam
878 2938 919 2990 ito
938 2937 1064 3006 ylarion-
1090 2933 1212 3005 ptionem
1231 2936 1410 2992 adhaeresce
1427 2941 1457 2991 et
1477 2937 1653 2992 seductiones
1670 2938 1775 3008 passim
1793 2938 1835 2994 ita
1852 2940 1927 2996 inva-

229 3021 438 3088 turPantiricii,
458 3023 535 3089 quod
553 3022 673 3075 labeant
690 3022 808 3090 antiyua
827 3023 939 3093 templo,
958 3024 1063 3093 spisso
1091 3021 1201 3090 lituras,
1228 3027 1260 3075 ut
1286 3021 1315 3076 in
1340 3021 1514 3093 paucissimis
1540 3040 1607 3078 vera
1631 3022 1701 3078 fides
1725 3024 1885 3080 inveniatur
1901 3033 1928 3082 et

224 3127 329 3179 porum
347 3109 546 3175 successiones,
576 3108 762 3178 apostolicam
788 3111 883 3162 sedem
904 3118 930 3163 et
952 3107 1062 3163 interim
1090 3113 1200 3177 practer
1217 3124 1322 3178 paucos
1338 3108 1442 3164 electos
1461 3125 1556 3164 omnes
1574 3108 1752 3165 seducantur.
1783 3110 1928 3175 Quomodo

228 3214 282 3250 non
311 3195 459 3249 amendant
486 3197 527 3248 od
553 3195 731 3264 Scripturas,
764 3212 835 3264 quos
862 3195 1063 3248 desolationem
1090 3211 1155 3248 vero
1187 3194 1239 3248 boc
1264 3195 1395 3248 convenit
1420 3210 1484 3248 cum
1512 3195 1690 3265 persuasione
1717 3195 1927 3253 Pontificiorum

227 3288 323 3350 operte
343 3281 526 3349 praedicunt.
567 3280 614 3335 Aa
629 3280 741 3352 singula
758 3280 943 3336 Bellarminus
961 3279 1064 3350 excipit
1090 3278 1126 3332 de
1144 3286 1255 3333 externo
1272 3278 1407 3334 ecclesiae
1427 3279 1585 3349 splendore,
1605 3279 1732 3335 claritate
1752 3288 1781 3336 et
1798 3283 1927 3354 amplitu-

231 3374 253 3424 1.
268 3366 374 3421 Locum
387 3366 460 3422 Dan.
475 3373 503 3430 9,
514 3386 539 3420 v.
554 3374 595 3423 27.
613 3367 689 3435 dicit,
707 3368 919 3435 intellipcndum
936 3384 994 3420 esse
1007 3386 1063 3421 non
1090 3364 1204 3419 dineilli
1212 3367 1366 3433 perpetua?
1385 3364 1467 3421 Hanc
1476 3366 1730 3435 interpretationem
1740 3374 1927 3426 nostrumnon

228 3457 264 3508 eis
275 3453 583 3521 temporeAnticlristi,
593 3471 648 3521 quo
658 3454 779 3520 inportu
789 3453 936 3507 Hilarium
947 3456 1062 3509 conti.
1089 3450 1218 3519 repudiat
1236 3449 1420 3522 Augustinus.
1456 3452 1526 3506 Cum
1545 3452 1618 3506 enim
1632 3451 1691 3506 loeo
1704 3453 1829 3522 proxime
1841 3457 1926 3511 citato

155 3591 161 3595 .
228 3540 259 3593 in
272 3540 451 3592 Matthaeum
471 3547 497 3593 et
511 3540 697 3608 Hippolytum
709 3557 743 3592 ao
755 3539 969 3608 Apollinarium
984 3541 1064 3607 opud
1090 3537 1195 3590 dictum
1218 3536 1287 3590 illud
1306 3538 1341 3592 de
1358 3536 1424 3592 iidei
1441 3538 1610 3607 perfectione
1627 3539 1826 3611 interpretatus
1844 3550 1924 3613 essai,

228 3627 429 3692 Hieronymum
447 3626 478 3677 in
496 3643 519 3678 e.
531 3628 557 3679 9.
570 3627 646 3679 Dan.
667 3627 797 3693 deceptos
815 3642 874 3679 esse
887 3627 993 3693 scribit,
1013 3628 1064 3678 scd
1089 3622 1171 3678 uliam
1197 3624 1291 3679 statim
1315 3625 1527 3694 explicationem
1546 3624 1704 3697 subjungit,
1728 3628 1804 3698 quod
1820 3631 1926 3686 scilicet

163 3721 165 3725 ’
227 3714 264 3765 de
284 3714 423 3765 macione
440 3710 602 3764 Jerusalem
626 3718 654 3763 et
679 3711 831 3764 cessatione
856 3712 994 3776 sacrificii
1009 3713 1063 3765 ,Ιο-
1087 3710 1189 3773 futura
1214 3711 1251 3764 sit
1275 3712 1408 3779 paucitas
1433 3713 1581 3778 bonorum,
1606 3712 1652 3766 vel
1676 3712 1788 3784 (inquit)
1804 3726 1926 3786 propter

228 3800 372 3853 dacorum.
404 3796 629 3865 Respondemus:
648 3810 698 3849 nos
715 3794 768 3849 boc
787 3796 943 3853 testimonio
960 3797 1064 3852 Danie-
1088 3795 1171 3851 illam
1185 3798 1344 3865 iniquorum
1356 3799 1558 3852 abundantiam
1568 3807 1595 3852 et
1609 3801 1781 3868 paucitatem
1790 3803 1925 3857 bonumne

228 3883 262 3937 lis
280 3882 309 3936 in
326 3882 378 3936 hac
396 3882 557 3954 quaestione
576 3899 632 3936 non
650 3881 767 3950 utimur,
788 3883 963 3953 agnoscimus
981 3883 1063 3948 enim,
1089 3882 1216 3937 Uiriatus
1236 3885 1341 3938 dicitas·
1357 3887 1404 3939 eia
1423 3893 1585 3954 reperturum
1598 3887 1694 3955 fidem.
1722 3885 1924 3945 InPsalm.60.

228 3968 390 4039 prophetam
417 3968 493 4038 loqui
515 3968 550 4023 de
575 3968 728 4023 cematione
746 3967 874 4023 sacrificii
893 3969 1062 4024 ludaeorum
1089 3987 1152 4024 cum
1172 3970 1338 4029 mentionem
1356 3970 1469 4027 iecisset
1486 3971 1584 4026 borum
1603 3973 1764 4040 verborum,
1792 3977 1924 4042 quoniam

229 4062 258 4110 et
274 4056 415 4111 eversione
435 4055 512 4111 urbis
529 4055 693 4118 Jerusalem,
712 4062 744 4108 ut
755 4071 788 4108 cx
802 4054 901 4111 Matth.
920 4061 962 4124 24,
981 4075 1006 4112 v.
1023 4063 1062 4113 15.
1089 4057 1243 4111 abundabit
1266 4057 1415 4127 iniquitas,
1440 4059 1607 4125 refriyaacet
1624 4058 1742 4127 caritas,
1760 4060 1922 4132 subjungit:

229 4141 420 4210 manifestum,
453 4158 508 4212 quo
539 4148 663 4211 tempore
692 4157 866 4212 synagogam
892 4141 1063 4197 ludaeorum
1091 4142 1150 4197 Sed
1167 4141 1221 4195 illa
1240 4142 1372 4209 ecclesio,
1402 4160 1475 4212 quae
1492 4143 1597 4196 claritat
1614 4161 1634 4196 a
1644 4144 1750 4212 finibus
1768 4153 1878 4212 terroe,
1895 4146 1924 4199 in

229 4228 362 4283 deiecisse
388 4227 499 4296 ipsimet
516 4226 656 4281 Pontificii
679 4227 823 4281 nobiscum
841 4233 973 4283 statuunt.
1009 4229 1062 4284 Rc·
1089 4230 1133 4283 lass
1151 4237 1207 4297 est,
1231 4230 1382 4298 dequibus
1399 4231 1525 4298 mquitur
1542 4230 1655 4285 dicem:
1683 4229 1738 4292 Qui
1754 4239 1848 4286 autem
1860 4250 1923 4302 per·

122 4329 156 4371 11.
172 4328 215 4371 tta.
228 4330 358 4369 vocamus
376 4319 468 4367 autem
479 4312 648 4367 Bellarmino
661 4313 691 4368 in
702 4313 870 4382 memoriam,
889 4313 1023 4385 quodlib.
1038 4313 1071 4370 s:
1089 4316 1257 4370 sormaverit
1273 4332 1360 4384 usquc
1378 4317 1419 4369 ad
1435 4317 1532 4380 mem,
1558 4317 1654 4370 salutes
1671 4317 1730 4371 erit.
1766 4316 1923 4388 Cyprianus

228 4401 263 4456 de
286 4399 385 4470 pontif.
410 4399 488 4454 Rom.
511 4414 534 4453 c.
561 4405 584 4452 t.
608 4398 683 4453 circa
706 4399 789 4455 finem
813 4400 930 4470 ipsemet
952 4400 1063 4470 scribat,
1090 4402 1172 4458 etiam
1189 4401 1219 4455 in
1236 4400 1299 4457 libr.
1325 4400 1360 4456 de
1383 4400 1500 4472 simplic.
1520 4402 1707 4472 praelatorum
1730 4403 1766 4458 dc
1785 4405 1924 4460 communi

228 4487 397 4541 antichristi
420 4493 543 4552 tempore
563 4493 682 4560 propter
701 4487 877 4540 atrocitatem
892 4488 1062 4554 persecutio·
1089 4487 1145 4543 lide
1168 4491 1327 4543 sanctorum
1345 4487 1418 4542 bunc
1438 4486 1528 4543 mcum
1547 4489 1752 4560 interpretatur.
1788 4492 1826 4544 Iu
1846 4492 1924 4545 nobis

227 4592 291 4627 num
310 4580 484 4626 cessaturum
500 4588 559 4624 esse
572 4571 716 4639 publicum
730 4581 756 4625 et
773 4573 966 4655 mmtidiangsm
978 4574 1062 4627 eccle·
1090 4574 1201 4646 (inquit)
1221 4574 1301 4644 uiyor
1309 4574 1385 4642 fidei
1401 4577 1544 4644 mnarcuit,
1562 4577 1733 4630 medentium
1749 4578 1838 4631 robur
1849 4578 1926 4631 elon·

227 4661 288 4714 siae
301 4660 479 4726 saorrflcc'um,
497 4657 582 4729 idque
594 4656 712 4727 probare
725 4665 840 4713 conetur
852 4676 886 4713 ex
897 4659 1007 4714 Daniel.
1023 4667 1063 4730 tt,
1089 4663 1163 4731 yuit,
1182 4661 1334 4714 etidcirco
1352 4661 1492 4715 Dominus
1509 4671 1639 4733 temporo
1656 4671 1754 4717 nostra
1771 4665 1925 4732 respiciens

228 4764 251 4800 v.
275 4753 320 4801 il:
347 4747 374 4797 A
393 4754 517 4813 tompore
539 4762 601 4796 crem
620 4745 744 4797 ablatum
761 4746 937 4814 fueritjuye
954 4747 1062 4811 sacriti-
1089 4749 1120 4800 in
1144 4747 1287 4814 euonyelio
1311 4765 1361 4801 areo
1385 4748 1471 4817 dicit,
1496 4750 1575 4812 lilius
1595 4750 1713 4804 laminis
1730 4767 1791 4804 cum
1811 4752 1924 4818 venera,

227 4833 299 4886 mum
328 4832 389 4885 dies
417 4833 498 4886 1290.
543 4831 613 4884 Item
641 4831 715 4900 quod
740 4831 1007 4902 ⁴inpio-Ramesses
1033 4834 1062 4888 in
1084 4842 1170 4903 putas
1192 4833 1311 4887 inueniet
1328 4835 1411 4898 tidem
1429 4835 1459 4886 in
1476 4837 1576 4890 terrai
1603 4837 1727 4889 etdcmm
1743 4838 1824 4904 fiori,
1848 4839 1925 4906 qssod

226 4925 320 4974 annot.
339 4916 436 4973 Matth.
450 4922 491 4972 24.
505 4915 652 4986 affirmem,
672 4917 724 4971 loc
735 4918 934 4987 principaliter
945 4921 1062 4988 implsu·
1088 4919 1139 4974 ille
1153 4920 1309 4987 praestitit.
1337 4920 1566 4991 Theopbylaetus
1582 4920 1684 4990 accipit
1699 4922 1772 4977 hunc
1785 4923 1878 4978 boum
1890 4924 1925 4978 de

227 5007 293 5059 dum
306 5022 364 5058 esee
379 5013 500 5072 tompore
514 5004 691 5071 sinticlristi,
705 5022 766 5056 mem
777 5005 948 5074 sacrificium
959 5007 1060 5060 musae
1088 5005 1257 5075 temporibus
1275 5005 1448 5075 Antichristi,
1468 5008 1569 5076 pumera
1588 5024 1717 5072 maynam
1735 5008 1862 5072 fidelium
1877 5029 1925 5063 ra·

223 5108 343 5160 prorsus
367 5091 529 5144 abolebitur.
578 5090 683 5153 Quodsi
707 5090 737 5144 in
761 5091 878 5146 ecclesia
905 5072 1200 5154 Christianairitatem
1221 5094 1287 5157 fore
1307 5092 1376 5148 dicit
1393 5101 1419 5147 st
1438 5091 1578 5148 Uiriatum
1596 5100 1740 5147 uenturum
1757 5095 1788 5147 in
1807 5096 1925 5151 entem

186 5223 191 5235 .
227 5176 259 5232 N.
284 5179 316 5232 T.
341 5194 448 5233 cessare
473 5183 565 5248 potest
584 5180 655 5248 juge
678 5178 843 5233 sacrificium
866 5186 893 5234 et
919 5180 1062 5249 publicum
1088 5196 1144 5231 non
1169 5179 1343 5234 inuenturum
1367 5197 1427 5234 esse
1443 5181 1534 5248 fimes
1557 5178 1588 5231 in
1609 5186 1696 5232 terra.
1733 5180 1836 5236 Glossa
1854 5184 1925 5238 ordi·

226 5262 312 5315 divini
332 5265 422 5317 cultus
440 5264 607 5332 exercitium,
627 5271 658 5318 ut
674 5264 857 5319 Bellarminus
876 5265 979 5320 ibidem
997 5280 1061 5319 eon·
1087 5264 1167 5319 uaria
1185 5281 1219 5320 ex
1236 5266 1329 5323 Beda:
1349 5266 1433 5328 Dico,
1452 5279 1497 5319 me
1506 5265 1658 5331 facturum
1674 5266 1829 5321 uindictam
1833 5269 1926 5338 irreto-

226 5346 307 5412 cedit,
325 5365 361 5401 an
378 5366 434 5402 non
451 5350 534 5403 suam
553 5350 581 5404 in
600 5349 718 5404 ecclesia
736 5350 856 5406 Judaioa
874 5351 996 5406 incidere
1012 5367 1062 5420 po·
1086 5369 1164 5418 rum,
1187 5354 1240 5406 scd
1263 5352 1312 5407 illi
1335 5359 1416 5407 auat
1439 5349 1641 5418 coimperat,
1665 5353 1732 5418 quic
1751 5371 1812 5407 cum
1831 5356 1862 5408 in
1879 5356 1927 5410 dis

226 5432 281 5485 tait
298 5437 406 5501 tempus
426 5435 571 5502 ejusmodi,
591 5441 623 5490 ut
640 5437 717 5491 nulla
728 5435 831 5491 fuerint
842 5436 967 5507 legitima
978 5435 1062 5491 saeri-
1072 5437 1193 5506 ·judios'i
1211 5439 1241 5493 in
1257 5441 1355 5506 forma
1367 5437 1429 5509 filii
1444 5435 1567 5491 nonne
1583 5452 1754 5506 apparuero,
1772 5447 1854 5494 tanto
1871 5443 1926 5496 erit

225 5517 290 5574 ficia
307 5516 344 5572 ab
360 5516 540 5577 idololatriois
548 5521 714 5592 corruptelis
726 5521 892 5592 impolluta?
909 5521 1061 5579 Confirm-
1072 5492 1076 5575 i
1087 5523 1196 5579 raritas
1212 5524 1362 5593 imtoeum,
1379 5530 1410 5577 at
1426 5537 1484 5577 aes
1498 5527 1558 5577 seer
1578 5521 1612 5577 ob
1629 5520 1779 5577 clamem
1790 5527 1926 5593 finenem
