4004 6022
762 243 814 300 DE
832 244 957 301 SACRA
974 245 1110 305 COENA.
1724 261 1781 321 ηδ

86 397 212 470 plenum,
236 405 312 453 recte
329 398 411 453 dicit:
436 397 489 453 hoc
508 405 551 453 est
569 416 680 467 surum,
708 416 759 455 nec
777 417 848 470 opus
868 405 918 466 est,
933 406 971 457 12.
989 400 1042 457 hoc
1059 401 1174 473 regerit,
1203 416 1307 471 corpus
1323 401 1432 458 Christi
1449 420 1505 456 oon
1523 420 1582 458 esse
1599 405 1631 459 iss
1642 423 1736 475 porse,
1753 415 1784 463 at

86 492 117 540 ut
132 484 226 551 addat,
244 485 298 538 hoc
316 490 358 538 est
376 484 546 553 marsupium
564 490 593 540 et
609 502 722 552 aurum,
742 486 790 557 qui
809 485 921 542 exhibet
932 462 936 573 Ι1
948 488 979 539 irs
998 503 1065 541 cese
1083 496 1132 540 aest
1149 489 1180 542 iss
1198 489 1276 555 ioco,
1294 490 1346 542 sed
1362 496 1394 543 et
1410 490 1567 543 mbetaotie
1586 491 1637 545 sab
1656 492 1783 546 eredes

86 586 195 625 saccum
216 568 309 624 tritico
329 570 450 640 plenum,
468 578 542 625 recte
562 571 643 625 dicit:
662 572 714 626 hoc
732 579 775 626 est
789 572 919 641 triticum,
932 594 935 649 j
946 573 1027 641 tibris,
1046 574 1164 642 ideoque
1180 575 1243 627 sole
1261 575 1422 628 accidentia
1440 592 1500 628 esse
1515 592 1575 630 rem
1594 577 1784 649 continentem,

83 672 223 726 aesopus
244 661 295 724 est,
315 660 348 709 ut
367 656 467 710 addat:
486 656 538 711 hoc
556 663 599 713 est
617 674 715 713 saccus
732 664 760 713 et
779 659 918 725 triticum3
933 652 988 711 'asi
1006 677 1122 727 quorum
1140 667 1244 713 motum
1261 668 1397 727 moretur,
1420 669 1446 713 et
1470 663 1511 715 ad
1534 678 1630 716 eoram
1652 664 1784 719 elevatio·

82 742 212 796 nimirum
238 743 305 813 quia
326 749 470 797 externum
493 743 637 798 continens
660 750 702 799 est
727 744 854 807 sensibus
872 744 1004 833 chysem
1028 745 1167 813 emetur,
1192 763 1226 798 ee
1254 748 1460 815 emptionem
1483 764 1580 800 eorum
1600 749 1718 816 desiuit,
1743 749 1785 805 its·

82 828 170 895 dum,
197 827 315 898 ideoque
340 834 372 881 ut
395 828 423 882 in
443 828 603 899 praedicato
622 829 777 884 intellectui
796 829 919 885 notifice-
931 836 934 913 ι
947 847 1006 883 esse
1025 847 1127 899 corpus
1148 831 1262 887 Christi.
1297 831 1521 902 Respondemus,
1546 833 1616 888 haec
1638 833 1784 891 manifeste

82 921 137 980 tar,
157 912 239 968 nulla
254 914 331 984 cogit
347 915 512 982 necessitas3
535 913 576 968 ita
600 931 710 985 quoque
729 913 857 969 Christus
875 920 1045 985 er·'petunt
1068 915 1242 986 principium.
1287 916 1418 981 Quamvis
1451 918 1524 972 enim
1554 936 1655 988 corpus
1680 919 1783 977 christi

82 999 170 1055 bibito
187 992 270 1069 pane,
291 999 319 1052 in
338 1015 394 1070 qno
412 1006 519 1054 etcum
538 1016 594 1070 quo
613 999 744 1054 exhibeat
762 1017 843 1054 suurn
860 1017 919 1056 cor·
947 1018 1002 1055 non
1020 1001 1102 1055 sitin
1119 1019 1192 1072 pane
1211 1011 1242 1057 ut
1260 1003 1290 1056 in
1310 1021 1375 1059 vase
1394 1011 1443 1058 aut
1461 1004 1490 1058 iu
1508 1004 1577 1072 loeo,
1595 1021 1629 1059 ex
1643 1023 1676 1060 eo
1689 1012 1783 1062 nmen

80 1102 140 1156 pas,
160 1092 239 1142 reete
256 1085 345 1140 dicitr
367 1086 419 1140 loc
436 1094 476 1141 eet
496 1103 599 1155 corpus
617 1103 714 1141 meum.
750 1085 835 1140 Panis
854 1086 917 1140 sub·
945 1086 1067 1141 nondum
1094 1088 1233 1158 sequitur,
1262 1090 1337 1159 quod
1360 1090 1396 1144 sit
1417 1090 1570 1145 subaudis
1589 1091 1782 1147 accidentibus

80 1171 183 1226 stantia
207 1187 264 1226 non
289 1172 326 1225 sd
353 1189 411 1227 rern
430 1177 603 1239 contentam,
632 1171 681 1226 sed
698 1171 735 1225 ad
754 1188 813 1226 rem
832 1171 918 1226 conti·
945 1173 1036 1243 panis‚
1055 1173 1138 1227 datur
1156 1174 1230 1229 enim
1248 1175 1375 1243 tertium,
1391 1176 1465 1246 quod
1484 1175 1590 1231 scilicet
1606 1178 1673 1246 pani
1691 1192 1782 1232 sacra·

80 1264 190 1313 moen
219 1257 357 1327 pertinet,
391 1257 457 1328 quia
485 1274 541 1311 non
567 1257 643 1311 nuda
667 1257 838 1324 accidentia,
868 1258 918 1311 sed
945 1258 1102 1313 mentaliter
1117 1258 1155 1313 sit
1171 1258 1288 1326 unitum,
1310 1276 1360 1329 per
1379 1275 1462 1330 quam
1481 1259 1610 1315 unionem
1630 1278 1681 1316 nec
1701 1263 1782 1332 panis

80 1342 238 1398 substantia
261 1342 344 1413 panis
367 1340 559 1396 accidentibus
584 1342 685 1397 vesum
712 1348 754 1396 est
774 1358 918 1413 organum,
946 1360 998 1399 nec
1021 1344 1145 1414 corporis
1172 1345 1345 1400 substantiae
1373 1346 1526 1416 quidquam
1544 1346 1667 1416 decedit,
1695 1349 1782 1402 conti·

80 1428 173 1502 ὄχημα
197 1444 233 1482 ac
255 1427 392 1494 medium,
416 1444 467 1496 per
492 1427 581 1498 quod,
609 1443 672 1481 cum
695 1443 750 1497 quo
770 1433 798 1483 et
816 1427 845 1480 in
863 1444 918 1497 quo
946 1447 1014 1485 nans
1041 1431 1127 1510 igitur
1153 1431 1276 1502 eorporis
1303 1431 1438 1502 (generali
1461 1433 1542 1487 modo
1560 1433 1702 1504 loquendi)
1726 1450 1782 1491 non

80 1513 257 1569 disnihuitnr
284 1528 385 1583 eorpus
411 1512 529 1575 Christi,
557 1513 586 1567 id
610 1513 685 1584 quod
709 1530 743 1567 ex
769 1513 824 1567 illis
849 1512 918 1582 ipsis
945 1521 1011 1571 sunt
1028 1518 1105 1570 nuda
1122 1518 1292 1581 accidentia,
1319 1518 1369 1572 sed
1389 1518 1545 1573 substantia
1561 1520 1641 1589 penis
1661 1520 1718 1574 suis
1736 1536 1780 1574 ae·

80 1598 223 1670 exemplis,
240 1614 313 1670 quae
330 1597 517 1653 Bellarminus
535 1606 624 1669 urget,
644 1598 733 1653 evinci
751 1605 852 1670 potest.
888 1597 917 1663 si
945 1603 1103 1658 cidentibus
1115 1604 1224 1671 vestita,
1243 1612 1275 1658 ut
1286 1609 1424 1659 testentur
1435 1603 1624 1676 evangelistae
1638 1612 1667 1661 et
1676 1605 1780 1660 Paulus

80 1685 151 1741 auhn
176 1684 336 1740 substantie
360 1685 441 1756 panis
464 1685 614 1754 pertineret
637 1684 740 1739 adres
765 1691 917 1752 contentas,
946 1706 1074 1759 expresse
1098 1690 1271 1745 nominantes
1297 1706 1406 1762 panem
1441 1690 1500 1746 Nec
1525 1691 1611 1746 ullam
1633 1692 1714 1747 video
1732 1692 1781 1747 ab·

80 1777 145 1826 tarne
166 1770 328 1825 abstantia
352 1770 435 1838 dolii,
459 1770 593 1839 marsupii
619 1777 647 1824 et
671 1771 744 1825 sacci
765 1770 860 1824 itidem
881 1770 917 1825 ad
944 1775 1109 1830 surditatem
1134 1777 1177 1831 val
1200 1777 1408 1846 necessitatem,
1436 1784 1549 1847 propter
1573 1795 1657 1849 quam
1678 1795 1781 1849 negan-

81 1873 122 1912 res
146 1862 294 1912 contentas
316 1855 480 1926 pertineret,
509 1856 604 1927 sicque
630 1873 686 1910 non
710 1863 786 1911 recte
803 1856 915 1924 diceret,
945 1862 1011 1915 dum
1035 1861 1086 1926 sit,
1114 1862 1195 1931 penis
1221 1863 1405 1918 substantiam
1428 1881 1489 1919 esse
1509 1881 1568 1918 sem
1585 1864 1780 1934 continentem,

81 1943 126 2014 qui
151 1942 258 1998 dolium
281 1946 310 1997 et
328 1942 423 1997 unum
451 1942 582 2013 porrigit:
609 1943 719 2012 accipe,
746 1942 800 1996 hoe
818 1946 861 1995 est
878 1941 916 1995 vi·
943 1947 972 2000 id
991 1954 1034 2001 est
1051 1965 1187 2019 organum
1208 1955 1237 2004 et
1253 1950 1383 2017 medium,
1403 1966 1453 2019 per
1470 1950 1545 2021 quod
1559 1949 1662 2004 Christi
1680 1967 1780 2020 corpus

81 2046 152 2099 num,
172 2029 224 2086 sad
242 2028 392 2084 dicandum
411 2029 437 2082 ei
457 2028 540 2084 foret:
559 2028 663 2099 accipe,
681 2028 736 2082 hoc
754 2034 797 2082 est
811 2026 916 2082 dolium
942 2034 1173 2088 communicetur.
1209 2033 1290 2100 Quod
1308 2034 1382 2089 enim
1398 2034 1480 2090 trties
1491 2035 1677 2090 Bellarminus
1690 2043 1780 2107 urget,

81 2123 109 2171 st
126 2115 240 2186 rinnm3
265 2115 314 2185 qai
336 2115 491 2186 porrigeret
514 2115 544 2168 in
564 2114 638 2169 dolio
657 2114 753 2168 vinum
770 2121 799 2168 et
816 2113 915 2181 oleum,
941 2121 1027 2173 cerba
1047 2119 1163 2183 Christi,
1183 2121 1310 2189 accipite,
1331 2122 1413 2189 edita
1430 2122 1481 2175 loc
1501 2130 1541 2175 cst
1560 2139 1662 2191 eorpus
1682 2140 1779 2187 meam,

81 2218 132 2257 non
149 2208 229 2258 reete
244 2201 362 2256 neae:
385 2200 496 2271 accipe,
520 2202 573 2255 hoc
595 2208 636 2256 ast
654 2201 748 2255 sinum
769 2208 798 2255 st
816 2200 915 2268 oleum,
942 2214 992 2259 eut
1008 2223 1103 2260 reram
1122 2207 1331 2271 (essentialem)
1350 2208 1530 2261 mutationem
1544 2209 1639 2276 persis,
1657 2217 1708 2263 aut
1724 2226 1778 2262 ms·

81 2287 126 2344 sed
150 2286 302 2343 (licendum
325 2286 351 2341 ei
374 2285 460 2340 foret:
486 2287 597 2357 accipe,
627 2286 679 2342 hoc
698 2293 741 2341 est
763 2285 867 2340 dolium
888 2291 917 2340 et
942 2293 1117 2361 raptoricam
1139 2300 1246 2345 tentum
1267 2293 1389 2361 inferre,
1411 2293 1441 2346 in
1463 2311 1495 2348 eo
1514 2294 1544 2347 ri
1565 2295 1689 2356 litante
1706 2312 1779 2350 com·

82 2373 170 2430 oleam
187 2379 218 2429 et
233 2373 337 2439 vinnm,
355 2379 387 2428 ut
406 2389 500 2427 omnes
518 2389 562 2428 res
581 2378 724 2428 contentas
743 2372 914 2442 exprimeret
943 2378 1043 2446 mittit,
1068 2378 1151 2433 datur
1177 2378 1252 2432 enim
1276 2377 1403 2441 tertium,
1435 2379 1511 2449 quod
1542 2380 1672 2435 videlicet
1697 2382 1779 2450 panis

81 2459 142 2516 Jssn
159 2475 228 2515 vero
245 2457 373 2514 emeris
389 2457 591 2523 Bellarminue,
616 2465 645 2513 et
661 2459 813 2513 concedere
831 2457 915 2512 etiarn
943 2470 1064 2518 mutatus
1082 2463 1168 2518 fuerit
1185 2463 1430 2519 sacramentaliter.
1461 2464 1590 2519 Becanue
1602 2465 1630 2519 in
1645 2465 1779 2535 disputat.

18 2544 73 2591 1111-
82 2547 201 2618 cogitur,
223 2561 286 2600 eum
306 2545 401 2616 quiin
422 2544 497 2599 dolio
515 2544 610 2598 vinum
630 2543 756 2613 exhibet,
782 2550 856 2598 recte
874 2544 915 2598 di·
943 2549 979 2602 de
996 2548 1071 2618 tripl.
1091 2564 1179 2603 coena
1195 2548 1338 2618 exclamat,
1356 2549 1410 2602 trae
1429 2552 1581 2604 assertione
1601 2569 1653 2604 ries
1672 2552 1778 2619 impres·

43 2638 47 2644 '
83 2648 154 2687 cere:
184 2632 296 2702 accipe,
322 2631 375 2684 boc
402 2636 445 2686 est
466 2631 576 2696 vinum,
605 2639 690 2701 atque
714 2648 791 2697 eum,
820 2630 869 2701 qni
886 2629 916 2683 in
943 2637 1042 2688 denter
1061 2634 1091 2687 iss
1110 2643 1207 2688 casea
1229 2635 1458 2696 Chirioiamrssm
1472 2637 1602 2700 transire,
1621 2638 1778 2705 quiits'dam

83 2717 153 2773 (10110
170 2717 270 2772 Vinum
287 2723 317 2772 01
331 2717 424 2772 oleum
443 2716 785 2781 01111101,1001011100101
812 2715 916 2785 accipe,
941 2728 1079 2789 statuant,
1101 2737 1207 2788 penem
1232 2724 1423 2776 tautummodo
1448 2724 1704 2792 sacramentaliter,
1725 2723 1777 2779 Iseo

81 2803 128 2867 hoc
154 2809 199 2858 est
222 2802 314 2858 oleum
333 2810 363 2858 et
379 2802 487 2866 rmum,
517 2803 540 2856 si
557 2802 602 2858 vel
620 2802 737 2856 maxime
756 2819 811 2856 non
829 2801 916 2856 faciat
942 2815 982 2860 est
1008 2807 1195 2873 siquisiectioe
1219 2816 1245 2860 et
1261 2808 1431 2875 fiqrrrotivs,
1460 2824 1519 2862 esse
1543 2826 1644 2878 eorpus
1665 2809 1777 2863 Christi.

81 2905 237 2962 expressm
264 2880 333 2944 dolii
358 2889 541 2959 mentionem
569 2889 705 2944 concedat
731 2905 797 2958 ergo
821 2887 913 2950 etiam
940 2892 1028 2964 Atqui
1046 2893 1125 2947 novit
1140 2892 1268 2949 Becanus
1285 2894 1330 2948 vel
1350 2900 1424 2948 certe
1442 2894 1551 2949 novisse
1571 2894 1663 2962 debet,
1682 2912 1778 2950 vocem

82 2975 220 3031 Chnstam
244 2981 321 3030 reete
338 2975 441 3030 dixisse
459 2974 582 3030 exhibito
597 2974 625 3028 in
642 2991 714 3045 pane
731 2973 915 3029 eucharistico
941 2978 1177 3033 sacramentaliter
1196 2978 1305 3034 diverso
1325 2996 1407 3033 sensu
1427 2995 1445 3032 a
1460 2979 1540 3035 nobis
1552 2981 1679 3050 usurpari
1693 2997 1777 3051 quam

82 3078 126 3117 mo
144 3078 276 3132 corpore:
300 3061 436 3129 aecipite,
454 3063 544 3129 edite,
567 3060 620 3114 tor
636 3069 678 3113 est
696 3077 798 3129 corpus
816 3076 913 3125 meum,
930 3082 958 3126 ,a
981 3056 1161 3120 calvinianis.
1196 3065 1254 3121 Nos
1279 3064 1392 3135 quando
1415 3082 1514 3134 panem
1539 3066 1776 3122 sacramentaliter

81 3149 103 3202 si
122 3148 170 3204 vel
194 3147 313 3202 maxime
335 3149 364 3202 in
386 3147 549 3217 praedicato
571 3163 628 3200 non
651 3145 737 3200 faciat
757 3161 914 3214 expressam
930 3167 1001 3206 esse
1016 3150 1119 3206 Christi
1138 3166 1238 3222 corpus
1256 3152 1411 3214 asserimus,
1429 3151 1482 3207 hoc
1500 3151 1633 3219 volumus,
1652 3153 1727 3223 quod
1746 3153 1777 3207 in

81 3236 159 3305 panis
178 3234 356 3289 mausum.
390 3233 428 3288 111
440 3233 674 3304 quemadmodum
687 3232 720 3295 11,
740 3231 788 3302 qui
800 3236 914 3301 accepto
940 3238 993 3294 hoc
1011 3237 1186 3292 sanctissimo
1204 3244 1375 3292 sacramente
1394 3237 1474 3306 panis
1494 3237 1531 3291 sit
1547 3244 1690 3292 externum
1702 3255 1775 3307 sym-

81 3320 153 3376 dolic
170 3320 229 3375 vini
245 3319 330 3391 pleno
348 3319 474 3388 audient,
494 3318 598 3389 welpo,
619 3319 672 3373 1100
684 3324 727 3373 011
737 3318 840 3380 nuum,
858 3335 914 3371 non
929 3324 1047 3386 hoium,
1072 3341 1123 3394 per
1146 3323 1222 3394 quod
1242 3329 1356 3379 etcum
1379 3340 1435 3394 quo
1459 3339 1559 3393 eorpus
1584 3322 1688 3378 Christi
1710 3341 1775 3379 rere

80 3406 199 3462 meiat
223 3406 292 3462 dolii
318 3406 348 3461 in
370 3406 466 3461 vinum
492 3404 843 3468 trtnwubttentitfionems
869 3402 914 3457 101
939 3427 1070 3481 praesens
1102 3408 1299 3477 distribuatur,
1334 3407 1497 3463 exhibeatur
1526 3415 1555 3463 et
1583 3410 1774 3474 manducetur,

80 3491 251 3548 mhmfiu
275 3491 343 3548 dolii
364 3491 543 3560 desitionem;
572 3490 614 3545 ita
634 3507 745 3562 quoque
769 3489 913 3545 audientes
935 3497 1022 3567 juxte
1045 3495 1223 3552 werdonem
1255 3495 1371 3550 christi:
1404 3496 1491 3560 ediis,
1519 3496 1571 3549 tor
1600 3502 1642 3548 est
1671 3511 1774 3563 eorpus

79 3579 206 3635 11110011
223 3595 324 3635 coena:
352 3579 483 3648 Mam,
508 3578 658 3645 0010θᾶ110,
682 3579 734 3632 100
751 3584 792 3631 011
810 3592 912 3644 00111100
939 3601 1035 3647 meum,
1053 3581 1189 3637 ctPauli:
1204 3583 1301 3651 passis,
1319 3583 1578 3651 quemsrossqimus‚
1591 3586 1774 3636 estxosrertrr

79 3684 177 3736 murs,
195 3683 252 3721 non
270 3665 436 3721 somniernns
454 3664 534 3734 panis
552 3664 581 3718 in
597 3680 698 3735 corpus
712 3663 815 3719 Christi
826 3670 913 3718 trans·
939 3671 1068 3739 corporis
1089 3669 1202 3723 aristi.
1238 3668 1294 3724 Sed
1316 3667 1471 3723 Calviniani
1494 3685 1595 3738 panem
1620 3682 1774 3723 sacramen

79 3753 352 3821 mmfiffifflems
376 3753 421 3808 101
446 3752 618 3807 1111101111οθ
641 3752 721 3822 001111
739 3751 911 3806 1001110100·
938 3757 1030 3812 taliter
1047 3773 1107 3811 esse
1124 3772 1225 3826 corpus
1245 3755 1346 3809 Christi
1363 3761 1518 3812 asserentes
1535 3755 1590 3810 hoc
1602 3754 1656 3808 sibi
1668 3754 1774 3824 volunt,

77 3839 106 3895 Si
130 3840 223 3907 dieu,
248 3839 324 3894 unde
346 3839 415 3894 terii
436 3839 522 3892 timus
546 3839 581 3894 de
606 3838 658 3892 hac
679 3836 824 3897 rivulive·
849 3853 912 3890 011111
938 3843 1013 3916 quod
1033 3842 1114 3913 panis
1132 3842 1169 3896 sit
1185 3842 1296 3914 signum
1314 3847 1343 3896 et
1360 3841 1451 3913 figura
1467 3842 1591 3911 corporis
1605 3840 1707 3895 Christi
1725 3839 1774 3896 ab·

77 3925 217 3982 Pontifieii
236 3941 326 3997 seque
346 3924 455 3980 fortites
473 3940 524 3995 pro
542 3940 594 3979 sua
605 3923 912 3980 usuuubstsncistions
936 3930 1029 3985 sentis.
1064 3928 1143 3984 Haec
1166 3928 1222 3984 duo
1245 3927 1406 3998 longissime
1424 3927 1542 3984 invicem
1562 3926 1666 3981 distare
1683 3925 1775 3982 Beca·

77 4018 217 4084 pugnent,
242 4010 455 4081 respondemus:
480 4011 560 4081 panis
583 4011 766 4066 substantiam
788 4027 846 4064 non
866 4010 912 4065 de·
937 4033 989 4070 nus
1016 4016 1076 4087 ipse
1101 4013 1199 4077 norit,
1221 4014 1295 4068 uude
1318 4030 1373 4067 non
1397 4014 1434 4067 de
1456 4012 1578 4082 duplici,
1606 4012 1655 4066 sed
1671 4011 1774 4081 triplici

77 4098 168 4164 siisse,
199 4096 245 4153 rel
274 4097 304 4151 in
336 4112 436 4168 corpus
466 4096 570 4153 Christi
601 4103 814 4151 transmutatam
842 4114 911 4165 esse,
937 4119 1037 4170 eosne,
1061 4101 1224 4156 Lutherana
1245 4098 1364 4163 scilicet,
1394 4097 1541 4154 Pontificia
1558 4105 1587 4154 et
1603 4096 1775 4168 calviniana,

77 4185 176 4240 docem
207 4181 297 4238 verba
326 4182 560 4256 evangelistarum
591 4190 619 4237 et
641 4182 723 4237 Pauli
749 4183 860 4253 proprie
884 4188 913 4237 et
937 4189 1066 4244 &finem
1085 4186 1261 4242 tractandum
1282 4202 1342 4240 esse
1358 4185 1473 4240 censuit
1797 4178 1805 4193 ‘

77 4271 136 4326 sine
152 4269 212 4326 ullo
229 4275 311 4339 tropo
329 4275 458 4340 accepta,
483 4285 555 4339 quae
576 4269 657 4339 panis
679 4267 845 4324 mentionem
870 4267 910 4322 ia·
977 4279 1032 4330 136.
1067 4272 1149 4327 Hanc
1172 4270 1398 4327 sacramentalem
1421 4272 1502 4342 panis
1524 4271 1704 4326 mutationem
1728 4271 1773 4327 vel
1786 4288 1891 4331 esclus-

75 4356 166 4419 cinnts
189 4354 271 4411 nohis
294 4371 361 4426 ergo
377 4354 483 4409 sufficit
500 4355 553 4410 hoc
572 4355 634 4409 loco
653 4356 811 4422 ostendere,
836 4354 911 4425 quod
937 4359 1030 4430 potius
1048 4358 1179 4413 unionem
1196 4357 1318 4426 eorporis
1330 4356 1433 4412 Christi
1451 4374 1515 4411 cum
1533 4375 1607 4428 pane
1625 4358 1702 4428 (quia
1713 4374 1773 4411 mu·
1785 4343 1884 4442 §ms

76 4441 162 4497 rerba
177 4440 283 4497 Christi
299 4457 356 4495 non
373 4440 495 4495 interant
514 4441 670 4496 necessario
690 4440 813 4512 aliquam
830 4439 911 4510 panis
937 4446 1007 4502 tatio
1032 4445 1081 4499 illa
1104 4444 1311 4498 sacramentalis
1338 4444 1367 4497 in
1385 4461 1418 4499 eo
1436 4444 1517 4500 unies
1534 4444 1672 4511 consistit,
1697 4443 1772 4514 quod
1783 4459 1810 4500 x
1823 4453 1868 4502 tta
1961 4470 1963 4474 ⁸

77 4526 352 4594 mbstsntiationem,
378 4526 428 4582 sed
451 4528 679 4582 sacramentalem
703 4536 811 4582 tantum
830 4526 910 4596 penis
936 4531 1018 4602 panis
1047 4530 1246 4586 eucharisticae
1273 4545 1322 4599 per
1348 4528 1567 4585 benedictionem
1594 4547 1612 4584 a
1632 4527 1772 4583 communi
1784 4539 1836 4569 ⁰⁰¹⁰
1851 4541 1886 4572 ⁸·-

78 4619 105 4670 et
121 4614 246 4685 eorporis
265 4611 369 4668 Christi
385 4613 524 4674 unionem,
542 4631 605 4668 curn
623 4619 651 4668 et
668 4613 748 4684 panis
768 4618 797 4667 et
816 4628 910 4682 corpo·
937 4635 990 4672 usu
1008 4623 1209 4688 sequestratur,
1226 4621 1258 4669 ut
1275 4615 1311 4669 sit
1327 4613 1428 4685 ὄχημα,
1446 4611 1569 4688 ὄργανον
1588 4632 1621 4669 ac
1641 4613 1772 4681 medium,
1783 4591 1886 4675 gillia

77 4701 113 4755 ἡ
129 4715 214 4756 rosas
231 4699 337 4770 absque
355 4700 413 4755 ullo
430 4706 511 4770 tropo
528 4700 557 4753 in
575 4699 659 4771 hujus
671 4697 809 4755 Dominici
827 4702 910 4752 testa·
936 4720 987 4774 per
1004 4702 1093 4774 quod,
1117 4718 1181 4756 cum
1197 4717 1252 4770 quo
1271 4707 1299 4755 et
1317 4701 1347 4754 in
1365 4716 1421 4771 quo
1440 4718 1540 4772 corpus
1559 4699 1661 4755 Christi
1679 4698 1771 4753 dutri-
1783 4694 1874 4785 ξξξρῖζ

77 4785 162 4842 menti
179 4784 274 4840 serbis
290 4785 470 4856 accipiendae
486 4785 549 4840 sint
586 4785 730 4841 Monemns
750 4789 843 4839 autem
862 4784 910 4839 de·
937 4790 1053 4855 buntur,
1072 4788 1250 4850 exhibeatur,
1268 4787 1479 4856 manducauit),
1504 4788 1576 4841 hanc
1596 4787 1710 4857 inquam
1729 4801 1772 4839 sa·

77 4888 138 4942 nso,
157 4871 236 4943 qnod
253 4877 282 4925 et
302 4872 429 4942 superius
447 4872 617 4927 admonitum
628 4872 689 4940 fuit,
709 4871 843 4941 exemplis
856 4871 910 4926 illis
937 4874 1133 4930 eramentalem
1156 4874 1236 4944 panis
1261 4880 1289 4929 et
1314 4873 1438 4944 corporis
1463 4873 1565 4926 Christi
1590 4871 1718 4926 unionem
1743 4876 1774 4926 et

76 4974 123 5013 uos
148 4957 191 5013 uti
213 4973 270 5013 nos
291 4964 404 5028 propter
428 4957 602 5012 identitatem
620 4956 779 5027 specificam
800 4957 910 5012 unionis
926 4979 970 5028 ‚ex
986 4960 1040 5015 heo
1057 4960 1238 5016 resultantem
1254 4959 1491 5030 praedicationem
1508 4957 1708 5013 declaravimus
1726 4974 1771 5012 su·

75 5045 151 5116 (quia
179 5059 281 5113 corpus
312 5043 414 5098 Christi
445 5059 621 5114 nequaquam
647 5050 690 5097 est
712 5043 740 5097 in
759 5060 834 5114 pane
849 5051 909 5099 tan-
935 5047 1028 5117 perius
1047 5043 1075 5120 ᾖ.
1094 5053 1136 5104 93.
1153 5063 1186 5101 ax
1203 5045 1239 5100 D.
1257 5044 1418 5101 Chemnicio
1435 5044 1543 5113 aliquot
1561 5040 1692 5112 exemplis
1711 5047 1773 5097 turm

75 5146 157 5201 quarn
174 5129 206 5183 in
226 5144 291 5184 vase
308 5127 434 5185 localiter
450 5128 607 5197 inclusum),
625 5128 674 5182 sed
693 5135 808 5200 propter
826 5147 909 5201 gene·
936 5151 969 5189 ar
988 5133 1145 5203 Scripturis,
1164 5137 1223 5185 tum
1241 5148 1275 5186 ex
1293 5131 1457 5202 quotidiana
1474 5128 1606 5199 loquendi
1626 5134 1772 5184 consuetu·

74 5216 158 5272 rslam
183 5215 295 5270 unionis
322 5221 450 5271 naturam
477 5220 505 5268 et
530 5214 643 5268 modum
669 5215 849 5283 praedicandi
874 5234 909 5272 ac
935 5219 1000 5272 dine
1016 5217 1118 5288 petitis.
1152 5216 1277 5271 Primum
1298 5217 1455 5272 desumtum
1475 5214 1529 5268 fuit
1546 5231 1580 5269 ex
1597 5213 1715 5269 articulo
1732 5212 1770 5269 de
1783 5223 1892 5316 haftam·

74 5301 205 5374 loquendi
223 5316 257 5355 ex
274 5318 308 5356 ea
323 5301 519 5368 resultantem
545 5300 657 5358 veritas,
671 5316 738 5370 ergo
756 5307 785 5356 et
801 5303 909 5359 contor-
934 5321 1051 5376 persona
1069 5304 1179 5372 Christi,
1200 5319 1284 5374 quem
1301 5303 1477 5359 collationem
1495 5302 1612 5356 duarum
1630 5318 1722 5357 rerum
1739 5301 1769 5356 in
1780 5286 1890 5377 {ruffi

74 5389 152 5445 nitas
171 5387 390 5460 praedicationis
408 5387 568 5459 quaerenda
585 5392 701 5443 estnon
718 5387 747 5441 in
763 5387 911 5447 identitate
934 5391 1102 5448 eucharistia
1129 5389 1365 5445 sacramentaliter
1394 5388 1534 5443 unitarum
1566 5405 1630 5443 oum
1659 5388 1770 5445 duabus
1783 5380 1847 5422 ¹¹⁸⁰·

72 5472 216 5546 spsaifim
239 5473 290 5528 sed
310 5472 450 5546 generice.
486 5473 603 5529 Frustra
619 5472 706 5545 igitur
723 5472 908 5532 Bellarmirsus
934 5480 1041 5534 naturis
1058 5478 1087 5532 in
1099 5475 1211 5533 Christo
1228 5473 1409 5548 personaliter
1426 5473 1513 5529 unitis
1525 5491 1582 5530 non
1593 5473 1771 5532 Chemnicius
