4004 6022
811 247 872 305 ,nu
891 247 1082 308 mutuam
1720 264 1784 322 503

100 400 328 472 Respondemus:
348 408 370 458 1.
390 402 565 474 Augustinus
583 403 631 458 lib.
649 408 722 460 cont.
739 419 781 474 ep.
796 402 932 458 Fundam.
944 403 947 445 ¹
954 407 1197 474 praedicandum,
1223 407 1267 460 ael
1284 406 1402 461 mitium
1427 425 1446 461 a
1464 409 1529 462 Deo
1547 426 1603 479 per
1623 411 1785 466 ordinarios

102 503 126 541 c.
147 494 172 545 4.
188 493 218 543 et
238 495 261 543 5.
282 488 404 559 loquitur
424 489 459 544 de
475 490 614 545 miraculis
626 490 758 546 ecclesiae
771 490 932 561 primitivae.
956 493 1110 559 praelatos,
1127 493 1171 547 osi
1185 494 1411 548 entraordinarie
1426 511 1446 547 a
1462 495 1524 549 solo
1538 498 1619 563 Deo,·
1637 498 1785 566 etquidem

104 576 192 628 Tenet
214 574 326 645 (inquit)
345 591 387 628 me
407 576 440 628 in
455 576 585 630 seolmiae
604 578 709 644 premio
727 567 869 630 ιοιιιὶιιιιο
882 595 933 647 po·
958 579 1009 647 qui
1025 580 1144 633 mittitur
1157 595 1213 648 per
1231 579 1410 633 ordinarium
1422 581 1593 649 praelatum,
1607 583 1685 637 dedet
1696 591 1784 636 omen·

47 674 89 718 tlt
99 663 234 732 palorum
247 671 330 731 atque
340 665 470 730 pontium,
483 672 555 716 tenet
568 664 724 717 auctoritas
734 663 880 717 mosculis
891 664 933 716 in·
959 664 1027 717 dere
1043 666 1224 719 testimonium
1246 665 1391 719 ordinarii
1394 666 1532 734 praelati,
1541 668 1673 721 nimirum
1684 669 1783 721 litans

102 749 213 818 oleato,
231 763 282 817 eps
296 749 541 817 ntentameruase
558 757 651 817 aucto,
669 750 933 815 amarulente-maio.
959 749 1020 818 ejus
1041 751 1136 819 sipillo
1152 751 1280 804 munitas.
1315 750 1372 814 Qui
1386 768 1452 806 uero
1472 753 1590 806 meditm·
1608 770 1626 805 o
1641 755 1784 821 roloDeo,

101 835 167 890 lam
183 833 321 890 vercelis
335 833 458 889 estratio
470 834 604 889 ecclesiae
615 835 784 905 apostolicae
795 851 829 890 ac
839 833 932 905 primi·
959 837 1038 890 dehet
1057 837 1202 890 scandere
1218 837 1343 904 ιίριιὶιιιιι
1360 838 1432 901 Dei,
1460 841 1537 907 quod
1552 839 1624 893 nibil
1644 847 1684 891 est
1701 839 1784 892 aliud

101 921 190 989 tiras,
216 936 300 991 quam
319 925 472 991 temporum
489 927 697 991 postremorum.
732 920 777 976 De
795 920 932 975 miraculis
958 939 1041 991 quam
1056 922 1230 975 miraculum.
1263 920 1312 975 Sic
1328 923 1400 975 enim
1411 922 1613 978 dieiturllarc.
1624 940 1649 980 c.
1663 930 1709 979 16:
1728 924 1784 978 Illi

104 1008 134 1062 iu
158 1006 300 1077 primitiva
322 1007 442 1062 ecclesia
464 1006 579 1062 edendis
597 1012 707 1063 entant
723 1007 855 1061 vaticinia
869 1023 932 1078 pro·
956 1007 1081 1076 profecti
1100 1008 1336 1078 praedicaverunt
1355 1008 1455 1077 ulique
1472 1009 1596 1064 Domino
1616 1018 1783 1079 cooperante

101 1093 215 1165 phetica
232 1092 305 1149 Esai.
326 1099 374 1163 35,
391 1111 417 1148 r.
436 1100 460 1149 5.
477 1094 548 1150 Joel
566 1100 596 1163 2,
615 1112 642 1152 v.
660 1099 700 1150 28.
722 1099 774 1150 etc
791 1094 866 1166 quod
883 1111 933 1148 au·
958 1102 984 1148 st
1000 1110 1151 1148 sermonem
1165 1096 1345 1162 confirmante
1356 1096 1531 1164 sequentibus
1544 1097 1641 1166 sipns's.
1661 1094 1747 1151 Hebr.
1760 1101 1784 1151 2.

101 1188 157 1237 tem
175 1185 320 1250 postremis
338 1179 471 1235 ecclesiae
488 1179 658 1250 temporibus
673 1180 843 1235 miraculae
859 1179 931 1234 reris
958 1187 1123 1234 commtante
1142 1185 1204 1234 Deo
1223 1181 1311 1249 eipnia
1325 1181 1517 1237 atristutibue.
1545 1183 1575 1238 d.
1588 1183 1784 1236 Testimonium

101 1266 261 1323 doctoribus
284 1265 422 1321 ordinarie
442 1266 498 1320 siut
517 1267 639 1336 menda,
666 1266 791 1338 nuspiam
808 1266 838 1320 in
858 1265 931 1322 Scri·
956 1265 1125 1334 Aupustini,
1142 1267 1192 1334 qui
1208 1266 1272 1323 libr.
1291 1269 1335 1320 22.
1354 1268 1391 1320 de
1408 1268 1459 1322 oie.
1478 1268 1536 1321 Dei
1552 1285 1575 1322 o.
1596 1272 1620 1320 8.
1638 1269 1716 1333 dicit,
1734 1269 1784 1321 mi-

100 1352 191 1423 pturis
208 1357 307 1421 exstat,
325 1351 392 1423 quin
411 1350 505 1422 potius
520 1351 686 1407 contrarium
697 1352 725 1406 in
736 1350 791 1406 illis
803 1351 929 1420 babetur,
956 1353 1057 1407 rocula
1062 1353 1157 1420 faisse
1170 1354 1339 1417 necessaria,
1350 1361 1380 1406 ut
1393 1354 1510 1407 mundus
1522 1355 1654 1408 credent
1679 1358 1702 1408 4.
1715 1355 1783 1409 Con·

101 1438 177 1508 quod
197 1437 304 1492 scilicet
318 1438 579 1508 pseudoprophetae
596 1443 625 1493 et
642 1438 833 1492 Antichristus
850 1438 931 1492 mira·
956 1453 1065 1491 sensam
1088 1438 1219 1508 Philippi
1241 1438 1449 1502 Melantlonis,
1476 1439 1526 1508 qui
1542 1440 1573 1493 in
1592 1457 1615 1492 c.
1632 1443 1659 1494 3.
1680 1441 1782 1495 Mattl.

101 1523 172 1578 culis
196 1523 254 1578 suis
278 1522 378 1577 multos
406 1524 461 1578 siut
482 1523 623 1578 seductori
648 1523 746 1578 Mattb.
771 1530 819 1590 24,
840 1542 866 1578 ι.
889 1529 931 1580 24.
958 1525 1041 1591 dicit,
1066 1512 1181 1594 mando
1205 1541 1323 1592 mapnas
1341 1531 1405 1577 runt
1421 1525 1565 1589 tenebrae,
1585 1527 1683 1579 uocari
1698 1544 1783 1581 nosos

102 1615 127 1665 2.
143 1608 242 1668 Tbess.
262 1614 291 1677 2,
310 1627 336 1664 r.
357 1615 381 1666 9.
420 1615 446 1667 2.
461 1610 638 1680 Ἀιιςιιιιᾰιιιιι
656 1609 794 1664 miraculis
811 1627 867 1664 non
884 1608 931 1663 tri·
958 1611 1086 1664 doctorsa
1103 1618 1129 1665 et
1146 1627 1254 1681 semper
1270 1627 1290 1662 ιι
1310 1613 1372 1663 Deo
1392 1612 1465 1664 addi
1484 1611 1636 1681 miracula,
1659 1622 1690 1666 ut
1709 1620 1784 1666 certo

102 1696 164 1750 buit
186 1695 372 1765 apodicticam
397 1701 425 1750 et
448 1695 620 1750 infallibilem
646 1695 701 1750 rim
725 1696 868 1751 ecclesiam
885 1697 931 1750 de·
957 1696 1085 1766 miamue,
1103 1713 1160 1752 esse
1178 1699 1274 1750 oDeo
1287 1698 1394 1752 missos.
1420 1695 1642 1766 Respondemus:
1665 1704 1686 1753 1.
1704 1699 1784 1756 Nova

102 1781 287 1848 monstrandi,
317 1780 366 1836 sed
389 1780 523 1836 duntaxat
542 1780 729 1853 probabilem,
753 1782 833 1837 addit
850 1782 932 1851 euim,
957 1781 1026 1838 fides
1050 1781 1154 1854 duplici
1178 1781 1284 1838 ratione
1304 1781 1345 1837 sic
1364 1781 1475 1852 dicitur,
1499 1785 1544 1837 vel
1563 1784 1637 1856 quod
1657 1784 1781 1855 nituere,

101 1867 125 1920 si
156 1866 313 1922 Manichaei
353 1883 386 1922 ex
416 1866 566 1938 scripturis
595 1869 783 1923 demonstrare
811 1875 931 1939 possent,
957 1870 995 1938 spi
1016 1863 1095 1934 εἶναι,
1119 1885 1205 1937 nora,
1226 1868 1271 1922 rel
1290 1868 1366 1939 quod
1383 1876 1553 1937 apparenter
1572 1868 1719 1940 duntaxat,
1745 1873 1781 1940 τῷ

102 1970 185 2024 quam
209 1953 342 2023 Jectitant
360 1954 520 2024 ueritatem,
541 1971 571 2010 se
593 1955 664 2010 velle
683 1955 774 2009 miecio
793 1955 932 2010 miraculis
957 1961 1123 2028 φαίνεσθαι,
1140 1969 1220 2010 nora.
1255 1953 1345 2026 Saepe
1361 1954 1434 2009 enim
1454 1953 1498 2019 lit,
1517 1954 1591 2027 quod
1610 1956 1715 2028 aliquid
1732 1973 1779 2012 no-

101 2047 130 2095 et
156 2039 233 2103 aliis,
268 2056 339 2110 quae
370 2040 473 2096 ibidem
503 2048 712 2110 commemorat,
743 2040 780 2096 ad
810 2042 931 2112 ipsorum
957 2058 1023 2096 rum
1041 2040 1148 2106 dicitiu,
1167 2040 1278 2112 quando
1292 2046 1447 2111 renovatur,
1466 2057 1528 2095 cum
1549 2048 1642 2097 umen
1660 2043 1696 2096 sit
1711 2043 1780 2098 snti-

102 2131 196 2194 partes
219 2126 343 2182 bannire.
386 2126 476 2197 Apud
499 2144 548 2182 uos
578 2126 690 2197 (inquit)
715 2128 777 2181 solo
796 2136 932 2197 paeonat
957 2143 1050 2200 quum.
1087 2130 1114 2180 2.
1133 2128 1238 2182 Missio
1256 2128 1487 2181 extraordinaria
1503 2126 1598 2182 itidem
1618 2128 1721 2198 duplici
1739 2145 1781 2184 ra-

100 2212 231 2265 seritotis
248 2212 428 2282 pollicitatio,
451 2229 522 2282 quae
539 2214 651 2281 quidem
668 2213 696 2265 si
712 2221 769 2267 tam
783 2215 932 2280 manifesta
958 2216 1032 2270 uene
1055 2214 1171 2284 dicitur,
1192 2214 1237 2269 rel
1258 2221 1387 2284 respectu
1405 2213 1516 2267 ordinis
1532 2221 1598 2266 mene
1616 2215 1647 2267 in
1665 2216 1784 2269 eeclesia

100 2305 286 2366 monstratur,
310 2307 341 2352 ut
363 2299 393 2353 in
412 2299 527 2353 dubium
542 2299 637 2353 uenti-e
652 2317 709 2353 non
720 2300 827 2369 possit,
845 2318 931 2370 pras·
952 2302 1066 2372 pallies
1086 2301 1199 2370 recepti,
1215 2299 1260 2354 vel
1276 2307 1403 2370 respectu
1414 2300 1526 2354 ordinis
1538 2317 1557 2352 a
1570 2301 1633 2355 Deo
1647 2301 1782 2372 instituti,·

97 2385 235 2452 ponenda
252 2392 292 2438 est
308 2386 390 2439 rebius
407 2385 467 2439 illis
486 2385 625 2454 omnibus,
651 2387 750 2455 quiduis
766 2387 796 2439 in
815 2387 933 2440 secuda
956 2387 1006 2441 illa
1022 2392 1130 2458 spectat
1146 2387 1183 2441 ad
1202 2385 1372 2457 corruptelas
1387 2385 1472 2456 vulgo
1485 2392 1610 2455 receptas
1623 2386 1782 2457 abolendas,
1795 2394 1843 2436 m
1856 2393 1901 2438 ιιι.

101 2470 241 2524 oatlolica
269 2478 370 2525 teneor.
415 2474 439 2525 3.
464 2471 506 2524 Ex
532 2471 597 2525 solis
622 2470 761 2526 miraculis
787 2471 930 2544 ecclesiam
956 2473 1025 2528 haec
1052 2472 1089 2527 ad
1110 2472 1229 2537 cultum,
1256 2487 1338 2542 quem
1359 2470 1435 2527 Deus
1455 2471 1586 2539 instituit,
1611 2472 1782 2530 mutandum.

101 2556 292 2626 demonstrari,
308 2555 436 2628 nuspiam
455 2555 523 2611 dicit
533 2557 716 2628 Augustinus,
734 2557 784 2613 sed
802 2559 889 2613 terreri
901 2576 931 2612 se
956 2559 1001 2613 Ad
1020 2557 1103 2614 tidem
1119 2574 1201 2613 sensu
1219 2556 1309 2627 priore
1325 2572 1425 2612 noram
1443 2564 1471 2613 et
1483 2558 1520 2613 ad
1533 2557 1689 2613 missionem
1701 2576 1783 2614 seusu

100 2643 130 2697 in
154 2643 273 2699 ecclesia
297 2643 432 2699 catholica
454 2643 619 2699 auctoritate
636 2643 775 2698 munculis
794 2644 930 2713 inchoata,
955 2643 1107 2716 posteriore
1124 2643 1366 2699 extramdinariam
1383 2642 1518 2697 miracula
1533 2644 1644 2716 requiri,
1662 2646 1782 2715 probant

101 2729 282 2784 consensione
299 2729 463 2803 populorum
481 2745 514 2783 ac
532 2730 665 2800 gentium,
683 2729 856 2785 successione
874 2730 931 2802 epi·
956 2735 1120 2803 argumenta
1148 2749 1166 2786 a
1192 2729 1360 2786 Bellarmino
1385 2729 1472 2785 allata
1493 2731 1527 2798 (si
1557 2735 1650 2785 tamen
1677 2731 1784 2804 aliquid

100 2830 261 2884 scoparum,
285 2815 396 2869 nomine
418 2814 570 2869 catholicae
588 2821 640 2871 eto.
669 2813 717 2870 ubi
735 2831 786 2871 nec
803 2815 863 2871 sola
880 2817 930 2871 mi·
955 2818 1099 2890 probant);
1124 2817 1174 2873 sed
1200 2823 1296 2872 nostra
1314 2816 1399 2884 fides,
1426 2834 1509 2889 quam
1528 2815 1701 2889 profitemur,
1729 2837 1785 2873 non

100 2901 197 2955 racula
220 2905 428 2969 commemorat,
455 2915 507 2955 uec
529 2899 703 2954 infallibilem
726 2900 931 2957 demonstrandi
955 2911 999 2962 est
1021 2922 1107 2976 nova,
1129 2904 1179 2960 sed
1203 2920 1254 2976 per
1276 2905 1370 2961 omnia
1394 2904 1541 2959 conformis
1564 2904 1694 2975 antiquae
1719 2904 1785 2959 fidei

100 2987 157 3041 vim
181 2986 236 3041 illis
252 2986 363 3053 tribuit,
391 2986 441 3042 sed
459 2987 626 3045 enumeratis
643 2987 771 3043 omnibus
786 2989 931 3045 veritatem
956 2991 985 3046 iu
1005 2990 1255 3063 Scripturisnsacris
1272 2990 1440 3062 propositae,
1455 3007 1494 3045 ao
1510 2990 1604 3045 missio
1623 2990 1738 3044 liutheri
1756 2997 1784 3046 et

100 3089 134 3129 ex
153 3071 304 3144 Scripturis
321 3072 538 3127 demonstratam
554 3073 682 3144 praefert
718 3077 743 3128 4.
762 3073 797 3129 Si
814 3082 930 3129 anteso-
956 3077 1073 3133 eliorum
1093 3075 1297 3149 symmistamm
1319 3093 1375 3131 non
1394 3075 1447 3130 fuit
1466 3074 1683 3131 extraordinaria
1700 3094 1782 3131 sensu

99 3161 204 3214 chrias
227 3157 456 3228 approbationem
476 3176 533 3212 non
546 3167 638 3228 potest
653 3175 712 3213 sose
731 3168 834 3214 emtum
851 3161 931 3215 certi-
956 3164 1118 3235 postefiore,
1138 3163 1187 3218 sed
1203 3160 1350 3226 ordinaria,
1369 3177 1436 3232 ergo
1454 3178 1509 3215 non
1527 3160 1631 3217 debent
1647 3160 1784 3215 Pontificii

100 3247 200 3300 tudine
209 3245 284 3314 fidei
300 3247 337 3298 de
353 3244 414 3315 ulla
429 3245 576 3312 noemia,
592 3247 670 3314 quod
685 3245 832 3301 silueram
845 3248 930 3301 miro·
956 3249 1090 3307 ιιιὶιιιιιιΙι
1114 3247 1250 3321 quaedam
1269 3254 1382 3303 externa
1396 3262 1414 3301 a
1431 3247 1509 3302 nobis
1527 3246 1646 3317 exigere.
1683 3246 1784 3315 “ffic-

99 3333 193 3387 oulum
219 3331 307 3403 (quod
338 3329 447 3385 disertis
472 3328 563 3385 verbis
587 3329 639 3385 boe
662 3331 724 3385 loco
746 3331 931 3388 Bellarmiuus
956 3353 1041 3391 cauus
1057 3335 1093 3390 de
1109 3341 1199 3391 vocat
1217 3334 1333 3389 ministr
1351 3333 1390 3388 th.
1409 3339 1456 3388 45:
1476 3332 1590 3387 Christo
1608 3332 1679 3386 inter
1693 3341 1784 3386 cetera

99 3418 219 3486 mserit),
237 3435 294 3491 qua
302 3417 425 3473 veritatis
443 3417 536 3488 specie
555 3417 610 3472 dici
627 3424 727 3489 potest,
740 3434 775 3473 ex
789 3419 929 3476 miraculis
956 3422 1097 3477 missionis
1120 3421 1272 3489 praesidio
1300 3420 1392 3473 odluc
1419 3435 1489 3487 opus
1515 3419 1606 3483 fuisos
1628 3419 1783 3476 miaoutis

98 3504 245 3560 eeclesiam
263 3502 464 3559 demonstrarii
955 3510 1043 3587 Atqui
1072 3514 1095 3564 1.
1116 3507 1250 3565 waceio
1268 3505 1424 3563 deficiunt'
1416 3522 1446 3559 m
1465 3504 1632 3576 quibusdam
1649 3507 1781 3576 personis,

134 3597 194 3648 279.
228 3590 396 3659 Videamus,
429 3588 566 3661 quomodo
596 3587 781 3645 Bellnrminus
811 3591 930 3662 probare
955 3602 1051 3668 utpote
1069 3594 1194 3670 Aarone,
1219 3591 1362 3664 prophetis
1381 3597 1434 3647 etc.
1458 3596 1483 3646 2.
1504 3589 1662 3645 deficiunt
1653 3608 1682 3646 ιιι
1701 3592 1782 3646 certis

47 3674 59 3744 ζ
99 3688 228 3741 conetur,
254 3675 388 3731 miracula
405 3693 465 3732 esse
481 3691 576 3731 reram
592 3680 621 3729 et
638 3676 778 3747 propriam
797 3677 930 3734 ecclesiae
955 3681 1110 3752 actibus,
1102 3698 1132 3735 m
1156 3679 1258 3751 quibus
1276 3678 1334 3755 sine
1353 3677 1433 3750 signo
1451 3676 1586 3732 creditum
1604 3677 1658 3732 fuit
1676 3676 1784 3733 Christo

47 3776 84 3816 ere
98 3771 203 3819 notam.
243 3763 436 3818 Fundamenta
461 3761 615 3834 praemittit
632 3762 703 3816 duo:
729 3778 829 3829 uuum,
853 3767 930 3833 prena
955 3766 1170 3827 eSemaritanis
1196 3764 1259 3822 lob.
1279 3771 1310 3835 4,
1335 3762 1781 3820 ι.42.Ριιι1οιιΒιιο“ιιιιὶ1ιιιι

47 3828 67 3858 ²
97 3850 239 3904 meraculo
257 3851 314 3904 um
330 3850 490 3904 maauaie
508 3851 549 3903 aa
565 3864 665 3903 nosen
681 3850 765 3913 imm
782 3851 928 3905 eamea-
954 3858 1049 3912 Actor
1077 3860 1122 3921 ιι,
1143 3871 1168 3907 v.
1191 3858 1231 3907 11
1249 3849 1662 3920 emunctorium.
1697 3849 1782 3905 Petro

97 3936 277 3991 ords'umm
315 3952 473 3990 musetum
505 3937 755 4005 ptrwudtuwut
802 3936 928 4008 alterum,
955 3937 1249 4011 aHierosolymitanis
1268 3936 1363 3992 Acto'r.
1386 3941 1416 4000 2,
1437 3953 1462 3993 v.
1481 3940 1522 3991 31.
1557 3934 1682 4005 Apollini
1700 3952 1718 3989 a
1732 3936 1782 3991 Ju-

95 4026 175 4092 qaod
197 4024 252 4076 sint
269 4023 402 4090 efficacia
421 4030 447 4075 et
464 4022 647 4086 sufficientia.
688 4022 736 4074 Eu
749 4022 850 4092 priore
864 4024 929 4092 pol·
954 4028 1031 4082 dacis
1048 4026 1141 4080 Actor.
1162 4030 1208 4095 18,
1233 4043 1260 4081 r.
1279 4029 1320 4080 28.
1355 4020 1518 4079 Necessario
1538 4025 1566 4075 et
1584 4019 1721 4092 perpetim
1738 4037 1782 4075 co-

94 4111 205 4178 lieetur,
222 4125 253 4162 se
273 4110 535 4177 danonsooturum,
552 4125 609 4162 non
624 4111 782 4178 esseapud
794 4111 928 4164 aduersu·
954 4112 1096 4168 haerentia
1121 4127 1263 4183 nunquam
1291 4108 1466 4164 divelluntur.
1502 4105 1542 4160 At
1561 4105 1641 4176 signa
1658 4112 1686 4160 et
1703 4122 1783 4160 voca·

94 4196 155 4250 rios
173 4195 335 4264 molosiam,-
360 4213 392 4249 eu
404 4195 578 4264 posteriore,
595 4211 657 4247 sam
674 4195 754 4264 apud
769 4196 929 4251 Romanen-
954 4198 1036 4252 tionis
1056 4197 1185 4268 probatio
1210 4194 1384 4250 divelluntur.
1423 4192 1476 4247 His
1495 4192 1599 4246 ultimis
1616 4192 1784 4261 temporibus

97 4299 143 4336 ses
182 4298 248 4335 asse.
303 4282 359 4336 Pro
392 4279 598 4336 confirmatione
629 4281 728 4351 prioris
756 4280 929 4338 fundamenti
954 4302 1010 4339 non
1031 4289 1142 4355 poterat
1159 4280 1268 4337 vocatio
1287 4279 1447 4335 immediata
1466 4277 1604 4333 miraculis
1621 4275 1785 4345 confirmari,

93 4367 224 4440 producit
252 4372 274 4422 1.
303 4366 460 4422 testimoma
490 4366 655 4438 Seripouae
699 4367 788 4424 Exod.
816 4376 840 4425 t.
867 4386 928 4424 eum
957 4377 979 4426 1.
1005 4369 1071 4442 quis
1093 4369 1172 4423 Deus
1190 4366 1323 4422 miracula
1341 4366 1370 4420 in
1387 4365 1468 4438 signu
1487 4362 1628 4420 constituit
1644 4363 1783 4418 Antichri-
1898 4357 1901 4364 '

94 4454 209 4522 Moyses
233 4453 390 4507 mitteretur
413 4472 432 4507 ιι
457 4455 521 4508 Deo
540 4455 581 4507 ad
594 4454 734 4523 populum
751 4472 786 4508 ao
806 4455 926 4510 diomet:
954 4463 997 4511 sto
1014 4455 1112 4510 Mattb.
1131 4460 1180 4524 24,
1198 4473 1224 4509 r.
1244 4458 1286 4509 24.
1319 4457 1343 4508 2.
1361 4450 1459 4507 Thess.
1478 4456 1506 4521 2,
1526 4467 1553 4505 r.
1572 4455 1597 4506 9.
1631 4453 1655 4504 2.
1674 4449 1785 4504 Placuit

93 4559 152 4594 non
168 4541 281 4594 ersdou
298 4538 470 4608 mitiusque
491 4540 609 4593 audient
626 4557 719 4594 uocem
740 4556 847 4609 msam,·
871 4559 928 4594 non
954 4543 1015 4599 Deo
1037 4541 1128 4598 varios
1151 4540 1254 4614 agendi
1274 4539 1370 4593 modos
1387 4539 1416 4592 in
1434 4554 1520 4592 causa
1536 4535 1602 4591 iidei
1621 4536 1686 4590 olim
1704 4554 1783 4591 usur·

93 4627 242 4696 respondit
268 4626 317 4680 illi
338 4628 432 4696 Deus,
458 4627 557 4679 ᾱιόιιιι
581 4629 695 4680 credere
719 4627 804 4680 velint
827 4628 928 4696 nolint,
953 4636 1034 4701 patos
1065 4628 1161 4683 tollere
1188 4633 1217 4682 et
1241 4625 1365 4681 homines
1389 4624 1474 4679 verbo
1499 4622 1684 4693 adstringere,
1710 4624 1784 4695 quod

93 4715 146 4767 sed
164 4713 243 4766 dedit
261 4712 310 4766 illi
328 4719 493 4781 potestatem
515 4712 649 4776 facundi
665 4713 806 4768 miracula
826 4721 852 4768 et
869 4715 926 4768 ait:
954 4715 1037 4772 stim
1059 4714 1089 4768 in
1106 4713 1186 4769 clade
1203 4709 1368 4767 Anummti
1387 4725 1439 4766 eeu
1458 4709 1514 4764 oris
1530 4708 1658 4780 spiritum
1676 4708 1782 4762 adhibi-

93 4808 124 4853 ut
151 4801 284 4867 credant,
306 4799 384 4866 qaod
399 4798 568 4867 apperuerit
585 4798 639 4850 tibi
656 4800 806 4854 Dominae.
843 4799 880 4854 Et
897 4799 927 4853 in
953 4806 1032 4855 turus
1050 4805 1110 4856 erat
1126 4798 1258 4856 nunes.
1277 4803 1301 4866 2,
1320 4814 1346 4852 v.
1366 4802 1391 4853 8.
1421 4793 1555 4860 a.0eusa‚
1574 4793 1783 4865 obquamolim

93 4885 129 4942 Ν.
146 4883 181 4938 Τ.
199 4882 298 4939 unuh.
320 4889 365 4939 ro:
392 4884 500 4938 mama
512 4884 681 4953 praeeesse
699 4886 838 4941 ateana:
868 4887 928 4956 Ap·
953 4885 1088 4941 mineus
1104 4889 1134 4942 et
1150 4886 1232 4957 signe
1248 4882 1382 4954 aquata
1396 4887 1469 4946 sunt,
1487 4897 1543 4936 non
1554 4887 1614 4936 eret
1625 4881 1689 4949 elia,
1702 4897 1784 4951 quem
1827 4885 1834 4896 ‘

86 4970 295 5042 propinquavit
328 4986 445 5039 repnum
478 4971 631 5039 coelorum,
665 4971 792 5036 intrusos
821 4980 927 5040 carate,
954 4972 1021 5045 quia
1040 4972 1164 5029 homines
1182 4968 1352 5043 propheticis
1370 4967 1508 5023 vaficiniis
1526 4983 1558 5022 eo
1576 4965 1786 5021 remittebantur

90 5065 217 5112 WW
233 5056 378 5123 mim,
396 5057 523 5126 ²⁶Pf⁰⁸0⁸
541 5058 689 5120 mundans
707 5059 858 5113 daemones
876 5059 929 5128 sp'i·
953 5059 1028 5114 Esui.
1047 5064 1095 5125 35,
1118 5076 1146 5113 r.
1164 5063 1188 5114 t.
1219 5056 1303 5111 Dent.
1322 5059 1368 5123 18,
1390 5072 1416 5108 s.
1434 5059 1476 5110 22.
1498 5069 1651 5125 quaecum
1671 5066 1721 5107 nos
1739 5052 1785 5107 de

90 5146 154 5200 cite.
191 5142 257 5199 Joh.
286 5149 330 5198 15:
365 5142 399 5196 si
421 5159 510 5212 opera
534 5160 591 5196 non
615 5143 746 5205 fecissem
772 5145 826 5213 eis,
854 5161 928 5214 quae
954 5145 1065 5210 stituat,
1088 5161 1180 5215 neque
1198 5142 1324 5200 Obrutus
1347 5140 1400 5196 boc
1417 5138 1508 5196 medio
1528 5139 1652 5194 doctores
1669 5137 1798 5208 probare·

89 5248 171 5283 nemo
196 5229 272 5283 alius
289 5229 368 5297 feeit,
382 5237 530 5297 peccatum
546 5229 757 5286 cantaberunt.
788 5235 813 5287 2,
832 5230 926 5302 Arga-
950 5231 1066 5300 jubeat,
1090 5231 1128 5286 ab
1153 5247 1186 5287 eo
1211 5237 1345 5301 tanquam
1369 5225 1491 5282 electitio
1507 5225 1604 5280 memte
1622 5223 1787 5280 desistimus.

90 5322 228 5372 mentum
267 5314 323 5378 Qui
344 5316 477 5383 mittitur,
506 5316 584 5369 debet
607 5318 755 5372 ostendere
771 5318 928 5372 mtimonio
954 5315 1105 5372 Grodicius
1122 5316 1152 5370 in
1170 5321 1243 5389 post
1261 5333 1290 5387 p.
1310 5320 1374 5371 184ι
1404 5312 1552 5369 Mirueula
1569 5318 1634 5366 sant
1648 5312 1787 5376 infallibi-

91 5403 164 5472 ep'us,
177 5419 197 5455 a
208 5417 263 5471 qao
274 5401 402 5469 meatur,
415 5418 495 5455 usam
506 5400 711 5467 auctoritatem,
725 5402 838 5473 dliopui
846 5420 928 5458 nemo
953 5404 992 5458 lis
1015 5412 1124 5459 tmesra
1141 5404 1303 5462 immediato
1318 5401 1411 5457 monti
1426 5419 1446 5455 a
1463 5401 1536 5455 Deo.
1570 5395 1700 5453 Oosterus
1716 5397 1789 5455 dom.

91 5493 200 5543 tamur
218 5486 429 5557 eumrmipsrc
460 5486 558 5541 Onne
575 5494 666 5544 mitem
683 5489 930 5559 psimittiturad
956 5489 1072 5548 tadu.
1097 5507 1126 5562 p.
1148 5495 1198 5548 sor
1234 5491 1328 5546 Dessm
1346 5483 1687 5545 nmnotatslssullosin
1705 5483 1789 5540 ceole

1405 5592 1461 5647 ὅθ’
1795 5595 1873 5656 fl
