4004 6022
156 268 227 343 etta
758 276 1264 338 noousvreusrnusrnrnus

41 445 126 488 essu·
203 436 261 491 2⁰5.
278 432 438 508 Religiosae
455 435 623 492 adorationis
640 436 745 492 cultum
762 453 819 492 non
839 452 899 492 esse
910 439 997 490 exter·
1025 433 1137 506 aliquod
1155 434 1269 490 istomm
1286 434 1479 507 requisiturum
1500 435 1585 508 desit,
1612 438 1751 510 quomodo
1771 439 1857 513 iqn‘tnr

39 498 143 591 {iffi
168 508 212 575 nii
237 521 370 594 symbolis
393 524 476 596 hujus
501 524 664 580 sacramenti
683 522 877 593 deferendum,
901 520 997 577 confir·
1023 526 1212 577 consecratum
1228 537 1328 592 panem
1348 522 1590 580 sineidololstriae
1602 523 1727 595 periculo
1740 526 1856 584 adoran·

40 602 130 692 ξξὶξζῑ,
145 606 275 685 ‘mamus
304 611 483 682 sequentibus
509 611 691 684 argumentis:
718 617 739 666 t.
768 610 844 666 Deus
870 604 1088 680 nuspismtdum
1114 607 1290 680 proponunt?
1319 607 1515 665 Bonaventura
1536 610 1565 665 in
1587 610 1721 685 breviloq.
1739 618 1811 689 part
1830 619 1855 672 6.

39 664 144 745 ueruto-⁸
168 694 312 768 praecepit
335 698 414 768 panis
438 698 590 753 consecrati
620 698 823 766 adorationem,
849 704 892 752 est
912 655 1047 768 igiturlc.
1073 699 1097 750 9.
1121 700 1231 766 praeter
1252 695 1373 751 animum
1395 694 1453 752 sive
1470 695 1650 754 intentionem
1669 699 1857 757 consecrantis

39 765 98 799 Μ’
164 782 399 854 ’ἐιιιοιρησκεια,
428 801 499 855 quae
525 784 577 856 ipsi
603 802 659 840 non
685 784 825 856 probatur.
861 789 885 843 2.
911 772 1152 852 Panistrsquirts,
1183 787 1215 845 ut
1242 782 1324 835 etiam
1347 780 1517 838 instituentis
1543 782 1645 839 Christi
1672 802 1749 841 mens
1771 792 1864 861 atque-

166 874 230 940 post
241 870 474 927 consecrationem
485 871 696 927 eucharisticam
708 877 802 927 manet
813 888 893 927 verus
907 869 995 941 panis,
1008 852 1011 903 ἶ
1022 865 1138 921 intentio
1163 867 1331 925 attendatur.
1368 870 1408 922 Et
1430 869 1547 924 intentio
1572 869 1681 943 (inquit)
1700 874 1857 943 requiritur

164 960 198 1010 ut
216 957 341 1028 superius
368 957 584 1013 demonstratum
607 957 675 1028 fuit,
702 964 745 1013 est
765 957 850 1030 igitur
870 963 1009 1019 ereatura,
1023 961 1048 1006 ct
1078 952 1238 1008 intentionis
1269 954 1410 1021 requlatio
1435 971 1491 1025 per
1516 958 1608 1021 tidem.
1651 957 1794 1016 lohannes
1821 961 1856 1017 de

161 1040 225 1098 Dei.
261 1040 391 1114 Quisquis
405 1043 520 1113 proinde
533 1044 722 1100 adorationem
735 1043 829 1117 dirigit
841 1061 895 1098 non
907 1044 994 1099 solum
1007 1032 1010 1079 ¹
1021 1038 1115 1111 Burgo
1140 1040 1230 1095 varios
1260 1056 1340 1094 casus
1360 1047 1522 1113 enumerat,
1544 1043 1573 1098 in
1593 1043 1693 1117 quibus
1712 1047 1855 1104 transsub-

150 1128 201 1183 ''ad
219 1125 369 1195 Christum,
388 1130 436 1186 sed
456 1131 538 1186 etism
557 1130 592 1186 ad
611 1146 723 1201 panem,
742 1130 766 1184 is
781 1139 900 1200 praeter
918 1147 994 1184 erca-
1006 1154 1009 1259 1
1021 1127 1161 1182 stantiatio
1179 1127 1335 1198 impeditur,
1354 1135 1450 1201 utpote
1463 1133 1642 1202 quandoper
1654 1134 1854 1204 neqliqentiam

148 1220 251 1269 'torem
271 1214 369 1271 adorat
387 1212 650 1286 etiamereaturam,
666 1217 870 1286 Rom.1,s.25.
907 1221 930 1273 3.
945 1216 994 1270 Di·
1020 1213 1144 1267 ministri
1165 1232 1239 1284 aqua
1262 1234 1317 1268 non
1335 1217 1455 1285 ponitur
1477 1216 1506 1270 in
1525 1218 1628 1282 calice,
1655 1222 1769 1289 quando
1789 1222 1852 1278 solo

163 1298 265 1372 iscipnli
289 1299 391 1356 Christi
417 1302 445 1357 in
468 1303 558 1375 prima
580 1321 674 1360 sacrae
701 1320 801 1360 coense
823 1303 995 1359 institutione
1021 1317 1096 1369 aqua
1124 1300 1184 1354 tint
1212 1303 1276 1355 vino
1303 1301 1332 1354 in
1357 1320 1388 1355 ιο
1400 1304 1534 1373 Ponitur,
1560 1322 1620 1358 “tm
1635 1306 1722 1377 Ραηῑι
1741 1324 1774 1361 ⁶³
1793 1309 1855 1363 alla

165 1387 309 1443 audientes
336 1404 353 1442 a
374 1389 506 1461 magistro
523 1406 587 1446 suo:
611 1391 751 1461 Accipite,
775 1393 862 1458 edite,
885 1391 937 1444 hoc
955 1399 995 1443 est
1021 1403 1104 1455 quam
1129 1386 1239 1440 lrt'lt'oea
1255 1389 1363 1457 sallia
1385 1391 1542 1459 ⁶0⁷ts⁰⁶i¹t⁸r
1569 1408 1630 1445 eum
1655 1408 1747 1461 “im
1770 1396 1854 1464 0⁰Pi⁰

165 1490 267 1545 carpam
286 1491 392 1543 mersm,·
419 1476 514 1544 bibite,
542 1478 593 1532 hoc
618 1485 658 1531 est
682 1478 798 1546 sanquis
822 1494 914 1546 cneus,
938 1464 1078 1531 noniuini
1096 1481 1229 1526 naturam
1247 1473 1392 1528 vincitaut
1405 1483 1500 1544 mutat,
1514 1494 1575 1530 cum
1586 1476 1678 1531 einum
1693 1479 1777 1549 acuit,
1792 1498 1853 1535 essm

155 1558 295 1633 'teguntur
312 1567 424 1617 externa
444 1562 571 1635 symbola
589 1562 667 1634 panis
682 1563 776 1620 etvini
790 1565 927 1628 adorasse,
944 1563 993 1618 sed
1005 1540 1008 1595 ἶ
1020 1560 1151 1613 tredecim
1166 1576 1258 1629 panes
1275 1561 1305 1614 in
1324 1562 1416 1615 altari
1427 1570 1588 1634 ponuntur,
1607 1565 1742 1618 sacerdos
1761 1573 1852 1620 arcem

160 1645 244 1717 jum
265 1647 425 1704 mandatum
450 1647 550 1704 chrigfi
572 1649 773 1705 manducarunt
798 1666 832 1704 20
855 1648 994 1717 biberunt,
1020 1653 1126 1698 teritum
1139 1647 1175 1699 ds
1188 1646 1336 1700 duodecim
1349 1649 1701 1721 consecrandiscoqitaoit,
1715 1668 1768 1721 quo
1784 1670 1853 1706 casu

162 1730 250 1789 um
272 1732 310 1801 14,
329 1752 355 1791 v,
377 1738 417 1791 23⁸
455 1741 479 1791 4,
492 1734 600 1807 corpu,
619 1735 720 1792 christi
737 1754 793 1791 non
810 1742 853 1792 est
870 1734 994 1805 loqaliter
1019 1731 1113 1785 nullus
1133 1732 1244 1786 omnino
1262 1741 1439 1787 consecratus
1457 1743 1591 1803 censetur,
1610 1754 1672 1790 cum
1689 1738 1774 1791 corba
1788 1756 1852 1794 con-

164 1817 193 1873 1„
215 1836 300 1889 pane,
326 1837 416 1891 neque
439 1828 482 1877 est
503 1823 568 1877 unio
588 1823 739 1893 personali„
758 1824 829 1878 inter
848 1838 947 1894 panem
967 1828 995 1877 et
1018 1818 1183 1871 sacrationis
1207 1826 1256 1871 aut
1278 1818 1494 1873 dissimulantur
1514 1828 1562 1874 ant
1581 1823 1852 1894 praetermittuntur,

166 1922 266 1977 corpu,
288 1904 402 1976 Christi,
429 1908 477 1963 ,ed
497 1909 621 1965 (jhm-,tus
644 1910 673 1964 i„
697 1909 803 1966 ,ctione
824 1910 873 1964 1113
895 1908 993 1965 eucha.
1005 1894 1007 1989 ζ
1019 1908 1070 1958 etc.
1097 1902 1210 1958 Summa
1225 1903 1361 1976 Argolica
1372 1904 1400 1959 in
1415 1905 1499 1960 verbo
1513 1907 1684 1962 eucharistia
1695 1911 1818 1967 membro
1829 1917 1851 1968 1.

162 1991 259 2049 ,5⁸15oe
293 1995 477 2064 praesentiam
510 2014 587 2051 ,uam
616 1997 748 2068 peculiari
774 1997 856 2052 modo
888 1989 1137 2069 gratiaelplurima
1149 1991 1259 2046 omnino
1274 1992 1487 2047 consecrationis
1497 1993 1630 2064 requisita
1638 2003 1769 2064 recenset,
1784 2013 1850 2071 quo·

163 2078 286 2135 instituit
302 2097 335 2134 ao
353 2081 485 2152 promisit.
520 2083 594 2155 Ergo
613 2088 644 2138 ut
658 2082 798 2139 lsrailitae
811 2100 865 2137 non
878 2064 1079 2156 lignumlrum
1103 2093 1157 2131 ⁰11⁰
1182 2077 1327 2133 deficiente
1350 2095 1405 2133 non
1429 2078 1478 2133 fill
1495 2079 1774 2138 l1⁸¹¹⁸⁸¹¹b⁸l⁸ssfi⁸ll0·
1812 2085 1851 2140 Al

161 2181 219 2223 non
249 2183 362 2233 aurum,
397 2186 453 2224 non
483 2168 631 2224 Cherubim
667 2186 748 2225 arcae
778 2169 914 2234 foederis,
944 2156 1080 2263 seditiuis
1094 2164 1474 2235 ⁸It0⁰i⁸i⁰ie⁸10ddii00fi⁰⁸r
1491 2164 1540 2219 illa
1557 2165 1850 2239 Omnialmffliilffler

161 2253 254 2309 Deum
284 2254 374 2326 ipsum
407 2261 526 2324 tantum,
556 2256 604 2327 qui
634 2255 817 2327 praesentiam
847 2273 925 2311 suam
954 2251 1178 2329 ibippraesertim
1195 2267 1260 2305 vero
1279 2250 1458 2306 intentionem
1477 2253 1684 2307 consecrantis?

161 2339 339 2412 promiserat,
364 2340 531 2414 adorabant;
559 2342 599 2398 ita
622 2360 732 2415 quoqne
757 2343 881 2398 adoratio
900 2340 1007 2425 nostrai
1054 2343 1111 2392 ²06·
1140 2336 1323 2393 Bellarminns
1344 2336 1391 2392 llb-
1418 2344 1441 2393 4·
1466 2338 1502 2393 (³⁰
1526 2337 1691 2395 ‘immittit
1715 2356 1739 2398 θ·
1760 2347 1800 2397 29·
1820 2337 1849 2419 ξ·

162 2425 192 2480 in
217 2443 270 2482 usu
289 2426 470 2498 eucharistiae
494 2446 549 2484 non
573 2429 609 2484 ad
634 2434 747 2485 externa
772 2429 920 2496 elementa,
944 2429 992 2485 sed

1018 2423 1067 2478 sed
1086 2421 1155 2478 haec
1174 2430 1226 2479 etc.
1245 2421 1438 2495 iproturqrtac
1454 2425 1659 2480 accusationem
1671 2425 1725 2481 sibi
1736 2426 1850 2500 suisque
1863 2435 1960 2529 margo

158 2512 200 2568 'sd
229 2511 370 2569 Christum
398 2514 480 2570 deum
508 2521 537 2571 et
570 2515 708 2572 hominem
742 2516 874 2588 peculiari
910 2517 992 2571 modo
1017 2509 1180 2564 intentatam
1204 2509 1370 2580 depulsurus
1395 2509 1435 2564 sic
1456 2510 1595 2581 disputat:
1619 2510 1759 2567 lutholici
1780 2514 1848 2586 (Ro-
1862 2549 1957 2579 venerr-

150 2598 269 2672 *kretise
291 2596 465 2671 praesentem
487 2601 631 2674 dirigenda
649 2608 698 2658 est.
733 2610 757 2658 5.
777 2602 819 2658 De
837 2620 909 2673 pane
928 2619 1005 2667 eon,
1018 2598 1171 2664 mancusas)
1199 2614 1260 2650 cnm
1287 2605 1397 2667 necent,
1422 2614 1528 2670 panem
1553 2599 1584 2651 in
1606 2608 1781 2654 sacramento
1805 2591 1923 2655 re·‘¹⁰¹¹0
1937 2603 1974 2631 ‘¹¹'

151 2680 269 2742 ‘rernm
295 2692 372 2741 extra
397 2703 477 2741 usum
496 2704 514 2743 a
531 2687 639 2743 Christo
657 2688 812 2743 institutum
833 2706 888 2743 non
907 2686 991 2743 hahe-

148 2764 224 2829 ''inus
253 2772 368 2828 verbum
397 2779 446 2828 aut
472 2773 695 2844 promissionem,
727 2775 801 2847 quod
830 2776 866 2829 sit
892 2792 991 2846 eorpus
1017 2777 1058 2824 est
1075 2770 1163 2842 panr's
1180 2770 1394 2824 adorationem?
1425 2771 1522 2840 Neque
1540 2770 1617 2825 ullus
1639 2771 1848 2831 catholicorum

147 2856 278 2941 ''ChrIsti,
309 2857 375 2931 quis
398 2857 482 2913 verba
506 2860 729 2925 sacramentalia,
753 2861 804 2915 hoc
825 2868 865 2914 est
889 2880 991 2931 carpus
1018 2863 1066 2926 est,
1085 2857 1136 2927 qui
1152 2859 1258 2924 doceat,
1277 2857 1342 2926 ipsa
1359 2857 1485 2926 symbola
1505 2864 1618 2911 esterna
1632 2875 1726 2927 perse
1742 2868 1768 2913 et
1780 2878 1848 2931 pro·

160 2940 267 3011 meunt,
297 2944 392 2999 divina
418 2944 567 3002 instutione
600 2950 628 3001 et
655 2946 847 3019 praeceptione
877 2942 1079 3021 alligatalprie
1104 2960 1161 2996 esse
1185 2944 1336 2997 adoranda
1360 2943 1436 2996 cultu
1454 2944 1570 3013 latriae,
1594 2947 1647 3000 scd
1664 2946 1753 3000 salum
1770 2964 1849 3002 uene·

149 3032 228 3087 ''snnt
245 3031 282 3087 ad
300 3031 434 3086 actionem
452 3030 481 3084 in
491 3032 583 3086 verbis
595 3032 773 3088 institutionis
786 3033 990 3104 praescriptam,
1002 3036 1005 3063 ³
1017 3032 1111 3083 randa
1129 3030 1206 3083 cultu
1225 3031 1346 3099 qrrodam
1360 3031 1476 3100 minore,
1494 3032 1544 3101 qui
1553 3034 1679 3087 omnihus
1691 3050 1846 3089 sacramen-

148 3104 238 3190 ·qisod
265 3116 369 3173 seilicet
396 3117 476 3188 panis
499 3118 535 3172 sit
558 3117 747 3190 accipiendus,
776 3118 991 3187 benedicendus,
1017 3116 1053 3169 tis
1078 3116 1215 3183 conuenit,
1240 3116 1316 3169 cultu
1340 3124 1431 3170 autem
1447 3117 1550 3172 latriae
1570 3118 1688 3173 dicimus
1700 3137 1757 3190 per
1775 3139 1805 3175 se
1823 3131 1848 3175 ee

155 3202 370 3260 'histibuendus
396 3212 423 3260 et
440 3205 655 3261 manducandus.
689 3205 764 3278 Ergo
781 3222 880 3276 panem
898 3223 992 3262 conse·
1003 3176 1005 3249 l
1013 3203 1133 3272 proprie
1155 3202 1294 3256 Christum
1314 3219 1372 3257 esse
1386 3206 1565 3258 adorandum
1583 3214 1609 3259 et
1625 3223 1685 3260 eam
1703 3208 1847 3263 odoratio-

163 3294 269 3347 crstnm
294 3294 372 3346 extre
387 3308 468 3347 nsum
486 3309 503 3346 a
521 3290 629 3348 Christo
647 3293 803 3348 institutum
821 3293 990 3348 adoraudum
1003 3252 1005 3325 l
1018 3307 1078 3343 nem
1097 3292 1138 3344 ad
1153 3290 1277 3358 symbola
1299 3291 1383 3343 etiam
1393 3293 1482 3361 panis
1503 3293 1600 3346 staini
1608 3295 1758 3363 pertinere,
1778 3313 1847 3365 qua·

163 3393 315 3449 proponere
348 3383 389 3433 est
424 3376 618 3455 iqroiurqstuc
651 3379 822 3435 occasionem
851 3379 990 3449 praebere.
1018 3386 1096 3430 tcnrrs
1131 3377 1379 3446 apprehenduntur
1410 3385 1441 3430 ut
1474 3380 1545 3448 quid
1574 3397 1657 3432 unum
1690 3398 1752 3434 cum
1783 3383 1847 3451 ipso

163 3462 574 3535 o.1primetP0nufietifatert
592 3473 735 3538 coguntur,
753 3467 781 3521 in
800 3465 879 3538 panis
898 3482 992 3522 conse·
1020 3463 1140 3530 Christo,
1161 3480 1241 3533 quem
1259 3465 1406 3520 contineat.
1445 3464 1682 3526 Quemadmodum
1699 3466 1748 3535 qui
1768 3466 1847 3520 Chri·

164 3548 233 3605 crsti
251 3549 411 3605 adoratione
428 3566 559 3622 magnum
577 3552 691 3608 subesse
703 3552 874 3608 idololatriae
885 3552 991 3624 pericu-
1018 3559 1089 3605 stum
1107 3551 1138 3603 in
1155 3550 1239 3602 terris
1255 3550 1377 3602 vestitum
1397 3551 1566 3618 adorabant,
1584 3569 1639 3604 non
1650 3552 1848 3623 r'qrsummlum,

162 3633 229 3690 lum.
256 3633 342 3690 Gabr.
354 3634 486 3690 Biellect.
494 3643 535 3692 ss.
546 3637 574 3691 in
583 3638 665 3692 Can:
684 3638 756 3703 Quia
771 3657 825 3692 non
834 3647 924 3708 potest
935 3656 994 3694 esse
1020 3639 1072 3691 secl
1085 3638 1167 3690 etiam
1178 3644 1264 3690 uestes
1275 3638 1481 3705 quodammodo
1495 3638 1663 3702 adorabant,
1677 3643 1849 3708 nequeenim

164 3721 276 3775 euidens
305 3722 456 3789 certitudo,
486 3738 572 3792 neque
601 3725 755 3778 celebranti
778 3742 864 3795 neque
884 3727 993 3796 populo
1019 3725 1155 3793 jubebant,
1175 3739 1236 3776 eum
1252 3724 1372 3776 cestibus
1390 3724 1503 3784 nudari,
1523 3731 1671 3793 antequam
1689 3728 1850 3793 adorarent,

154 3806 356 3862 'cirmrmstanti
374 3808 409 3860 de
426 3810 603 3863 conversione
618 3811 707 3879 panis
724 3812 754 3864 in
774 3828 876 3881 corpus
891 3813 996 3870 Christi
1005 3836 1008 3873 ι
1020 3821 1070 3865 aut
1087 3811 1180 3865 animo
1199 3819 1227 3865 et
1243 3812 1410 3879 capitatione
1427 3812 1600 3880 separabant
1612 3829 1631 3865 a
1643 3814 1770 3879 cestibus,
1788 3833 1850 3868 cnm

160 3900 281 3964 propter
297 3895 436 3959 defectum
454 3894 575 3964 aliquem
594 3896 786 3967 impedientem
798 3907 825 3951 et
837 3899 994 3966 continqere
1005 3876 1008 3915 Ι
1021 3901 1183 3963 adorarent,
1201 3901 1252 3952 secl
1262 3899 1431 3968 simpliciter
1444 3882 1592 3966 Christum,
1609 3907 1640 3952 ut
1652 3908 1716 3953 tunc
1728 3918 1758 3954 se
1770 3902 1851 3955 habe-

160 3987 308 4051 polentem,
325 3988 357 4034 ut
375 3982 452 4051 qnod
468 3982 545 4046 forte
564 3983 707 4036 celebrans
727 4002 782 4037 non
803 3987 994 4048 estsacerdos,
1021 3987 1083 4048 bat,
1108 3985 1282 4053 adorabant,
1308 3985 1417 4038 tametsi
1439 3985 1514 4038 ratio
1534 3987 1681 4039 adorandi
1698 4005 1753 4040 non
1771 3997 1851 4040 cram

165 4065 303 4138 siquidem
319 4067 415 4121 nullus
435 4069 578 4121 celebrans
593 4076 687 4139 potest
705 4070 844 4123 euidenter
863 4071 948 4141 scire,
965 4088 995 4124 se
1019 4079 1120 4136 vestm,
1136 4072 1192 4125 imo
1212 4088 1261 4125 nec
1279 4071 1343 4140 ipsa
1363 4072 1537 4139 humanitas,
1557 4075 1609 4126 sed
1624 4073 1687 4127 sola
1707 4074 1848 4127 divinitas.

165 4154 232 4218 sore
268 4153 363 4223 (esse)
400 4154 567 4224 baptisatam
598 4164 647 4209 aut
675 4157 795 4227 lepitimc
826 4158 994 4212 ordinatum.
1022 4160 1067 4213 De
1079 4159 1161 4211 modo
1175 4158 1310 4226 loquendi
1314 4159 1450 4225 fatemur,
1468 4166 1672 4213 sacramentum
1683 4159 1775 4229 apuam
1792 4162 1850 4214 dici
1928 4156 1931 4162 ’

139 4286 144 4323 ¹
169 4236 306 4294 Similiter
323 4247 444 4309 propter
469 4243 608 4305 defectum
634 4243 756 4313 alicujus
780 4244 935 4297 necessario
953 4262 995 4297 re·
1020 4246 1207 4313 adorandum,
1224 4252 1254 4297 ut
1274 4244 1423 4299 concilium
1439 4245 1632 4299 Tridentinum
1649 4246 1781 4316 loquitur,
1799 4249 1850 4302 sed

166 4324 265 4398 qaisiti
279 4327 321 4379 ad
337 4329 568 4390 consonandum,
588 4336 680 4399 utpote
700 4331 808 4383 debitae
826 4330 994 4393 intentionis,
1020 4334 1071 4387 hoc
1089 4330 1234 4401 seponitur
1252 4331 1410 4401 (tripliciter.
1447 4332 1503 4394 Qui
1519 4334 1591 4386 enim
1602 4335 1735 4404 sentiunt,
1754 4352 1850 4389 sacra·

167 4420 216 4468 asel
244 4428 367 4466 errorem
391 4412 564 4468 commissum
587 4417 616 4468 in
631 4418 733 4485 farma
753 4417 796 4470 vel
820 4417 850 4469 in
873 4418 994 4471 materia
1020 4427 1140 4475 mentum
1157 4416 1344 4472 eucharistiae
1355 4418 1526 4485 formaliter
1544 4436 1603 4474 esse
1622 4437 1724 4490 corpus
1736 4420 1849 4485 Christi,

165 4506 193 4554 st
210 4498 298 4554 multo
317 4498 407 4553 minus
419 4500 627 4555 circumstantes
640 4502 834 4568 infallibiliter
847 4505 920 4557 scire
926 4521 993 4572 pos·
1020 4513 1050 4560 ut
1062 4512 1102 4559 est
1114 4504 1165 4557 sub
1175 4503 1235 4557 illis
1246 4504 1396 4571 speciebus,
1415 4507 1569 4559 concedunt
1580 4505 1670 4573 etiam,
1679 4508 1850 4574 formaliter

164 4594 241 4651 sunt,
259 4588 309 4640 sub
327 4586 418 4640 hostia
430 4588 502 4655 fore
522 4586 660 4642 Christum
666 4610 677 4655 ,·
700 4589 764 4644 ideo
784 4591 916 4644 adoratio
932 4593 996 4655 fieri
1020 4598 1223 4647 sacramentum
1236 4589 1296 4642 dici
1306 4591 1494 4648 adorandum.
1519 4591 1576 4655 Qui
1586 4600 1676 4646 auum
1686 4595 1792 4659 docent,
1805 4612 1850 4648 sa·

70 4666 152 4717 ¹3⁷·
165 4672 246 4728 debet
275 4673 325 4727 suh
358 4672 515 4727 conditione
542 4675 683 4727 habituali
707 4676 793 4728 tacito
817 4676 861 4730 cel
888 4677 997 4732 carrus·
1020 4684 1189 4734 crementum
1203 4675 1388 4730 eucharistiae
1401 4694 1459 4732 esse
1472 4681 1636 4745 formaliter
1648 4681 1754 4751 species
1763 4684 1850 4753 panis

56 4808 59 4813 .
165 4776 304 4832 mprmsa,
322 4761 378 4815 tali
394 4760 508 4829 scilicet,
528 4761 555 4814 si
570 4770 683 4815 seruata
701 4763 756 4814 sint
774 4762 994 4817 omniaadcon·
1022 4773 1047 4818 ct
1068 4763 1138 4827 uini,
1161 4769 1190 4814 ut
1213 4760 1353 4816 Christum
1377 4765 1516 4819 continent
1538 4766 1578 4831 (in
1604 4783 1719 4838 quorum
1736 4785 1849 4824 numero

165 4846 348 4902 sociationem
370 4848 539 4901 necessaria.
574 4846 653 4903 Idem
680 4848 781 4919 repetit
802 4846 923 4902 'ihomas
947 4848 994 4905 Sa·
1021 4856 1064 4907 est
1078 4848 1262 4905 Bellarminus
1287 4848 1347 4919 ipse
1365 4850 1383 4908 l.
1401 4858 1424 4907 t.
1444 4851 1478 4909 de
1497 4853 1573 4909 ench.
1593 4870 1615 4908 c.
1637 4859 1660 4909 6.
1679 4871 1787 4925 propos.
1806 4857 1849 4925 5.),

163 4932 334 4990 Esburiensis
354 4935 388 4990 de
400 4940 458 4990 arte
470 4933 650 5005 praedicandi
663 4951 685 4990 c.
700 4940 746 4991 ιιι
767 4934 872 4989 Nullus
885 4935 995 5008 (inquit)
1021 4938 1069 4992 illi
1095 4938 1194 4989 docent
1219 4946 1414 5006 consequenter
1438 4947 1642 4994 sacramentum
1665 4941 1851 4995 eucharistiae

154 5018 403 5090 'quantumcunque
428 5022 465 5074 sit
487 5022 606 5090 simplas
625 5021 670 5075 uel
695 5030 935 5091 quantumcunque
959 5024 997 5078 sit
1008 5064 1010 5083 ,
1022 5021 1207 5077 materialiter
1224 5022 1411 5078 adorandum.
1435 5025 1494 5080 Sed
1510 5026 1650 5095 quidquid
1668 5028 1706 5081 sit
1719 5030 1755 5081 de
1767 5031 1850 5083 modo

165 5104 316 5175 meeum,
341 5108 419 5161 debet
438 5108 569 5177 praecise
594 5110 721 5172 credere,
749 5109 800 5162 hoc
820 5124 878 5162 esse
894 5126 996 5180 corpus
1022 5109 1164 5179 loquendi,
1183 5116 1271 5162 status
1289 5112 1459 5180 quaestionis
1472 5126 1527 5163 non
1539 5118 1588 5175 est,
1606 5111 1664 5165 nisi
1675 5130 1712 5165 an
1725 5111 1851 5167 Christum

164 5190 290 5256 Domini,
310 5196 362 5247 sed
379 5212 439 5247 cum
453 5195 507 5248 hac
520 5195 687 5262 conditione,
708 5195 774 5248 siin
787 5198 995 5250 consecratione
1022 5196 1051 5249 in
1071 5194 1242 5249 eucharistia
1260 5196 1297 5249 sit
1315 5197 1480 5251 adorandus
1497 5193 1573 5246 cultu
1591 5196 1701 5252 latriae.
1728 5198 1851 5270 Respon-

163 5276 219 5330 rits
238 5270 294 5330 sirit
311 5286 375 5332 acta
388 5281 489 5350 omnia,
509 5281 593 5335 aliter
605 5281 677 5334 enim
690 5290 795 5336 asseret
808 5283 995 5353 decreatura,
1022 5281 1130 5337 demus:
1160 5288 1182 5338 1.
1206 5285 1267 5354 quis
1292 5282 1328 5338 sit
1342 5299 1432 5338 serus
1451 5278 1619 5351 quaestionis
1640 5288 1744 5348 slatus,
1768 5286 1852 5355 paulo

165 5362 243 5433 qnod
258 5364 321 5432 ipsa
339 5367 378 5417 sit
395 5376 518 5437 nector,
535 5376 561 5423 et
573 5370 615 5422 ita
628 5376 698 5421 esset
710 5369 889 5424 idololatria.
920 5366 996 5423 Non·
1022 5367 1148 5439 superius
1165 5369 1347 5442 exposuimus.
1376 5366 1462 5423 Nemo
1473 5367 1597 5418 nostrum
1609 5374 1702 5440 negat,
1714 5369 1852 5425 Christum

167 5448 232 5503 dum
252 5448 305 5519 ipsi
324 5452 491 5513 coureniuut
509 5454 536 5508 in
555 5456 716 5510 necessariis
735 5456 769 5509 ad
791 5454 994 5509 manssnbstan·
1022 5470 1116 5508 rerum
1129 5454 1210 5509 deum
1230 5462 1257 5510 et
1273 5454 1411 5509 hominem
1429 5447 1459 5501 in
1478 5445 1644 5507 eucharistia
1663 5454 1740 5508 cultu
1756 5455 1853 5511 lamiae

115 5562 118 5569 ·
167 5536 309 5598 hedonem
335 5536 473 5608 requisitis
496 5547 524 5594 st
550 5538 634 5597 facile
653 5541 812 5612 coningere
829 5544 934 5610 potest,
962 5518 1195 5602 utlsdorandum
1225 5556 1292 5597 esse.
1337 5530 1518 5593 mmmmm
1556 5536 1633 5604 apud
1664 5537 1853 5597 Chemnicium

1017 2700 1136 2752 manae,
1157 2685 1295 2752 quamodo
1309 2692 1424 2754 possent
1438 2701 1563 2739 asserere
1574 2683 1779 2758 bqrolcrpstav,
1797 2687 1848 2743 hoc
1862 2643 1982 2743 lliilli·
