4004 6022
203 253 243 314 to
698 272 704 284 ’
792 243 916 303 Iocus
930 238 1135 303 meamus
1151 238 1294 303 Paulus

202 399 391 457 transitorius.
425 396 464 459 Vi
489 399 669 459 institutionis
693 399 818 458 Christus
842 399 934 456 adhuc
953 416 1032 473 prae
1059 399 1185 456 merbiis
1204 394 1606 469 porriceretur.“·‘'liletaun
1626 392 1758 450 audacior
1772 397 1815 449 est
1830 390 1885 449 Be·

202 502 265 544 sens
291 492 336 544 est
361 486 391 544 in
421 504 502 546 saura
528 504 614 546 coena
638 494 666 545 ct
692 505 792 559 corpus
817 494 846 544 et
867 487 1029 561 sanguinem
1056 502 1155 554 canus,
1182 485 1231 558 qui
1249 485 1374 557 disputat
1393 501 1417 541 o.
1439 490 1479 542 ro.
1498 483 1600 555 disput
1620 481 1655 536 de
1674 494 1771 536 comm.
1804 494 1886 533 esua·

200 590 283 631 mum
302 573 332 629 in
350 589 385 630 ea
403 573 556 647 dispensat,
584 575 632 631 sed
655 592 711 630 non
734 573 852 646 amplius
871 573 1030 630 immediate
1054 573 1219 642 celatorum
1235 572 1428 627 mmatioaem
1445 586 1503 625 esre
1520 577 1626 624 tamtum
1637 566 1802 622 tiatoricam
1813 582 1886 619 corn·

199 658 233 716 in
260 660 373 732 propria
398 677 516 732 persona
540 677 601 718 eam
622 660 802 717 administrat
837 660 907 717 Inde
931 659 1028 716 concil.
1055 659 1298 729 memorationem,
1321 658 1392 728 qaid
1409 657 1536 713 C'irristus
1554 653 1642 725 egerit
1662 669 1722 706 eum
1739 651 1887 741 opoetoiir,

152 735 154 739 ’
201 745 345 804 ceream
383 764 448 804 sess.
484 753 522 804 13.
564 746 633 803 haec
668 748 724 804 duo
760 746 920 819 distinguit,
954 745 1028 818 qaod
1054 764 1110 801 aon
1134 752 1225 800 autem
1250 745 1321 816 quid
1333 761 1425 815 porro
1443 744 1518 799 aiior
1536 743 1640 810 sacsrc
1658 738 1731 794 reid.
1767 735 1887 802 Quando

200 830 327 889 Christus
344 834 503 891 uenerabile
521 840 722 890 sacramentum
739 834 791 892 sub
807 839 925 904 utraque
936 833 1029 905 specie
1055 837 1148 888 autem
1166 830 1309 904 quaeritur
1328 830 1363 886 de
1381 832 1531 901 praecepto
1548 841 1657 892 coenae,
1674 823 1831 895 ¹⁰³1»sser
1850 825 1887 877 <¹⁶

200 924 232 977 et
247 918 398 976 instituerit
421 924 449 976 et
473 918 678 976 administrarit.
713 918 759 976 sic
782 920 868 992 igitur
885 936 1029 992 argumen-
1054 927 1173 989 utraque
1196 917 1288 989 specie
1312 932 1450 987 uunquam
1473 917 1570 970 dmm
1593 931 1613 967 a
1637 912 1749 968 atauo
1768 925 1886 980 praece-

201 1009 309 1062 tamur:
345 1005 487 1071 Quomodo
521 1005 646 1061 Christus
679 1006 883 1062 administravit
912 1006 1030 1076 primam
1051 1013 1150 1076 ptum;
1170 1006 1206 1059 dc
1224 1003 1396 1058 eucharistia
1414 1001 1601 1056 abstrahendo
1619 999 1653 1052 ab
1671 1014 1730 1052 una
1745 997 1789 1051 uel
1807 1003 1886 1049 utra

203 1104 325 1160 somam,
343 1108 376 1147 eo
392 1091 476 1147 etiam
493 1092 575 1148 modo
594 1092 685 1147 adhuc
703 1091 786 1148 hodie
806 1093 836 1147 in
854 1090 970 1148 ecclesia
988 1095 1031 1147 est
1056 1109 1107 1163 que
1123 1091 1216 1162 epeoie
1235 1092 1333 1145 dutum
1352 1105 1412 1142 esse
1430 1088 1496 1143 Joa.
1518 1090 1549 1156 6,
1572 1104 1596 1142 o.
1618 1087 1663 1141 53.
1688 1084 1756 1139 oiri
1767 1085 1886 1136 meda

203 1177 430 1233 administrama
465 1177 553 1251 Atqui
571 1179 697 1235 Christus
714 1194 747 1235 ee
764 1179 846 1235 modo
858 1178 1030 1234 administra·
1056 1178 1186 1232 coocritir
1210 1181 1263 1234 eto.
1298 1175 1385 1248 Atqui
1410 1182 1432 1232 1.
1452 1172 1639 1246 evangelistae
1657 1188 1713 1227 non
1730 1169 1818 1225 solum
1836 1170 1886 1224 ad-

202 1261 243 1318 rit
260 1262 377 1334 primam
393 1277 521 1331 coenam
547 1269 580 1319 ut
601 1279 657 1319 non
680 1264 769 1319 solum
786 1264 964 1321 benedictum
981 1279 1030 1335 pa·
1056 1262 1295 1332 ministrationem,
1310 1261 1360 1317 sed
1372 1261 1455 1317 etiam
1467 1259 1665 1315 inatitutionem
1676 1272 1772 1311 sacrae
1783 1271 1889 1312 coenae

202 1363 264 1404 nau
287 1339 527 1420 niandueandum,
553 1351 602 1407 sed
629 1351 712 1406 etiam
737 1351 913 1408 benedictum
934 1350 1030 1405 vinum
1056 1349 1224 1407 describunt
1260 1346 1385 1403 Christus
1403 1347 1475 1403 euim
1493 1361 1549 1401 non
1567 1345 1658 1400 solum
1674 1360 1738 1398 cum
1754 1342 1886 1414 apostolis

203 1433 352 1490 bibendum
372 1435 505 1507 apostolis
518 1435 695 1494 distribuerit.
720 1437 796 1510 Ergo
807 1437 891 1494 edam
903 1453 936 1492 eo
948 1434 1030 1491 modo
1055 1438 1094 1492 ibi
1121 1437 1179 1509 egit
1209 1451 1322 1490 coenam
1346 1433 1401 1488 illis
1429 1433 1637 1496 administram,
1668 1430 1718 1487 sed
1745 1429 1887 1499 peculiare

201 1520 292 1577 adhm
318 1522 347 1576 in
371 1522 488 1578 ccdesia
513 1539 601 1579 coena
620 1529 662 1579 est
687 1523 913 1580 administranda.
949 1522 1031 1579 Circa
1055 1524 1090 1581 N.
1114 1522 1148 1577 T.
1183 1527 1384 1578 sacramentum
1415 1518 1535 1574 inedtuit
1563 1517 1600 1572 ad
1628 1521 1716 1571 totam
1741 1515 1887 1570 eeclesiam

201 1606 416 1678 propositionem
438 1609 570 1681 majorem
594 1610 717 1666 notanda
741 1616 783 1666 est
801 1609 941 1665 inunctio
959 1610 1031 1664 inter
1055 1609 1195 1681 pertinens
1229 1613 1258 1662 et
1292 1607 1328 1663 ad
1359 1607 1441 1662 linem
1472 1621 1562 1676 usque
1591 1603 1687 1658 mundi
1715 1603 1887 1658 durannum.

200 1692 360 1750 essentialia
376 1701 406 1751 et
422 1695 618 1761 accidentalia;
646 1695 681 1751 de
700 1696 755 1751 illis
773 1695 924 1767 propositio
941 1696 1030 1766 major
1056 1701 1081 1753 2.
1102 1694 1197 1752 Verba
1222 1694 1324 1752 Christi
1348 1695 1400 1748 boo
1422 1694 1526 1762 faos'te,
1558 1706 1722 1764 quocunque
1741 1690 1824 1745 modo
1842 1708 1886 1746 ex·

190 1779 381 1852 intelligenda
409 1786 464 1851 est,
495 1799 551 1837 non
575 1787 668 1838 autem
694 1782 837 1838 dehisce.
873 1783 938 1838 lem
964 1799 1029 1838 vero
1055 1787 1208 1855 ponantur,
1236 1782 1294 1838 sive
1314 1783 1351 1837 ed
1368 1781 1460 1847 eliud,
1488 1780 1563 1852 quod
1582 1778 1718 1834 Dominus
1737 1778 1808 1849 egit,
1833 1778 1887 1834 hoc

199 1866 357 1923 distributio
381 1867 521 1924 benedicti
548 1869 643 1926 calicis
671 1887 726 1926 uon
752 1871 873 1942 pertinet
896 1869 933 1925 ad
959 1870 1028 1924 aoei-
1056 1876 1097 1927 est
1127 1869 1360 1925 consecrationem
1389 1873 1418 1924 et
1449 1865 1684 1934 distributionem,
1712 1863 1768 1919 sire
1791 1864 1887 1934 adid,

199 1953 323 2011 dentalia
340 1953 397 2009 sive
414 1954 634 2012 circumstantias
652 1961 795 2027 externas,
814 1954 864 2012 sed
883 1957 919 2012 ad
936 1972 1026 2012 essen·
1056 1957 1130 2029 quod
1151 1960 1267 2029 egenmt
1285 1955 1429 2027 discipuli,
1456 1954 1509 2009 hoo
1533 1957 1576 2009 est
1600 1949 1841 2007 manducationem
1859 1957 1889 2007 et

196 2039 286 2098 aelia
321 2039 383 2098 Noc
407 2045 451 2096 est
474 2058 541 2114 ergo
559 2043 633 2115 quod
653 2042 839 2113 Bellarminus
857 2049 885 2099 et
901 2044 1028 2099 Becanus
1054 2044 1231 2112 bibitionem,
1249 2042 1307 2098 sive
1325 2041 1361 2098 ad
1382 2047 1530 2113 utrumque
1548 2039 1638 2103 simul,
1657 2039 1732 2111 quod
1749 2039 1887 2094 estveris·

199 2126 279 2183 nobis
305 2126 466 2197 obvertunt,
496 2144 530 2184 ex
558 2127 611 2184 hoe
643 2116 807 2202 argumento
832 2130 924 2203 sequi,
954 2130 1028 2201 quod
1055 2132 1162 2200 simum,
1179 2130 1349 2196 referantur,
1367 2127 1512 2185 manifecte
1529 2125 1686 2190 ostendunt,
1705 2142 1761 2180 non
1778 2130 1886 2181 tautum

199 2213 307 2286 vesperi
324 2213 361 2268 sit
378 2214 648 2282 communicandum,
673 2220 738 2286 poet
761 2215 891 2272 lotionem
916 2216 1027 2288 pedum,
1053 2219 1212 2274 historicam
1243 2215 1404 2273 transitorii¹
1423 2221 1503 2270 aotue
1533 2212 1818 2270 commemorationem
1849 2214 1886 2269 ab

198 2299 229 2354 in
248 2299 362 2358 aedibus
378 2300 508 2374 privatis,
534 2318 610 2357 more
633 2302 865 2358 discumbentium
883 2308 935 2360 ete.
959 2303 1028 2359 haec
1053 2304 1231 2376 evangelistis
1250 2302 1382 2371 describi,
1412 2302 1461 2357 sed
1485 2299 1684 2356 institutionem
1707 2299 1885 2356 saurafissimi

199 2384 272 2441 enim
291 2385 383 2442 omnia
400 2404 456 2443 non
475 2391 540 2443 sunt
557 2388 716 2444 essentiales
727 2395 829 2460 partes,
849 2390 1027 2446 sedaircum·
1054 2392 1219 2448 sacramenti
1244 2388 1420 2462 postmodum
1445 2387 1529 2444 etiam
1550 2386 1579 2440 in
1597 2386 1715 2442 ecclesia
1731 2388 1885 2458 repetendi,

198 2470 318 2528 mnaso
351 2472 543 2529 tantummodo
580 2474 737 2545 primaevae
775 2475 1027 2534 administrationis.
1057 2485 1078 2535 1.
1097 2478 1158 2534 Gor.
1181 2483 1224 2546 11,
1250 2493 1276 2531 r.
1294 2481 1341 2531 25:
1368 2475 1430 2529 Hoc
1448 2474 1552 2539 facite,
1580 2474 1794 2542 quotiescunque
1813 2475 1884 2527 bibe·

197 2554 279 2624 Quod
309 2565 402 2614 autem
432 2558 590 2615 distributio
616 2560 756 2618 benedicti
780 2563 874 2618 calicis
900 2563 937 2618 sit
963 2580 1027 2635 pars
1053 2565 1126 2620 ritir.
1162 2569 1186 2619 3.
1206 2560 1235 2619 Si
1255 2561 1362 2616 nullum
1378 2559 1540 2615 mandatum
1557 2557 1592 2613 de
1610 2558 1779 2614 eucharistia
1795 2558 1825 2612 in
1841 2559 1885 2614 his

197 2642 471 2716 urmuruepcssr
487 2661 521 2701 ex
540 2663 587 2702 eo:
620 2653 641 2702 1.
661 2649 728 2720 quia
745 2648 831 2713 calix,
854 2649 926 2716 sive,
953 2650 1028 2722 quod
1053 2651 1145 2708 verbis
1163 2650 1294 2714 habetur,
1316 2651 1561 2720 consequensest,
1585 2643 1695 2701 nullum
1711 2663 1825 2718 prorsue
1841 2664 1884 2701 aa·

197 2728 272 2786 idem
286 2736 343 2798 est,
368 2730 463 2785 vinum
481 2731 510 2786 in
528 2732 631 2806 calice,
649 2739 692 2790 est
708 2735 864 2806 symbolum
882 2736 966 2808 hujue
984 2755 1026 2792 sa·
1053 2741 1223 2794 crementum
1251 2751 1284 2790 ea
1308 2741 1403 2804 noete,
1431 2749 1487 2806 qua
1509 2731 1628 2787 traditus
1651 2738 1704 2798 est,
1733 2750 1752 2788 a
1774 2733 1885 2790 Chr-icto

197 2815 331 2872 manenti
355 2823 512 2887 externum3
543 2824 567 2874 2.
591 2819 657 2891 quia
682 2819 782 2876 bibitio
810 2828 851 2878 est
878 2823 1027 2894 peculims
1053 2825 1139 2881 inisse
1162 2822 1325 2878 institutum
1370 2827 1394 2876 4.
1420 2818 1598 2875 Sacramenta
1623 2824 1688 2873 eunt
1712 2819 1787 2875 bona
1812 2837 1884 2877 com·
1984 2864 1990 2879 .

197 2907 276 2959 astus
294 2905 754 2964 sacramentalis'amanduoatione
766 2909 921 2979 distinctus,
937 2912 1026 2968 eidem
1053 2912 1147 2968 munia
1166 2910 1251 2967 totiua
1271 2907 1415 2977 ecclesiae,
1432 2905 1550 2977 proinde
1565 2922 1621 2960 non
1639 2905 1715 2960 ahud
1729 2923 1884 2965 eacmmen·

195 2994 291 3045 tamen
315 3004 368 3062 per
393 2992 560 3062 particulam
583 2992 713 3055 ὡσαύτως
734 3012 886 3069 connexus,
917 3003 941 3055 3.
962 2999 1028 3070 quia
1053 3007 1113 3055 trrm
1136 2997 1263 3054 Christus
1292 2994 1369 3051 dedit
1395 2992 1541 3064 apostolis,
1573 2991 1652 3047 aliud
1674 3009 1739 3049 vero
1768 2994 1884 3066 reliquis

198 3092 383 3150 quaecunque
407 3079 539 3150 probant,
569 3081 809 3138 manducationem
827 3100 888 3140 esse
918 3090 1026 3156 partem
1053 3085 1181 3143 fidelibus
1205 3081 1338 3150 instituit,
1364 3080 1413 3137 sed
1437 3085 1469 3134 ut
1492 3079 1632 3150 apostolos
1651 3079 1681 3132 in
1699 3096 1780 3135 sacra
1796 3096 1885 3137 coena

194 3163 370 3220 monadem
387 3180 484 3220 sacrae
501 3183 618 3233 coenae,
637 3184 670 3224 ea
687 3170 780 3225 omnia
798 3169 881 3226 etiam
899 3172 1027 3244 probant,
1049 3173 1134 3244 jussit
1152 3169 1320 3226 manducare
1338 3175 1368 3224 et
1384 3168 1488 3237 bibere,
1507 3167 1546 3221 ita
1563 3182 1673 3238 quoque
1684 3165 1805 3239 reliquos
1816 3168 1883 3225 lide

197 3249 361 3306 bibitionem
385 3267 445 3307 esse
469 3259 576 3322 partem
600 3257 788 3313 essentialem:
820 3264 842 3313 1.
861 3257 934 3314 idem
949 3259 1027 3315 Chri·
1052 3260 1093 3316 les
1111 3259 1140 3314 in
1156 3275 1210 3313 neu
1223 3273 1319 3312 samue
1337 3270 1439 3310 coenae
1457 3252 1510 3308 hoc
1527 3252 1589 3306 rult
1608 3251 1709 3320 iecere,
1731 3253 1792 3326 agit
1810 3255 1884 3310 enim

196 3342 256 3392 stus
285 3338 527 3410 utrumquedixit
549 3342 639 3411 edite,
667 3343 767 3412 bibite,-
801 3348 825 3400 2.
844 3345 880 3399 ad
900 3347 1027 3418 eosdem,
1054 3364 1109 3403 non
1135 3345 1306 3400 demanare
1329 3341 1450 3414 quodam
1473 3337 1605 3411 apostolifl
1622 3339 1757 3408 imiimi
1777 3345 1884 3412 et151⁰·

194 3428 221 3481 d.
251 3424 282 3478 in
316 3424 398 3479 modo
435 3425 612 3497 imperativo,
648 3433 673 3485 4.
703 3429 731 3484 iu
761 3446 875 3486 numero
909 3432 1027 3506 plurali3
1054 3433 1128 3505 prio,
1161 3431 1210 3487 sed
1239 3430 1276 3484 de
1306 3433 1475 3484 sacramento
1505 3425 1557 3480 toti
1582 3423 1716 3480 eeclesiae
1738 3429 1884 3484 communi.

171 3516 221 3568 .t.
250 3510 362 3583 utrique
392 3510 572 3584 subjungitur
607 3522 801 3588 praeceptum,
836 3517 887 3571 hoo
923 3520 1027 3592 facitq-
1055 3529 1079 3577 5.
1095 3518 1220 3576 Verbum
1237 3514 1322 3583 illud,
1339 3514 1425 3581 edite,
1445 3512 1543 3580 bibite,
1561 3510 1666 3566 dictum
1683 3518 1727 3566 est
1743 3515 1885 3582 apostolis,

196 3603 221 3654 d.
233 3604 381 3669 utrumque
393 3597 521 3668 exprimit
533 3600 669 3656 actionem
680 3603 922 3674 sacramentalem,
939 3612 963 3662 ’1.
976 3625 1028 3663 nec
1054 3613 1103 3663 aut
1119 3612 1151 3660 ut
1168 3599 1390 3678 erantapostoli,
1409 3605 1458 3654 aut
1475 3603 1507 3652 ιιι
1524 3597 1691 3663 secerdotes,
1707 3605 1756 3653 aut
1774 3605 1806 3654 ut
1819 3600 1885 3658 fide

195 3682 256 3738 ulla
272 3689 365 3754 potest
381 3683 489 3739 ostendi
510 3685 679 3742 diversitatis
695 3688 774 3743 ratio.
809 3685 886 3762 Ergo
903 3698 936 3746 ut
952 3710 1027 3749 man-
1055 3694 1102 3761 les,
1120 3692 1171 3748 hoc
1189 3695 1231 3746 est
1247 3685 1405 3744 Christiani.
1440 3684 1471 3740 si
1491 3683 1623 3740 statuitur
1640 3684 1771 3756 primum,
1791 3703 1886 3744 conse

198 3768 308 3824 ducatio
341 3774 383 3826 est
412 3786 477 3842 pars
506 3771 678 3841 mentialis,
711 3773 751 3829 ita
781 3792 892 3849 quoque
921 3779 1026 3837 bibitio.
1054 3794 1141 3852 queue
1158 3777 1217 3841 erit,
1235 3773 1372 3828 neminem
1390 3771 1492 3827 debere
1509 3788 1618 3827 sacram
1635 3787 1753 3826 coenam
1771 3775 1886 3842 partici-

195 3853 382 3911 iionfirmatur
408 3864 601 3929 argumentum
633 3875 667 3914 er
698 3860 844 3918 manifesto
879 3873 1026 3938 praecepto
1054 3881 1134 3937 pare,
1152 3863 1205 3916 nisi
1224 3861 1271 3932 qui
1290 3859 1328 3913 sit
1344 3858 1494 3930 apostolus.
1529 3856 1560 3913 Si
1577 3857 1709 3912 statuitur
1726 3861 1886 3929 secundum,

195 3941 354 4012 primaevae
369 3943 603 4000 administrationi
620 3945 729 4017 addito,
752 3950 920 4019 iterfacite.
954 3954 1028 4010 ‘lile-
1054 3965 1225 4022 comequeus
1254 3946 1320 4012 erit,
1348 3945 1413 4000 solia
1438 3944 1629 4000 sacerdotibus
1653 3942 1809 3999 imammm
1825 3964 1887 4004 esse

195 4027 326 4083 tenmm
343 4028 424 4085 refut
444 4030 561 4086 confess.
579 4030 713 4102 Anwup.
732 4051 756 4091 c.
774 4035 809 4092 de
828 4054 916 4093 coena
934 4040 1027 4111 dispu-
1054 4053 1160 4092 seuram
1194 4048 1316 4088 coenem.
1364 4032 1521 4102 Utrumque
1548 4046 1719 4102 consequeus
1747 4042 1887 4105 repugnat

196 4119 252 4183 tat,
276 4115 361 4169 uerba
388 4114 495 4170 Cariati
517 4116 615 4181 bibite,
644 4118 696 4172 boc
717 4120 819 4192 facite,
850 4126 1027 4181 adhortative
1053 4122 1140 4178 textui
1166 4119 1285 4175 Paulino
1317 4125 1338 4174 1.
1365 4117 1426 4171 Cor.
1455 4122 1500 4180 11,
1526 4133 1551 4169 v.
1580 4121 1629 4170 26:
1664 4115 1886 4190 Quotiescunque

195 4201 291 4271 uocari
304 4218 404 4270 poere,·
438 4200 488 4257 sed
509 4199 635 4258 Christus
653 4215 826 4263 sacramenta
844 4226 896 4265 sua
913 4227 968 4265 non
985 4211 1026 4266 in·
1052 4206 1289 4262 manducaveritis
1304 4221 1408 4275 paoem
1426 4204 1562 4257 turceio.
1597 4200 1774 4273 Relinquitur
1792 4206 1886 4278 igitur,

110 4289 133 4330 ¹·
148 4287 181 4332 ⁵&
194 4286 299 4354 stituit,
328 4293 360 4342 ut
384 4286 503 4342 liberum
530 4287 672 4360 reliquerit
694 4293 774 4348 nobie
797 4294 1026 4352 homuncionibus
1052 4293 1183 4365 apostolis
1201 4291 1253 4347 hoc
1271 4308 1331 4347 esse
1349 4291 1467 4354 dictum,
1498 4292 1530 4343 ut
1554 4291 1634 4342 eraut
1649 4287 1760 4360 fideles,
1791 4292 1886 4352 idest

196 4371 236 4429 eis
260 4373 357 4428 utendi
375 4373 420 4429 vel
441 4389 498 4427 nou
517 4374 621 4429 utendi.
657 4375 687 4432 si
706 4379 792 4434 verba
810 4381 916 4437 lethaeo
935 4384 1026 4449 bibite,
1053 4378 1216 4442 Christiani,
1236 4395 1269 4432 ac
1287 4377 1404 4448 proinde
1424 4373 1623 4429 institutionem
1644 4375 1728 4430 etiam
1746 4380 1885 4448 pertinere

196 4458 247 4514 boc
264 4461 360 4527 facite
389 4464 455 4514 sunt
487 4465 597 4515 tantum
624 4463 826 4537 adhortatorie,
855 4484 1026 4540 consequens
1053 4468 1089 4523 ad
1114 4468 1208 4522 laicos.
1244 4471 1269 4521 6.
1287 4465 1320 4519 Ιιι
1346 4463 1477 4519 concione
1501 4460 1602 4515 Christi
1624 4463 1688 4519 Joh.
1707 4470 1731 4519 t.
1750 4482 1806 4520 uon
1824 4476 1886 4538 pot-

194 4543 291 4609 iuerit,
317 4545 433 4601 verbum
459 4549 627 4603 manducate
651 4550 747 4606 itidem
773 4568 835 4606 esse
851 4558 959 4607 tautum
978 4554 1025 4609 ed·
1053 4560 1095 4610 est
1114 4552 1209 4624 quaeri
1227 4552 1387 4606 mandatum
1409 4550 1446 4604 de
1465 4548 1641 4618 eucharistia,
1659 4551 1725 4622 quia
1738 4551 1777 4606 ibi
1790 4553 1886 4624 agitur

195 4629 371 4702 hortativum,
387 4633 482 4704 sicque
499 4652 565 4689 usus
576 4652 680 4693 coenae
693 4639 746 4693 erit
755 4637 926 4695 arbitrarius.
955 4642 1025 4696 item
1053 4658 1107 4695 non
1131 4640 1166 4694 de
1190 4637 1403 4692 manducatione
1429 4636 1635 4705 sacramentali,
1663 4638 1713 4693 sed
1736 4637 1885 4709 spirituali,

195 4716 309 4773 verbum
339 4718 477 4786 baptizate
503 4720 599 4777 itidem
624 4724 677 4778 erit
693 4722 905 4777 adhortativum.
940 4724 1026 4784 Recte
1052 4734 1084 4781 ut
1108 4743 1158 4781 suo
1182 4724 1244 4780 loco
1270 4722 1379 4794 plenius
1403 4722 1645 4787 demonstrabitur.
1687 4723 1783 4789 Adde,
1809 4729 1885 4799 quod

194 4801 280 4874 igitur
308 4802 437 4859 Tiletam
467 4804 519 4860 heo
549 4807 671 4862 obvertit
700 4807 812 4862 Flauius
843 4807 872 4861 iu
902 4827 1025 4881 respons.
1052 4812 1155 4868 ibidem
1187 4810 1316 4865 distincte
1347 4808 1397 4863 fiat
1426 4808 1530 4863 mentio
1560 4811 1652 4864 carnia
1679 4816 1708 4866 et
1732 4815 1885 4884 sanguinis,

192 4889 231 4944 ad
257 4889 329 4944 hauc
357 4891 565 4960 refutationem,
598 4894 672 4965 quod
699 4892 832 4949 Albertus
854 4894 974 4968 Magnae
995 4901 1024 4955 in
1052 4896 1272 4954 manducationis
1291 4901 1319 4950 et
1336 4894 1491 4966 bilitionis,
1517 4896 1557 4951 sie
1578 4897 1652 4952 enim
1669 4896 1773 4952 habent
1790 4900 1885 4970 verba,

192 4978 302 5031 umas.
333 4976 368 5031 de
397 4976 488 5033 officio
520 4979 620 5035 missae
647 4985 676 5033 et
703 4978 838 5034 Reineme
864 4993 1025 5053 agnoscant,
1051 4986 1110 5040 oiri
1126 4983 1362 5038 manducaveritis
1380 4999 1493 5036 caraem
1506 4983 1567 5053 filii
1584 4983 1704 5037 hominib
1724 4984 1886 5040 stbiberitis

194 5060 338 5116 Christum
364 5065 544 5134 praecepisse
574 5065 609 5116 de
635 5063 723 5117 calice
753 5065 860 5136 bibere,
895 5071 1025 5143 quodque
1052 5073 1114 5141 ejus
1132 5069 1310 5137 sangumem,
1337 5087 1395 5122 moa
1416 5070 1552 5122 habebitis
1572 5069 1664 5121 oitam‘
1680 5069 1712 5122 iu
1734 5071 1819 5125 eodm.
1856 5070 1885 5129 Si

195 5146 384 5204 Theodoriana
409 5148 545 5205 Maleotue
568 5164 641 5203 auno
668 5154 741 5205 1561.
761 5150 878 5208 Laronii
899 5156 1024 5213 Breban-
1051 5173 1117 5228 ergo
1150 5154 1316 5211 eucharistie
1345 5155 1448 5212 ibidem
1479 5155 1622 5219 mandata,
1652 5156 1748 5226 utique
1772 5158 1884 5227 apeoiee

194 5233 280 5288 ticum
310 5234 436 5291 libellum
459 5233 494 5288 de
519 5231 603 5286 missa
624 5235 754 5305 ediderit,
785 5239 815 5292 iu
843 5258 898 5312 quo
923 5244 1025 5299 diserte
1050 5251 1168 5314 utraque
1194 5240 1325 5296 mandata
1348 5243 1408 5300 erit.
1446 5243 1475 5299 Si
1494 5242 1572 5313 prius
1590 5241 1743 5296 membrum
1760 5244 1885 5300 continet

197 5318 307 5389 scribit,
331 5321 392 5375 illic
409 5318 514 5386 undu,
536 5319 633 5388 iiiito,
651 5320 704 5376 hoc
716 5326 824 5396 facite,
842 5339 1022 5398 praeceptum
1050 5332 1248 5398 praeceptum,
1282 5346 1333 5383 cur
1364 5347 1420 5386 non
1449 5337 1478 5385 et
1507 5328 1664 5400 posterius?
1699 5329 1884 5388 Bellarminue

193 5405 339 5460 watiueri.
374 5402 493 5458 ”eom
518 5404 668 5461 Jansaniue
692 5425 717 5463 e.
742 5415 800 5467 131.
823 5430 899 5468 oeno.
925 5433 1023 5485 evang.
1048 5414 1097 5470 lib.
1119 5420 1143 5469 1.
1162 5413 1199 5467 de
1217 5414 1328 5470 eucher.
1347 5433 1371 5472 c.
1393 5422 1433 5472 25.
1451 5414 1569 5484 ruguit:
1590 5418 1615 5469 1.
1630 5415 1789 5486 Vimitujur
1799 5437 1884 5487 prae·

191 5496 311 5565 pcto&
328 5489 489 5547 ÷Marrdauit
512 5489 654 5564 Obrutam
679 5503 710 5551 ut
730 5499 866 5565 poculum
891 5502 1022 5556 rimiiiter
1047 5501 1123 5572 cepti
1150 5499 1180 5554 io
1203 5517 1251 5569 re,
1274 5518 1347 5572 qrroe
1366 5502 1502 5570 maur,
1532 5517 1590 5556 aco
1605 5502 1638 5557 ia
1654 5505 1737 5559 modo
1755 5507 1886 5560 moedi
