4004 6022
789 261 842 320 DE
859 261 1050 325 EOGIAESIL
1694 286 1756 348 ω

61 407 176 479 petione
196 411 224 464 et
241 409 450 466 consuetudinis
467 415 622 471 contrariae
633 417 806 488 oppositione
817 417 897 475 nobis
927 420 1001 476 nure
1032 423 1158 484 Remum.
1201 426 1362 486 Passionele
1391 428 1471 499 dicit,
1511 431 1602 503 ipsum
1626 434 1757 509 proriam

63 493 144 565 eripi.
187 494 350 551 Pontificiae
377 497 556 555 dominationi
579 501 616 556 ab
638 502 851 574 imperatoribus
872 512 900 561 et
921 515 988 575 poet
1021 509 1129 568 obruti
1156 531 1230 569 enno
1258 515 1377 570 Romans
1406 517 1518 573 emisse.
1563 519 1701 575 Damasus
1727 520 1756 577 iu

63 579 126 634 aliis
154 580 208 651 piis
242 581 445 637 confessoribus
471 587 582 657 saepius
609 587 662 642 fuit
688 591 899 657 contradictum,
926 595 1077 662 pontificali
1102 600 1196 670 docet,
1227 602 1341 657 Petrum
1371 604 1483 657 Nerone
1517 603 1639 660 Comere
1662 608 1756 661 urbem

63 682 132 737 ergo
154 683 210 721 nou
228 667 333 723 babent
351 667 474 740 quietam
493 678 521 726 et
539 678 669 744 pacatam
688 677 889 733 successionem
925 680 1045 738 Romam
1068 684 1220 755 inpressum
1247 704 1320 758 eese;
1350 690 1487 761 quomodo
1509 690 1595 764 igitur
1615 692 1705 762 potuit
1723 699 1754 748 ts

63 750 227 807 Pontificius
246 753 380 824 primatus
397 764 536 828 repugnat
550 760 607 830 juri
626 760 732 831 divino,
756 779 823 836 ergo
842 781 897 819 non
925 783 1011 822 annos
1034 770 1128 825 sedem
1155 773 1283 844 papalem
1300 790 1410 846 regere,
1434 791 1497 829 cum
1514 775 1603 840 Nero,
1629 776 1755 850 subque

63 844 130 893 sunt
157 837 247 895 bonae
270 837 335 896 fidei
362 858 540 911 possessores.
584 846 726 918 Quidquid
750 850 837 921 igitur
863 850 899 905 sit
925 852 1037 908 Petrum
1062 859 1194 929 martyrio
1214 859 1345 915 affectum
1365 860 1490 932 plerique
1507 878 1600 917 omnes
1622 868 1755 932 statuunt,

62 924 99 980 de
118 925 292 981 successione
310 926 391 981 locali
408 935 436 983 et
454 931 600 1000 personali,
619 949 682 987 cum
699 951 733 989 ar
748 933 897 1006 Scripturis
924 956 979 994 non
1006 940 1058 994 nisi
1084 944 1292 1014 quatuordecim
1316 961 1402 1001 annos
1425 946 1599 1018 regnaverit?
1636 946 1756 1003 Deiota

62 1012 151 1066 sacris
173 1011 374 1084 intelligamus,
398 1015 542 1086 pontifices
569 1018 708 1075 Romanos
732 1038 750 1076 a
773 1021 898 1078 doctrina
925 1024 978 1078 bec
995 1042 1026 1080 rc
1043 1027 1110 1081 alibi
1128 1029 1216 1100 plura,
1236 1036 1352 1101 possunt
1366 1031 1439 1086 enim
1452 1048 1485 1087 ex
1498 1031 1647 1102 Scripturis
1660 1032 1755 1102 sacris,

61 1098 217 1168 apostolica
247 1098 276 1153 in
304 1100 397 1155 multis
430 1102 571 1160 doctrinae
604 1107 731 1162 coelestis
759 1109 897 1181 capitibus
925 1113 1085 1179 praesertim
1103 1130 1136 1168 ex
1155 1115 1271 1170 historia
1289 1116 1422 1171 Actorum
1442 1124 1470 1172 et
1490 1116 1754 1188 epistolisPanliuis,

60 1184 245 1240 secessionem
262 1184 369 1255 iecisse,
387 1187 451 1243 ideo
469 1188 532 1244 illos
548 1207 608 1247 esse
619 1209 698 1249 veros
710 1197 896 1264 apostolorum
925 1196 1063 1252 evidentia
1081 1199 1173 1254 afferri
1193 1201 1356 1257 documenta
1373 1209 1469 1257 contra
1486 1201 1648 1272 figmentum
1661 1202 1695 1259 de
1705 1203 1753 1258 illc

60 1285 235 1326 successores
259 1287 406 1343 negamus,
432 1274 508 1330 unde
529 1283 606 1332 recte
624 1277 779 1350 Christoph.
818 1280 896 1352 Agri-
924 1282 1162 1357 vigintiquinque
1185 1304 1318 1342 annorum
1335 1288 1447 1344 Petrino
1465 1289 1635 1359 episcopatu.
1674 1288 1752 1344 Oete-

60 1356 125 1412 cola
144 1361 239 1411 contra
257 1357 408 1413 Pistorium
427 1359 523 1416 scribit
539 1380 566 1431 p.
588 1368 616 1419 8:
660 1365 775 1428 Quoties
791 1383 896 1421 succes·
924 1386 984 1422 rum
1009 1376 1041 1424 ut
1063 1373 1157 1441 oripo,
1181 1371 1221 1426 ita
1245 1389 1354 1444 quoque
1376 1374 1548 1429 continuatio
1568 1374 1675 1446 papalis
1692 1391 1753 1430 suo·

61 1443 168 1497 monem
185 1443 330 1513 appellus,
349 1445 428 1499 toties
445 1449 626 1503 secmeionem
645 1458 671 1505 te
688 1453 783 1506 dicere
803 1461 898 1507 sancte
924 1455 1054 1511 cessionis
1089 1463 1131 1512 est
1162 1457 1275 1514 incerta
1318 1458 1506 1515 Tertullianus
1532 1460 1568 1517 de
1592 1461 1752 1532 praescript.

61 1546 199 1584 moerere.
242 1530 286 1585 Ac
309 1530 441 1587 Nicolaus
459 1532 619 1606 Vignierius
639 1536 667 1592 in
687 1540 757 1608 apol.
775 1556 826 1610 pro
843 1539 896 1596 Ve·
925 1541 986 1598 adv.
1003 1541 1077 1600 beer.
1095 1549 1159 1614 post
1176 1543 1289 1600 Petrum
1308 1546 1386 1616 ponit
1406 1546 1578 1617 Clementem,
1594 1548 1668 1603 idem
1686 1547 1754 1603 facit

61 1616 136 1673 netis
151 1621 248 1672 contra
265 1633 367 1688 papam
386 1619 440 1676 huc
460 1623 658 1684 accommodat.
678 1627 752 1696 qnod
771 1626 897 1681 hodierni
925 1627 1110 1701 Hieronymus
1128 1630 1157 1684 in
1175 1646 1198 1685 c.
1217 1636 1258 1686 25.
1278 1629 1342 1686 lisa.
1359 1649 1393 1687 ac
1411 1633 1545 1705 probatur
1562 1633 1632 1690 baec
1646 1641 1752 1690 senten·

60 1703 207 1776 pontifices
229 1703 347 1759 Romani
370 1707 467 1763 merito
490 1717 684 1780 comparentur
701 1711 786 1767 Vibio
804 1712 896 1782 Rufio,
923 1715 963 1769 tia
988 1714 1016 1769 in
1045 1715 1162 1771 decretis
1182 1717 1254 1788 juris
1280 1719 1420 1788 canonici3
1451 1720 1499 1775 sed
1521 1719 1641 1792 Optatus
1660 1720 1752 1776 Miles.

61 1790 100 1845 de
123 1806 178 1861 quo
203 1789 364 1861 Xiphiliuus
389 1795 418 1847 in
442 1794 499 1850 vita
522 1795 621 1850 Dionis
646 1797 744 1868 refert,
773 1803 849 1868 quod
867 1801 897 1851 in
924 1802 969 1857 lib.
989 1807 1012 1857 2.
1039 1803 1102 1857 adv.
1128 1802 1301 1861 Parmenian.
1324 1811 1388 1876 post
1411 1805 1523 1861 Petrum
1548 1807 1626 1877 ponit
1645 1808 1752 1869 Linum,

61 1876 136 1931 sellu
154 1877 232 1931 Julis'
246 1877 379 1933 Caesaris
395 1882 496 1934 sedens
512 1883 652 1951 gloriatus
662 1884 766 1953 suerit,
784 1902 814 1938 se
828 1902 896 1953 pro·
924 1885 1092 1943 Clementem
1117 1888 1185 1944 iacit
1207 1890 1327 1947 tertium.
1365 1890 1444 1946 Idem
1462 1892 1560 1947 statuit
1578 1892 1751 1965 Augustinus

61 1968 127 2032 pter
144 1962 226 2017 Num
243 1965 344 2019 sellum
363 1981 421 2020 esse
442 1967 600 2022 Caesarem.
640 1968 766 2040 Itemque
781 1969 897 2025 iuliano
923 1974 1001 2042 epist.
1030 1980 1085 2030 tet.
1108 1974 1237 2030 Vicissim
1260 1976 1390 2032 irenaeus
1416 1977 1464 2032 lib.
1482 1984 1506 2035 3.
1532 1995 1555 2033 c.
1580 1985 1604 2034 ³.
1621 1984 1683 2049 post
1698 1975 1751 2031 Pe·

10 2051 48 2094 ll&
61 2049 240 2119 imperatori,
269 2052 320 2120 qui
344 2053 506 2107 Alexandri
531 2056 636 2122 Magni
663 2057 785 2110 animam
810 2058 841 2110 in
867 2074 896 2110 se
922 2065 995 2113 trum
1012 2059 1090 2130 ponit
1107 2062 1221 2126 linum,
1244 2062 1396 2131 posthunc
1416 2062 1525 2118 Gletum
1541 2071 1570 2120 et
1590 2065 1751 2119 Clementem

60 2136 234 2189 msceessione
259 2139 382 2205 quodum
410 2139 585 2208 immigrasse
600 2142 739 2210 fingebat,
767 2160 829 2197 cum
856 2143 896 2197 illi
924 2144 1001 2214 ponit
1020 2152 1118 2216 quarto
1137 2146 1204 2202 loco.
1242 2147 1320 2202 Idem
1337 2148 1444 2203 iaciunt
1460 2149 1597 2206 Eusebius
1615 2150 1641 2205 iu
1657 2148 1752 2207 chrum
1847 2180 1852 2190 ·

63 2221 162 2277 eadem
180 2221 336 2292 phrenitide
352 2223 511 2280 laborantes
524 2233 636 2296 propter
649 2227 725 2282 Petri
737 2229 895 2284 cathedram
923 2230 1094 2301 Epiphanius
1114 2231 1217 2287 haeres.
1237 2238 1277 2288 tt.
1312 2232 1498 2304 Hieronymus
1518 2236 1552 2290 dc
1571 2233 1634 2288 viris
1652 2233 1748 2287 illustr.

61 2306 196 2363 ecelesiae
208 2310 370 2366 monarches
381 2327 411 2366 se
420 2327 479 2366 esse
492 2310 647 2383 glorientur
656 2319 685 2367 et
693 2313 768 2368 Petri
776 2316 895 2370 animam
923 2319 950 2370 in
974 2317 1123 2373 Clemente.
1167 2318 1226 2373 Alii
1251 2320 1332 2374 aliter
1357 2319 1500 2387 nuntiant,
1524 2322 1597 2376 unde
1624 2319 1748 2374 Barthol.

62 2393 144 2464 quasi
169 2396 350 2450 successionis
376 2398 495 2468 quodam
516 2398 581 2467 jure
603 2398 631 2451 in
653 2415 682 2454 se
699 2399 824 2457 habitare
842 2402 894 2457 sibi
923 2405 958 2459 de
987 2404 1112 2458 Caranus
1139 2405 1167 2458 in
1195 2422 1292 2461 summ.
1322 2421 1397 2459 conc.
1436 2405 1548 2461 Parisiis
1573 2419 1645 2460 suno
1674 2412 1745 2462 1564,

60 2481 255 2551 persuaserint
922 2491 998 2545 edita
1022 2508 1049 2561 p.
1073 2494 1110 2545 13.
1134 2489 1243 2546 scribit:
1278 2491 1314 2543 ln
1342 2504 1371 2542 re
1396 2495 1454 2543 tom
1474 2490 1611 2557 perplexo
1634 2491 1748 2546 anons
1819 2546 1823 2553 ,

10 2588 16 2600 ·
101 2571 157 2623 tet.
194 2566 250 2622 Sed
275 2585 326 2623 nec
354 2568 449 2623 localis
475 2574 504 2625 et
532 2570 684 2640 pomonalis
705 2572 843 2628 successio
866 2573 894 2627 in
922 2576 1042 2630 nrbdrsb
1074 2576 1211 2644 iudsbs'um
1239 2581 1378 2647 persuum.
1425 2573 1483 2630 Nec
1515 2573 1626 2629 diffiteri
1656 2583 1750 2646 potest

10 2675 48 2716 nto
61 2652 181 2707 ecclesia
199 2653 326 2708 Romana
348 2660 424 2709 recto
444 2660 500 2710 stat
517 2657 581 2713 talo.
621 2655 691 2712 Cum
710 2656 747 2712 sit
767 2664 788 2713 1.
807 2659 894 2713 dudio
922 2661 1105 2717 Bellarminus
1128 2661 1175 2717 lib.
1194 2667 1218 2717 2.
1236 2661 1272 2715 de
1288 2657 1410 2730 pontific.
1428 2675 1450 2712 c.
1469 2665 1493 2714 5.
1517 2661 1691 2715 dsscordiom
1710 2671 1748 2716 ts·

10 2745 17 2758 '
61 2745 88 2792 et
111 2740 219 2792 inemo
242 2745 300 2792 tum
321 2739 429 2795 ratione
446 2742 579 2811 originis,
605 2748 663 2797 tum
684 2743 790 2798 ratione
809 2745 894 2797 conti·
921 2749 1003 2801 stium
1022 2748 1058 2803 de
1069 2747 1240 2803 successione
1252 2746 1439 2798 Romanorum
1448 2744 1645 2817 episcoporum.
1675 2747 1748 2805 Vide

12 2831 36 2872 1·
60 2826 212 2880 nuationis.
259 2824 400 2896 Originem
425 2826 499 2881 illius
518 2834 661 2900 tantopere
685 2829 895 2901 depraedicatae
921 2833 1030 2889 omnino
1053 2834 1088 2888 dc
1112 2834 1164 2887 hac
1188 2829 1356 2884 dissensione
1381 2835 1502 2885 veterum
1519 2836 1548 2887 et
1566 2834 1748 2890 recentiorum

13 2964 19 2976 ,
61 2911 244 2967 successionis
262 2919 404 2968 arcessunt
422 2913 458 2968 ab
478 2914 603 2983 apostolo
619 2915 717 2985 Petro,
741 2933 822 2988 quem
840 2923 891 2970 sta·
920 2920 948 2970 iu
967 2916 1082 2972 historia
1100 2919 1134 2971 de
1151 2915 1324 2972 successione
1335 2915 1415 2970 Rom.
1432 2915 1549 2986 pontific.
1576 2914 1747 2992 Urspergen·

60 3005 144 3053 tuunt
167 2996 272 3053 Romae
290 2998 419 3070 papalem
439 3000 531 3054 sedem
552 3001 682 3067 erexisse,
706 3001 790 3069 inque
811 3016 844 3054 ea
861 3005 892 3055 25
920 3019 978 3057 sem
1003 3003 1078 3073 apud
1103 3001 1227 3056 Flacium
1252 3006 1324 3057 cent
1352 3008 1374 3056 l.
1400 3003 1488 3057 mend.
1506 3001 1605 3072 papist.
1623 3018 1688 3077 pag.
1706 3011 1746 3064 st.

60 3099 148 3138 annos
167 3084 346 3153 praesedisse.
377 3083 433 3137 Sed
452 3088 562 3138 strenue
573 3084 643 3138 illud
654 3092 758 3156 negant
770 3090 799 3139 et
810 3085 893 3140 variis
920 3088 1055 3143 Polannm
1072 3087 1101 3142 iu
1121 3088 1230 3160 symph.
1251 3086 1351 3142 cathol.
1371 3103 1394 3140 c.
1417 3091 1452 3142 li
1472 3086 1542 3140 thesi
1558 3092 1675 3161 ditpsg.
1688 3097 1747 3149 665.

59 3169 230 3241 argumentis
246 3168 378 3225 refellunt
395 3168 506 3226 Ulricus
524 3170 646 3226 Velenus
664 3170 723 3241 (qui
741 3171 893 3226 octodecim
920 3181 944 3232 2.
961 3175 1104 3232 Succeseio
1121 3174 1171 3229 illa
1188 3173 1243 3228 fuit
1261 3174 1375 3244 saepius
1392 3173 1559 3243 interrupta,
1576 3176 1665 3245 primo
1685 3180 1745 3250 qui-

58 3255 249 3327 persuasiones
267 3255 303 3309 ad
320 3254 554 3326 impugnationem
569 3256 652 3327 hujus
664 3256 793 3311 thematis
805 3257 894 3327 affert,
920 3262 982 3316 dem
1006 3276 1062 3331 per
1090 3261 1253 3313 diuturnam
1279 3260 1457 3317 uocationem.
1503 3258 1648 3316 Referente
1673 3264 1745 3318 euim

59 3343 141 3412 cnjus
167 3341 267 3396 librum
292 3341 357 3396 vide
384 3340 459 3410 apud
485 3341 610 3396 Flacium
635 3343 664 3397 in
688 3344 768 3398 refut.
793 3343 891 3399 invect.
920 3346 1029 3402 Plotina
1050 3353 1113 3418 post
1136 3346 1293 3402 iohannem
1311 3343 1365 3401 111.
1393 3344 1501 3400 vacavit
1523 3345 1598 3400 sedes
1622 3347 1746 3406 Romana

60 3429 148 3484 Bruni
165 3445 229 3500 pag.
246 3433 314 3497 θεὴ,
334 3427 489 3482 Aventinus
509 3428 567 3499 (qui
584 3428 633 3486 lib.
652 3435 676 3484 2.
696 3430 786 3485 annal.
801 3430 820 3485 i.
838 3437 893 3488 tte.
919 3433 1058 3489 mensibus
1079 3429 1175 3489 deceni
1199 3432 1297 3488 diebus
1324 3430 1427 3500 tribus3
1461 3436 1524 3501 post
1543 3431 1686 3505 Pelagium
1707 3435 1743 3493 11.

60 3525 167 3587 septem
186 3515 356 3588 argumentis
369 3520 553 3571 commentum
566 3516 635 3570 illud
647 3517 767 3586 refellit),
785 3517 890 3573 Sebast.
920 3518 1060 3575 mensibus
1080 3534 1127 3573 sex
1145 3518 1243 3574 diebus
1260 3523 1308 3588 283
1327 3524 1390 3589 post
1401 3515 1561 3588 Gregorium
1573 3521 1714 3576 mensibus
1727 3528 1743 3578 5

60 3605 183 3658 Francus
207 3602 265 3674 (qui
285 3602 314 3656 in
331 3601 428 3657 chron.¹
447 3602 465 3657 f.
487 3608 546 3659 258.
566 3603 698 3659 latissime
716 3604 785 3658 illud
804 3604 892 3674 impu·
919 3605 1018 3661 diebus
1044 3610 1088 3672 193
1110 3612 1174 3675 post
1195 3603 1350 3659 Fabianum
1371 3602 1511 3658 mensibus
1532 3609 1559 3658 tt
1578 3605 1675 3661 diebus
1696 3613 1744 3679 263

59 3696 152 3762 gnati,
184 3687 274 3744 Carol.
302 3688 456 3743 Molinaeus
484 3688 526 3755 (in
551 3697 618 3743 orat
638 3688 759 3762 Tubing.
776 3690 893 3760 habits),
918 3697 981 3764 post
1008 3689 1182 3746 Boniiacium
1205 3689 1256 3744 111.
1283 3689 1422 3745 mensibus
1445 3693 1460 3743 fi
1486 3688 1579 3745 diebus
1606 3698 1652 3762 253
1681 3700 1791 3766 posin.
1804 3711 1849 3755 aaa

58 3776 162 3847 Georg.
179 3775 312 3847 Nigrinus
331 3776 371 3843 (in
391 3775 454 3831 sitis
473 3775 655 3845 pontificum),
673 3785 704 3831 ut
721 3776 893 3833 deiohaune
918 3777 1079 3834 Severinum
1099 3776 1239 3832 mensibus
1259 3782 1275 3831 t
1294 3774 1393 3830 diebus
1411 3778 1456 3843 ²93
1473 3781 1537 3845 post
1556 3774 1703 3834 Martinam
1722 3779 1742 3835 Ι.

58 3862 196 3917 Celnndro
223 3860 387 3929 Mantuano,
424 3861 559 3917 Michadle
589 3860 736 3930 Cesenate,
770 3862 892 3917 Massilio
918 3863 1059 3921 mensibus
1082 3869 1124 3931 tt,
1140 3867 1202 3934 post
1216 3861 1386 3918 Vitalianum
1404 3860 1744 3936 mensibustdiebus153

59 3948 196 4002 Patauino
214 3952 242 4002 et
258 3946 334 4011 aliis,
357 3946 404 4018 qui
423 3947 453 4001 id
470 3955 603 4019 negatum
622 3955 704 4016 eunt,
732 3948 801 4003 nihil
820 3948 892 4002 dica·
918 3954 981 4022 post
998 3950 1116 4005 Paulum
1131 3964 1203 4003 anno
1220 3964 1277 4002 uno
1295 3961 1387 4000 mense
1404 3959 1473 4013 uno,
1491 3955 1554 4017 post
1567 3947 1708 4006 Nicolaum
1721 3952 1742 4007 l.

59 4051 130 4087 mus.
166 4033 227 4098 Quo
245 4039 368 4104 tempore
388 4032 487 4088 Petrus
504 4033 622 4089 Romam
639 4034 759 4104 venerit,
785 4043 891 4105 pertur-
919 4037 997 4091 annis
1030 4041 1045 4091 8
1072 4034 1212 4091 mensibus
1239 4040 1252 4086 7
1279 4031 1377 4086 diebus
1402 4036 1417 4084 9
1443 4035 1493 4089 etc.
1541 4033 1651 4100 Quoties
1689 4037 1744 4093 dus

59 4118 219 4175 tutissimae
236 4126 301 4174 sunt
317 4125 439 4175 veterum
455 4124 483 4175 et
495 4119 677 4176 recentiorum
691 4122 891 4177 annotationes.
918 4123 962 4178 vel
991 4129 1047 4177 tres
1074 4122 1222 4191 antipapae
1248 4117 1283 4173 de
1308 4116 1362 4170 hac
1393 4115 1460 4170 sede
1486 4117 1562 4174 velut
1595 4123 1744 4179 mutientes

57 4205 195 4278 Origenes
214 4210 278 4260 tom.
293 4209 317 4260 3.
338 4205 367 4259 in
379 4203 448 4260 Gen.
462 4213 491 4261 et
501 4207 638 4263 Eusebius
655 4207 702 4263 lib.
718 4212 742 4263 3.
762 4224 784 4262 c.
804 4213 824 4264 1.
843 4207 891 4261 do·
918 4209 1041 4263 vultures
1067 4208 1102 4264 de
1124 4204 1228 4275 praeda
1248 4202 1367 4258 invicem
1390 4201 1599 4260 contenderunt!
1636 4207 1744 4265 Deinde
1757 4224 1883 4270 scitust·

56 4297 135 4353 cent,
155 4292 272 4346 Petrum
289 4293 339 4345 sub
353 4293 433 4355 tinem
451 4294 526 4347 vitoe
544 4294 664 4347 Romam
683 4295 798 4362 uenisse,
817 4293 891 4364 quod
913 4313 969 4365 per
992 4296 1195 4363 onnpopurum
1219 4287 1419 4343 dissensionem
1440 4295 1554 4358 possum
1566 4292 1665 4363 viginti
1683 4299 1745 4351 octo
1756 4280 1857 4329 ‘mn‘

56 4395 121 4435 cum
144 4376 258 4432 historia
275 4377 409 4432 Actorum
433 4377 632 4449 simplicissime
651 4380 797 4436 convenire
816 4381 892 4434 vide·
918 4381 1065 4436 schismata
1087 4393 1120 4432 ex
1145 4374 1282 4430 historicis
1299 4373 1451 4442 numerari,
1476 4378 1588 4445 quaein
1607 4381 1672 4434 sede
1689 4380 1744 4436 Ro·

55 4472 117 4531 tur,
136 4464 186 4519 sed
203 4463 303 4535 viginti
320 4464 442 4535 quinque
460 4480 594 4519 annorum
611 4466 783 4536 episcopatui
800 4465 891 4520 fortis·
917 4481 999 4521 mana
1034 4462 1223 4534 contigerunt,
1258 4459 1330 4515 inter
1367 4475 1438 4531 quse
1472 4460 1657 4532 gravisimum
1690 4465 1745 4521 fuit

55 4550 126 4607 sime
144 4558 290 4621 repugnat.
323 4545 507 4605 Bellarminus
526 4550 574 4604 lib.
596 4557 619 4606 2.
640 4552 675 4606 de
695 4551 815 4623 pontific.
828 4568 851 4608 c.
865 4557 890 4605 t.
918 4553 1036 4608 schisma
1063 4556 1104 4606 ti.
1131 4548 1205 4620 quod
1228 4546 1338 4601 duravit
1359 4547 1434 4601 ultra
1453 4551 1485 4601 30
1504 4560 1584 4602 anuss
1603 4549 1674 4606 inter
1690 4550 1743 4608 Ur·

55 4637 138 4701 dicit,
161 4637 279 4691 Petrum
297 4644 362 4690 unte
383 4637 508 4705 quintum
528 4656 632 4692 annum
650 4658 669 4692 c
686 4639 892 4693 rnunscstons
918 4639 1020 4715 basum
1039 4634 1089 4691 VI.
1110 4641 1138 4689 et
1156 4632 1324 4688 Clementem
1342 4630 1392 4686 Vl.
1435 4630 1489 4698 (De
1505 4629 1600 4702 quilns
1618 4637 1745 4692 videatur
1822 4683 1826 4691 .

55 4722 166 4779 Christi
190 4739 246 4776 non
275 4723 423 4777 eucoesisse
447 4739 480 4776 es
503 4724 634 4792 Judaeu,
664 4730 692 4780 et
709 4724 801 4792 addit,
830 4741 891 4778 eum
918 4726 1034 4796 isagoge
1054 4721 1249 4789 chronologica
1273 4718 1426 4786 Reusneri.)
1473 4718 1544 4772 Jum
1566 4736 1625 4775 sero
1644 4723 1744 4776 dubius

48 4818 120 4883 post
136 4810 188 4863 hoc
204 4809 422 4879 quinquennium
435 4809 561 4878 elapsum
576 4812 737 4881 profectum
757 4827 815 4864 esse
833 4811 890 4861 An·
918 4821 943 4863 et
968 4813 1090 4860 incertus
1107 4822 1190 4875 papa
1213 4804 1329 4858 liabetur
1352 4821 1410 4875 pro
1433 4805 1527 4875 nullo,
1556 4804 1653 4862 latente
1671 4808 1743 4878 ipso-

53 4897 196 4952 tiociium.
234 4895 288 4952 sec
313 4894 473 4969 Onupbrius
494 4898 605 4962 statuit,
631 4913 692 4948 eum
709 4903 774 4948 unte
789 4911 892 4947 nonum
918 4901 976 4950 met
990 4892 1159 4948 Bellarmino
1176 4889 1225 4944 lib.
1245 4896 1269 4945 i.
1288 4890 1322 4945 de
1339 4889 1435 4961 pontii.
1458 4908 1482 4948 c.
1502 4895 1526 4947 8.
1546 4892 1743 4950 aeschismati·

53 5002 158 5040 annum
172 4991 239 5052 post
263 4983 370 5035 Christi
386 4982 618 5035 resurrectionem
637 4999 693 5034 non
711 4981 857 5035 massonae
877 4997 891 5036 e
918 4998 965 5035 cos
990 4979 1058 5034 nihil
1081 4978 1153 5049 juris
1178 4976 1281 5031 babere
1305 4977 1334 5030 in
1352 4975 1469 5032 ecclesia
1485 4977 1609 5032 statuitur
1627 4995 1651 5034 o.
1672 4979 1742 5035 didi·
1756 4987 1790 5033 xt
1803 4988 1849 5034 m.

53 5072 182 5133 Judnec,
201 5074 230 5123 ct
248 5068 339 5136 addit,
358 5085 419 5122 eum
435 5076 502 5138 post
520 5069 572 5120 hoc
589 5070 755 5122 novennium
773 5069 891 5122 Romam
917 5068 1004 5122 cimus
1033 5070 1074 5120 at.
1106 5080 1133 5134 q.
1167 5070 1187 5118 1.
1224 5062 1313 5117 Nimis
1338 5062 1474 5134 prolixum
1500 5063 1583 5129 foret,
1602 5063 1742 5121 historiam

53 5158 172 5214 adimes.
205 5155 389 5211 Bellarminus
411 5153 515 5219 statuit,
532 5155 648 5209 Petrum
668 5156 788 5224 quinque
803 5172 891 5208 annos
917 5154 1026 5208 illorum
1038 5149 1217 5204 schismatum
1229 5155 1329 5211 texere.
1348 5149 1511 5205 remittimus
1524 5150 1604 5222 igitm
1612 5150 1742 5206 lectorem

52 5245 192 5300 mansius
212 5241 242 5295 in
262 5243 379 5296 Judnea
398 5249 424 5295 et
442 5250 545 5311 septem
564 5259 653 5294 annos
671 5243 776 5296 sedisse
793 5241 891 5294 Antio·
917 5241 953 5294 ad
967 5235 1149 5307 Onupbrium,
1161 5235 1307 5303 Platinarn,
1320 5235 1472 5292 Robertum
1481 5236 1594 5304 Barnea,
1606 5236 1743 5302 balaeum,

52 5333 149 5393 chiae,
169 5337 252 5400 etque
270 5329 312 5382 ito
330 5329 495 5383 duodecimo
514 5344 589 5382 anno
607 5346 626 5380 c
646 5328 753 5382 Oli-isti
766 5343 890 5381 resurre-
917 5325 1117 5396 Szegedinum,
1146 5322 1291 5391 Nigrinum
1315 5329 1343 5377 et
1364 5321 1447 5390 alios,
1471 5322 1519 5394 qui
1535 5322 1673 5378 historiam
1691 5322 1743 5379 Ro·

52 5421 146 5477 ctione
163 5418 269 5472 emisse
287 5416 414 5471 Romam.
450 5414 505 5471 Sed
527 5413 687 5485 Onuphrius
705 5413 810 5483 statuit,
829 5432 890 5469 eum
916 5427 1060 5466 manorum
1082 5408 1244 5480 pontificum
1268 5408 1484 5479 descripserunt.
1523 5407 1672 5466 Concilum
1690 5407 1742 5464 nu-

51 5503 91 5563 in'
98 5504 245 5578 principio
263 5501 334 5558 enni
352 5503 455 5557 decim
472 5520 491 5558 o
512 5500 617 5559 Christi
633 5500 835 5572 resurrections
845 5516 889 5555 oe·
916 5499 1033 5556 silecnse
1049 5510 1151 5569 papam
1163 5496 1322 5566 Ennium
1334 5495 1524 5566 pronuntiavit
1537 5495 1743 5565 tthbneilfflms
1763 5508 1767 5515 '
