4004 6022
770 218 823 276 DE
841 216 1031 276 masia
1177 207 1186 219 ⁸
1574 228 1575 233 ’
1685 226 1744 288 ele

54 374 155 431 landes
180 375 285 432 Mariae
313 374 431 443 diceret,
462 376 562 448 septies
585 383 686 432 terrem
709 376 1037 448 msularetur,=ptr'onem
1061 375 1186 440 filiorem
1207 389 1262 444 per
1286 371 1424 443 Spiritum
1451 391 1473 429 s.
1498 374 1529 428 ia
1555 375 1665 429 nemim
1688 376 1749 429 Dei

55 460 199 516 Christum
215 462 357 529 adoraret,
382 462 526 533 quinquies
545 463 696 516 orationem
714 436 1013 516 DominicamlPatrsir
1036 461 1231 532 omnipotentis
1254 467 1280 514 et
1297 461 1327 512 in
1345 461 1462 513 caritate
1480 461 1552 513 Jesu
1570 459 1679 514 Cirrieti
1694 461 1750 526 atie
1853 479 1856 484 ·
1922 462 1925 467 “

54 548 195 618 totiesque
225 549 420 603 salutationem
441 550 594 619 angelicam
616 548 757 614 recitaret,
787 547 888 618 quibus
916 549 986 617 ejas,
1004 549 1123 602 Domini
1137 547 1235 614 nostri,
1254 546 1378 616 quicum
1394 547 1748 616 eoeimtetrepnatDeur

55 634 185 688 omuibus
209 634 261 689 rite
287 634 407 704 peractis
423 635 516 705 egredi
534 637 628 704 jussus
647 634 757 704 saepius
775 633 889 705 ingemi·
916 635 945 687 in
962 635 1070 687 unitate
1089 634 1214 703 Spiritus
1233 632 1334 687 sancti.
1361 631 1399 685 Et
1417 638 1526 702 postea:
1548 630 1764 702 Tepreeamua¹

56 719 151 773 navit:
173 721 245 787 Vas,
265 738 324 783 eae,
343 738 394 773 uae
415 722 484 773 mibi
501 723 612 789 misero,
629 723 705 773 intro
724 721 826 788 us'pinti
840 737 889 771 an·
917 723 1039 774 Domine
1056 729 1152 776 sancte
1166 722 1263 787 Pater,
1282 719 1454 789 omnipotens
1467 726 1577 774 amorne
1592 720 1679 789 Deus,
1694 736 1748 789 per

56 823 159 858 norum
177 807 300 875 spatium
317 807 414 859 nullus
428 808 636 878 daemonion
649 808 736 860 tantis
750 784 1055 860 arnmtult'tristum
1081 808 1234 862 Dominum
1265 812 1404 872 nostrssm,
1438 812 1468 859 at
1493 813 1639 860 cemimus
1665 806 1749 875 bajus

55 890 199 958 subjectus
210 893 287 957 fuit,
313 894 424 960 quantis
442 910 492 959 epo
536 892 762 947 Hasenmiillerus
779 890 808 943 in
826 888 889 942 hist.
902 872 1113 977 {pinquedinem
1138 893 1317 956 candificare
1341 900 1390 945 tua
1412 893 1600 947 benedictione
1624 893 1806 961 dipnerssm
1820 903 1851 946 tt.

55 975 157 1031 besuit
181 993 204 1031 c.
229 982 253 1032 8.
276 994 302 1046 p.
328 984 386 1034 296.
408 995 441 1032 ex
461 978 597 1033 'sarriano
621 977 719 1044 refert,
743 977 817 1047 quod
840 975 943 1030 ali-'et
966 981 1059 1032 sancti
1077 980 1202 1049 Spiritus
1219 980 1246 1033 ei
1263 979 1417 1032 admucsrc
1435 979 1564 1032 simenem
1582 987 1748 1048 cooperante

56 1063 170 1133 quando
187 1062 292 1118 Romae
314 1063 417 1117 femina
439 1064 574 1135 quaedam
599 1080 617 1117 a
642 1063 752 1117 diabolo
775 1062 889 1116 obsessa
919 1065 1024 1119 Christi
1047 1066 1120 1119 Filii
1142 1067 1184 1119 tui
1201 1065 1344 1135 potentie,
1373 1083 1393 1118 a
1416 1065 1498 1132 cnjus
1520 1066 1629 1119 nomine
1654 1072 1750 1120 sancto

57 1149 201 1218 lgnatium
218 1148 353 1219 Inyolam
379 1155 476 1204 secuta
494 1150 531 1203 sit
546 1157 574 1202 et
589 1150 728 1203 clamarit:
755 1147 1039 1227 Praestantissima
1058 1168 1157 1205 nomen
1174 1153 1291 1220 accepit,
1308 1153 1382 1205 unde
1397 1153 1505 1205 ansati
1519 1154 1688 1220 sacmdotes,
1706 1168 1750 1205 re-

56 1252 101 1288 me
126 1236 248 1289 liberare
271 1243 297 1288 et
314 1237 421 1304 juvare
443 1244 530 1305 potes.
567 1235 646 1290 Tunc
672 1235 805 1305 Inyolam
824 1233 890 1288 reci·
917 1253 974 1304 pes,
988 1238 1142 1306 propbetas
1155 1245 1412 1306 etmartprsstuos,
1429 1238 1752 1306 utspirituulisluvaeri

56 1325 134 1376 tasse
151 1337 261 1376 versum
278 1321 401 1394 Virgilii:
918 1323 1055 1391 baptismo
1068 1325 1247 1391 renouandis,
1267 1332 1427 1378 creaturam
1440 1324 1600 1378 cirismatis
1613 1325 1643 1377 in
1654 1341 1749 1378 sacra·

116 1407 284 1477 Speluncam
302 1410 393 1477 Dido,
411 1411 469 1462 dac
486 1417 512 1461 et
534 1409 677 1477 Troianas
696 1408 822 1474 eandem,
918 1417 1038 1462 mentum
1052 1412 1199 1478 perfectae
1217 1411 1320 1463 salutis
1332 1412 1459 1481 vitaeque
1473 1413 1625 1480 confirmes,
1644 1419 1674 1464 ut
1686 1428 1749 1464 san·

57 1510 117 1564 qna
131 1511 197 1549 voce
211 1495 308 1549 audita
325 1496 486 1550 daemonem
503 1496 644 1551 mulierem
662 1493 843 1565 prostravisse
860 1505 893 1544 sc
918 1495 1086 1561 aifiomions
1117 1496 1255 1550 unctioms
1285 1496 1398 1564 infusa,
1436 1497 1613 1566 correptione
1637 1498 1750 1567 primm

57 1581 248 1652 egredientem
266 1582 413 1637 clamasse:
434 1584 457 1636 O
475 1583 520 1647 fili
535 1583 651 1650 Lopola,
670 1590 700 1634 tu
720 1597 769 1634 ceu
788 1579 830 1632 leo
849 1593 892 1630 me
919 1582 1075 1634 natiuitatis
1093 1583 1227 1652 absorpta
1244 1591 1371 1636 sanctum
1381 1583 1598 1652 uniuscujusque
1617 1583 1750 1652 templum

57 1669 101 1719 ad
116 1668 279 1736 speluncam
298 1669 408 1734 inferni
426 1670 504 1722 abire
523 1669 614 1737 copis,
638 1670 690 1721 sed
708 1684 777 1734 ropo
796 1673 836 1731 te,
858 1680 893 1716 ae
919 1668 1091 1734 acceptabili
1112 1669 1186 1722 uitae
1212 1669 1387 1722 innocentiae
1412 1671 1499 1722 edere
1524 1669 1694 1732 redolescat,
1720 1676 1750 1722 ut

58 1771 101 1807 me
133 1762 264 1808 aeternae
292 1755 440 1823 speluncae
465 1755 589 1823 injicias.
630 1754 732 1810 Postea
754 1750 893 1823 ignatium
919 1757 1068 1807 emendum
1091 1754 1294 1807 constitutionis
1317 1763 1382 1807 tuae
1404 1763 1608 1808 sacramentum
1626 1756 1704 1824 rapio
1724 1763 1750 1808 et

58 1840 100 1894 illi
118 1839 233 1896 dixisse:
256 1842 334 1895 Vade
353 1857 513 1910 quoeunque
532 1842 665 1909 uolueris,
684 1841 767 1894 modo
785 1837 893 1890 nauium
918 1840 1094 1892 sacerdotali
1108 1840 1325 1909 propheticoque
1342 1841 1446 1894 bonore
1462 1842 1575 1909 perfusi
1590 1842 1750 1896 uestimento

60 1928 186 1996 amplius
212 1929 347 1980 bominem
374 1929 517 1997 obsideas,
541 1944 575 1981 ac
601 1927 694 1982 satim
719 1923 892 1979 daemonium
919 1926 1078 1994 incorrupti
1093 1929 1216 1980 muneris
1234 1928 1404 1990 induantur,
1421 1935 1452 1979 ut
1469 1927 1574 1995 sititis,
1593 1928 1752 1996 quirenati

59 2029 162 2083 magno
180 2030 241 2067 cum
258 2013 375 2083 strepitu
393 2030 533 2084 egressum
553 2030 620 2068 esse.
657 2012 753 2069 Solent
767 2011 849 2066 etiam
864 2009 893 2061 in
918 2012 1026 2073 fecerint
1045 2027 1076 2066 ea
1094 2031 1169 2082 apua
1188 2020 1214 2067 et
1231 2014 1377 2082 Spiritus.
1399 2013 1520 2066 sinemo
1532 2015 1634 2068 solutis
1652 2031 1750 2083 eosque

60 2099 221 2167 expulsione
246 2100 410 2154 daemonum
434 2100 470 2154 ab
495 2099 614 2154 obsessis
633 2098 764 2153 adhibere
783 2097 893 2166 signum
920 2106 1051 2151 aeternae
1076 2100 1150 2153 onae
1171 2100 1329 2168 participes
1356 2107 1381 2152 et
1402 2100 1529 2153 caelatis
1554 2101 1636 2168 repni
1657 2101 1750 2164 faciat

59 2185 160 2253 crucis,
179 2186 382 2255 adspersionem
399 2203 489 2257 aquae
507 2186 679 2253 benedictae,
698 2184 808 2255 pulsum
819 2199 892 2236 cam·
919 2200 978 2237 esse
997 2194 1144 2240 camertes.
1179 2185 1257 2241 Neve
1275 2185 1342 2255 quid
1360 2185 1509 2255 impietatis
1528 2203 1562 2240 ac
1579 2186 1750 2255 superstitio·

59 2289 210 2342 panarum,
228 2273 369 2327 incensum
390 2289 544 2339 cereorum,
562 2272 747 2326 admotionem
765 2269 892 2340 reliquia·
918 2271 960 2324 nis
979 2271 1058 2338 desit,
1075 2270 1200 2341 pontifex
1220 2269 1352 2325 inclinato
1371 2270 1465 2340 capite
1483 2272 1658 2341 postmodum
1677 2271 1750 2327 salu·

59 2374 121 2412 rum
140 2366 191 2413 etc.
227 2359 267 2412 At
285 2358 508 2428 qnisnonvidet,
527 2358 601 2412 hunc
615 2357 726 2411 modum
738 2355 892 2426 expellendi
918 2362 961 2411 tat
987 2357 1106 2411 chrisma
1132 2357 1242 2412 dicens:
1269 2360 1328 2410 Aee
1355 2365 1481 2409 sanctum
1509 2357 1638 2410 chrisma.
1677 2356 1751 2413 Vide

59 2444 209 2498 daemones
231 2444 268 2498 ab
292 2444 441 2514 apostolico
462 2445 611 2515 plurimum
631 2444 742 2498 differre
761 2449 790 2500 et
809 2441 892 2496 collu-
919 2445 999 2514 plura
1027 2443 1154 2513 exempla
1175 2443 1273 2497 talium
1292 2442 1519 2498 exorcisationum
1538 2449 1567 2497 et
1586 2443 1749 2498 incantatio-

59 2530 166 2585 sionem
189 2531 232 2584 vel
251 2537 324 2584 certe
341 2531 495 2586 illusionem
516 2531 618 2586 diaboli
637 2530 666 2584 in
683 2530 739 2584 illis
757 2528 892 2599 expulsio·
918 2546 984 2583 narn
1007 2530 1036 2583 in
1059 2530 1130 2600 spol.
1153 2529 1270 2584 mnfess.
1294 2529 1432 2584 Wirtenb.
1455 2535 1526 2599 part.
1548 2536 1569 2584 l.
1593 2546 1618 2586 c.
1648 2530 1684 2583 de
1701 2529 1749 2584 bs-

59 2616 143 2670 nibus
169 2617 359 2672 intercedere?
400 2623 425 2671 2.
442 2619 555 2672 Abusus
581 2619 703 2671 nomionis
729 2617 820 2670 diuini
844 2632 892 2684 per
918 2615 1017 2686 ptismo
1034 2635 1061 2687 p.
1083 2622 1141 2672 ste.
1161 2614 1348 2670 Pertinethuc
1363 2616 1532 2670 consecratio
1544 2631 1750 2686 campanarum,

58 2703 241 2758 multiformes
256 2702 467 2758 exorcisationes
485 2710 514 2758 et
532 2703 729 2773 adjurationes,
746 2702 813 2755 item
831 2694 892 2767 olei,
919 2704 955 2756 de
977 2720 1033 2775 qua
1055 2703 1111 2757 late
1135 2702 1241 2773 egimus
1265 2709 1332 2756 tom.
1356 2709 1380 2758 4.
1404 2702 1486 2757 locor.
1508 2718 1532 2756 c.
1559 2702 1594 2757 de
1612 2702 1750 2773 baptismo

57 2789 134 2856 salis,
151 2805 248 2860 aquae,
267 2787 414 2844 herbarum
432 2797 461 2843 ct
479 2789 594 2843 aliarum
607 2806 698 2844 rerum
711 2787 893 2844 consecratio·v
903 2751 906 2843 b
918 2787 945 2864 ξ.
968 2796 1023 2846 166.
1043 2790 1114 2844 Item
1133 2789 1208 2860 quod
1226 2789 1399 2857 euangelium
1419 2787 1560 2840 Jobanais
1581 2788 1693 2844 chartae
1709 2789 1749 2842 in·

58 2890 122 2943 nee,
147 2891 219 2944 quae
236 2875 305 2929 nibil
324 2875 401 2929 aliud
419 2884 485 2930 sunt
503 2892 585 2947 quam
605 2876 757 2930 horrendus
775 2855 1050 2951 nominis-scriptum
1074 2875 1147 2930 collo
1172 2875 1336 2945 appendunt
1360 2874 1396 2928 ad
1421 2872 1521 2938 febris,
1547 2873 1697 2945 epilepsiae
1721 2879 1750 2929 et
1829 2903 1831 2907 >

58 2978 92 3015 ac
111 2961 188 3016 verbi
204 2961 290 3015 divini
308 2962 421 3030 abusus,
439 2962 641 3033 finguntenim‚
659 2961 804 3016 sineomni
817 2976 892 3014 man·
918 2963 1033 3017 aliorum
1063 2961 1219 3018 morborum
1243 2960 1407 3029 remedium,
1438 2960 1513 3031 quod
1541 2961 1749 3015 characteribus

60 3048 143 3116 dato,
169 3049 347 3118 promissione
369 3058 397 3104 et
419 3050 543 3119 exemplo
569 3050 623 3103 illis
641 3047 893 3103 consecrationibus
918 3057 945 3104 et
963 3051 1055 3103 uerbis
1073 3050 1164 3103 samis
1186 3048 1222 3102 ad
1240 3048 1396 3103 morborum
1415 3047 1611 3102 medicationes
1630 3047 1748 3102 abutan-

59 3143 89 3189 et
115 3135 359 3190 exercitationibus
386 3152 484 3190 novam
512 3136 651 3206 quandam
674 3151 790 3207 eamque
815 3134 892 3204 spiri·
918 3142 977 3203 tur;
997 3135 1072 3206 qnod
1091 3135 1302 3204 superstitiosae
1319 3151 1387 3186 suus
1406 3134 1578 3187 ceremonias
1597 3139 1625 3187 et
1644 3150 1748 3189 errores

59 3221 164 3276 tualem
188 3221 309 3295 δύναμιν
328 3222 461 3277 creaturis
478 3222 610 3290 conferri,
633 3227 665 3276 ut
683 3221 783 3276 docent
799 3237 892 3275 conse·
920 3221 1078 3292 Scripturas
1096 3221 1177 3275 dictis
1196 3219 1268 3274 male
1286 3218 1400 3273 detortis
1417 3219 1537 3288 probare
1553 3218 1678 3273 nituntur
1697 3226 1748 3274 etc.

59 3308 215 3362 mansuum
243 3308 377 3362 formulae
406 3308 434 3361 in
466 3307 627 3379 pontificiali
652 3325 685 3362 ac
710 3306 891 3362 ceremoniali.
919 3308 1084 3379 Cumprimis
1108 3307 1162 3361 hnc
1184 3304 1372 3373 referendum,
1396 3304 1470 3374 quod
1492 3304 1619 3359 monachi
1638 3304 1749 3360 Ranci-

59 3393 161 3449 Oleum
183 3392 351 3448 infirmorum
370 3393 544 3448 benedicitur
563 3392 605 3448 his
624 3393 728 3448 verbis:
755 3392 892 3447 Euorciso
919 3395 995 3449 scani
1018 3395 1127 3465 linguas
1151 3409 1215 3447 suas
1238 3392 1275 3445 ad
1298 3389 1518 3445 maledicendum
1536 3391 1648 3446 venales
1667 3408 1749 3462 expo·

57 3489 103 3547 tc,
130 3480 346 3534 immundissime
370 3482 489 3549 spiritus
507 3480 648 3549 omnisque
667 3480 791 3534 incursio
811 3480 894 3533 Sata·
919 3489 989 3536 nunt
1010 3489 1039 3536 et
1062 3480 1191 3536 conducti
1208 3479 1245 3534 ab
1265 3479 1312 3547 iis,
1337 3478 1385 3549 qui
1404 3477 1509 3532 hostem
1529 3478 1647 3548 habent,
1667 3495 1749 3551 quem

57 3584 115 3620 nae
139 3575 166 3621 et
183 3585 261 3620 omne
279 3568 456 3636 phantasma,
473 3568 504 3619 in
520 3568 631 3620 nomine
651 3567 759 3634 Patris,
777 3566 852 3618 Filii
869 3573 893 3618 et
904 3550 908 3663 ι
918 3569 1004 3625 velint
1012 3569 1160 3639 perditum,
1166 3568 1310 3637 psalmum
1321 3567 1497 3620 cemeamum
1511 3582 1612 3619 nonum
1623 3569 1749 3631 recitant,

59 3652 187 3723 Spiritus
213 3656 316 3722 sancti,
338 3663 369 3708 at
392 3657 510 3707 recedas
532 3656 567 3706 ab
587 3654 639 3707 boc
656 3654 733 3717 oleo,
757 3660 787 3704 nt
801 3653 893 3722 possit
919 3654 1108 3726 propheticum
1125 3657 1330 3708 sacrosanctum
1343 3651 1483 3707 oraculum
1495 3652 1657 3706 exsecrabili
1671 3651 1750 3708 mali·

56 3742 141 3808 efJici
156 3741 249 3794 unctio
268 3741 430 3809 spirituales
451 3742 492 3793 ad
511 3740 893 3808 corroborandumtemplum
919 3744 959 3796 tie
975 3741 1160 3813 profanantes.
1195 3743 1223 3793 3.
1241 3739 1388 3808 Perjuria.
1422 3736 1551 3793 Pontifex
1569 3738 1621 3792 sibi
1640 3743 1751 3810 ansgui

56 3828 122 3882 Dei
145 3827 214 3890 eloi,
240 3834 270 3878 ut
292 3828 323 3879 in
346 3844 377 3880 eo
398 3827 490 3894 possit
512 3826 637 3894 Spiritus
654 3844 676 3878 s.
697 3826 824 3879 babitare
838 3841 893 3894 per
919 3833 1083 3899 potestatem
1110 3825 1273 3882 absolvendi
1296 3824 1422 3879 subditos
1445 3841 1463 3878 a
1480 3825 1639 3894 juramento
1661 3825 1749 3896 megi·

56 3930 160 3966 nomen
178 3914 238 3967 Dei
254 3913 353 3965 Patris
376 3912 572 3980 omnipotentis
595 3919 620 3964 et
635 3928 689 3979 per
705 3929 804 3965 nomen
822 3911 892 3965 dile·
918 3915 1017 3969 stratui
1042 3913 1175 3985 praestito
1199 3928 1232 3966 ac
1256 3910 1430 3967 rescindendi
1448 3912 1608 3981 juramenta
1632 3926 1698 3966 rere
1722 3915 1750 3966 et

55 3999 178 4052 mummi
194 3999 255 4067 filii
279 3999 341 4066 ejus
367 3999 485 4051 Domini
509 3999 600 4051 nostri
617 3999 688 4050 Jesu
706 3997 821 4051 Christi.
855 3998 893 4052 Et
918 4002 1049 4073 legitima.
1085 4000 1154 4055 Cum
1180 4016 1245 4055 vero
1262 3999 1345 4053 talem
1363 4002 1528 4068 potestatem
1547 3996 1678 4051 divinitus
1695 3995 1749 4051 sibi

54 4092 169 4155 postea:
192 4085 297 4138 Emitte
317 4103 482 4153 quaesumus
499 4085 623 4138 Domine
645 4084 782 4152 Spiritum
800 4103 823 4138 s.
837 4104 891 4154 pa·
917 4078 1047 4142 traditam
1072 4089 1234 4158 neutiquam
1259 4085 1399 4149 obtineat,
1426 4083 1458 4137 fit
1485 4083 1582 4137 docter
1603 4088 1632 4137 ct
1653 4088 1749 4138 auctor

53 4171 194 4224 ructatum
209 4173 243 4224 de
259 4170 469 4224 coelisinisanc
477 4171 789 4239 pinquedinemolioae,
808 4167 1106 4243 quam'perjuriorum.
1148 4172 1266 4226 Aeetius
1293 4172 1354 4226 libr.
1379 4176 1404 4225 5.
1428 4169 1514 4223 instit.
1539 4169 1634 4224 moral.
1661 4186 1685 4226 c.
1710 4175 1747 4224 15.

55 4257 95 4309 de
118 4256 206 4309 uiridi
227 4256 305 4323 lipno
323 4257 482 4324 producere
505 4258 638 4324 dipnatus
657 4273 686 4309 es
705 4258 745 4308 ad
761 4259 890 4321 refectio·
917 4279 943 4331 p.
972 4267 1031 4316 127:
1057 4259 1217 4313 Canonicus
1241 4258 1358 4327 quidam
1379 4255 1518 4310 iareb-itur
1543 4256 1574 4308 in
1592 4256 1749 4324 pontificem

54 4359 121 4398 nem
146 4344 244 4396 mentis
263 4349 288 4395 et
306 4343 446 4412 corporis,
470 4349 500 4394 ut
518 4349 567 4395 tua
586 4350 683 4395 sancta
703 4343 905 4397 benedictione
920 4347 1102 4414 Greporium,
1127 4347 1205 4415 quod
1222 4352 1346 4413 tempore
1366 4343 1465 4410 mapni
1480 4342 1651 4408 sobmmatis,
1671 4349 1749 4394 ante·

53 4429 95 4482 sit
114 4429 190 4480 omni
206 4429 256 4482 boo
275 4437 413 4496 unquento
430 4428 557 4481 coelestis
575 4429 730 4482 medicinae
753 4439 890 4497 peruncto
917 4450 1000 4502 quam
1018 4433 1149 4502 pontifex
1169 4439 1329 4499 crearetur,
1347 4431 1512 4498 juraverat,
1531 4428 1645 4496 publico
1664 4435 1688 4480 et
1705 4444 1748 4480 so·

53 4523 182 4569 tatamen
206 4516 305 4568 mentis
329 4523 355 4567 et
381 4515 510 4583 corporis
535 4516 576 4566 ad
598 4517 775 4568 mutuandas
799 4518 995 4572 onsnes'ienni
1022 4519 1080 4571 ritu
1109 4534 1169 4571 sese
1198 4517 1395 4570 abdicaturum
1424 4514 1575 4580 Pontificio
1600 4520 1748 4582 potestate.

55 4602 182 4669 dolorm,
198 4617 292 4654 omncs
310 4601 487 4664 infirmitates
508 4618 666 4669 omnemque
687 4604 890 4669 aspritudinem
917 4608 1021 4659 Postea
1038 4621 1103 4657 uero
1116 4604 1249 4672 pontifex
1267 4603 1369 4655 electus
1387 4600 1479 4655 noluit
1492 4601 1689 4668 pontificatum
1701 4600 1748 4652 de·

53 4688 158 4742 mentis
177 4695 202 4740 ct
221 4688 363 4754 corporis,
389 4689 464 4739 unde
483 4686 589 4739 unxisti
605 4690 780 4756 sacerdotes,
803 4706 1026 4769 repes„poncre.
1060 4691 1100 4744 At
1113 4697 1207 4759 potest
1220 4688 1353 4757 pontifex
1371 4687 1514 4739 Romanus
1531 4701 1560 4738 se
1580 4686 1673 4754 speum
1693 4685 1748 4738 sol-

48 4774 209 4846 propbetas
230 4782 254 4825 et
273 4781 423 4840 martyres,
448 4774 484 4826 sit
503 4773 624 4826 chrisma
642 4781 718 4827 tuum
732 4777 891 4843 perfectum
902 4772 904 4791 ²
916 4795 980 4831 uere
998 4795 1017 4830 a
1031 4785 1094 4831 uoto
1110 4785 1138 4829 et
1155 4775 1354 4845 jurejurandi
1370 4772 1507 4841 religione
1527 4780 1553 4825 et
1571 4772 1647 4841 ispe,
1666 4772 1749 4826 ηιοάο

53 4861 138 4917 nobis
156 4860 279 4914 Domine
297 4877 316 4911 a
335 4867 363 4911 te
383 4859 555 4912 benedictum
569 4877 738 4928 permanens
757 4862 787 4913 in
806 4862 890 4915 omae·
917 4866 1010 4919 debita
1026 4864 1115 4917 nubsit
1134 4879 1228 4916 cansa.
1264 4860 1312 4914 Sic
1329 4876 1396 4931 ergo
1413 4876 1468 4914 non
1487 4860 1574 4913 solum
1592 4859 1674 4928 alios,
1699 4857 1748 4913 sed

52 4948 136 5017 ribus
154 4946 257 4998 nostris
276 4946 306 4998 in
324 4946 434 5000 nomine
454 4946 574 4999 Domini
591 4947 683 4999 nostri
697 4947 767 4999 Jesu
781 4948 891 5001 Christi.
902 4970 905 5033 ,
916 4951 999 5007 etiam
1018 4965 1049 5003 se
1065 4948 1154 5020 ipsum
1180 4965 1197 5001 a
1214 4948 1372 5016 juramento
1389 4945 1532 5000 absolvere
1551 4951 1644 5014 potest
1660 4943 1748 5015 ponti·

56 5030 186 5088 chrisma
210 5030 250 5086 sic
271 5030 459 5087 benedicitur:
486 5033 625 5085 Esoroiso
643 5040 669 5085 te
688 5041 818 5085 creatura
836 5035 892 5088 olei
916 5039 977 5103 fex,
994 5036 1122 5090 nimirum
1140 5041 1172 5089 ut
1190 5034 1269 5087 ludat
1282 5031 1455 5102 J'uramentis,
1475 5031 1547 5085 sicut
1564 5031 1644 5101 pueri
1662 5037 1748 5085 astra·

47 5135 110 5191 per
128 5121 222 5173 Deum
239 5120 356 5172 Patrem
379 5119 605 5187 omnipotentem,
630 5120 679 5187 qui
688 5120 765 5186 fecit
784 5121 891 5186 coelium
915 5123 995 5195 galis.
1033 5121 1164 5177 Ostendit
1181 5136 1246 5175 vero
1266 5125 1394 5186 eventus,
1418 5117 1619 5172 absolutionem
1638 5133 1656 5170 a
1671 5117 1748 5185 jnra-

54 5215 82 5260 οι
103 5213 207 5259 terram
222 5213 248 5258 et
266 5205 374 5271 omnia,
391 5221 463 5272 quoe
480 5205 510 5256 in
528 5205 568 5257 eis
588 5211 664 5272 sunt,
681 5212 711 5257 nt
730 5207 819 5258 omnis
835 5207 890 5258 oir-
916 5216 1008 5264 mento
1033 5208 1116 5262 etiam
1138 5206 1211 5260 hosti
1234 5205 1367 5276 praestito
1392 5221 1441 5274 psr
1462 5201 1621 5274 pontificem
1645 5203 1747 5257 factam
1768 5253 1772 5259 .

44 5301 102 5346 tus
120 5291 288 5359 aduersarii,
307 5291 394 5344 omnr's
412 5291 549 5343 ssercr'tus
567 5290 678 5343 diaboii
696 5291 838 5359 omnisque
849 5271 976 5351 inlDeo
1000 5292 1217 5364 haudquaquam
1240 5291 1327 5346 fuisse
1344 5288 1532 5360 approbatam.
1568 5288 1696 5360 Agrippa
1712 5289 1747 5344 de

53 5377 151 5432 curuo
170 5386 194 5430 et
213 5394 290 5430 omne
306 5377 476 5445 phantasma
494 5377 654 5430 numesius
672 5386 697 5429 ot
718 5380 854 5446 inpupetur
871 5355 1000 5450 eivenit.
1023 5381 1120 5434 scient.
1139 5396 1162 5432 c.
1181 5383 1227 5433 61:
1256 5377 1399 5443 Eupenius
1411 5372 1546 5444 pontifea
1561 5377 1595 5429 ob
1614 5376 1749 5429 uiolatum

53 5474 91 5535 te,
111 5471 139 5517 at
157 5466 209 5527 fias
229 5465 362 5530 omnibros,
380 5463 429 5532 qui
449 5482 480 5517 ax
498 5470 524 5517 le
540 5464 664 5530 unpeudi
682 5471 755 5531 sunt,
771 5465 802 5517 in
821 5461 904 5539 ado-l
920 5470 1030 5531 Pareae
1050 5467 1257 5536 jurejurandum
1283 5462 1474 5516 Christianam
1498 5461 1696 5531 rempublicam
1718 5462 1748 5517 in

1366 5564 1417 5620 3³*
