4004 6022
181 226 241 287 292
744 214 868 271 Locus
884 213 1089 273 vicesimus
1107 212 1306 273 SECUNDUS

179 371 355 442 acceptiones
374 370 583 442 disdnguimus,
605 387 640 426 no
657 369 711 439 illi,
735 369 785 442 qui
803 369 913 424 suntin
932 371 1011 423 coetu
1038 368 1084 422 ssa
1100 385 1195 424 omnes
1209 376 1387 438 peccatores,
1413 368 1465 420 ssd
1481 374 1588 422 tanneris
1604 381 1667 436 cos,
1683 366 1734 436 qai
1749 367 1878 422 idolola-

180 465 353 525 vocatorum,
384 458 431 529 qui
457 457 573 514 eandem
597 456 762 528 profitentur
784 473 847 511 cum
869 471 933 512 vere
956 470 1012 508 ore·
1040 456 1124 509 triam
1147 456 1361 525 commiseram
1384 455 1425 509 sic
1449 471 1501 508 noe
1516 455 1586 522 pari
1602 455 1687 507 modo
1705 471 1763 507 non
1783 454 1879 508 sachs-

181 544 308 601 dentibus
330 543 414 598 fidem
437 542 589 615 iisdemque
612 550 727 597 utuntur
754 542 933 597 sacramentis
957 538 1013 593 fide
1040 543 1106 594 ders
1125 559 1218 596 omncs
1232 549 1403 611 peccatores,
1419 542 1472 594 scd
1487 549 1592 594 tamam
1610 559 1664 604 cos,
1684 541 1878 609 qainoncers

179 647 245 687 sera
266 638 295 685 et
316 631 380 684 vive
402 631 511 685 interim
537 629 679 696 destituti,
703 646 738 684 ne
762 629 896 699 (inquam)
918 625 959 681 illi
978 624 1012 679 de
1039 630 1168 696 credant,
1195 647 1256 682 cam
1282 636 1452 696 statuamus,
1479 628 1587 680 nnllam
1610 628 1715 680 crimen
1738 627 1880 696 importari

178 716 330 772 honorifico
356 717 488 772 ecclesiae
512 716 624 772 nomine
649 715 704 770 sibi
730 714 909 768 blandientur
933 712 1012 766 etad
1039 715 1222 770 sedentiles.
1260 713 1484 784 Respondemus:
1510 730 1566 767 non
1585 713 1703 781 imputet
1721 712 1776 767 tibi
1793 713 1874 768 Deus

179 818 210 857 se
232 803 371 872 pertinere
394 808 519 857 statuant
543 802 666 872 insignes
686 801 748 856 illes
767 800 960 871 promissiones
980 814 1012 851 ec
1038 799 1091 854 hoc
1112 800 1230 868 crimen,
1254 801 1328 871 quod
1350 817 1400 870 per
1425 799 1590 854 calumniam
1613 805 1710 854 conus
1731 799 1875 869 propriam

178 887 339 945 honorifica,
356 889 493 957 encomia,
523 905 596 960 quac
619 904 702 944 verae
723 887 857 944 ecclesiae
874 886 932 940 sive
948 902 1011 940 cou-
1039 886 1235 941 conscientiam
1258 887 1338 942 nobis
1365 886 1483 959 φορτικὰ
1509 886 1557 940 illa
1581 883 1743 957 ἀκούσματα
1764 885 1876 954 tribuis,

179 975 336 1045 gregationi
355 982 513 1031 sanctorum
532 976 561 1029 in
578 973 728 1044 Scripturis
748 972 922 1039 tribuuntur,
943 987 1012 1025 neve
1039 973 1117 1041 qussi
1146 979 1314 1041 statuemus,
1348 988 1440 1028 veram
1465 989 1499 1027 ac
1526 971 1677 1026 salvificam
1701 970 1787 1026 fidem
1811 987 1876 1027 cnm

179 1060 346 1130 existiment,
363 1078 392 1115 se
413 1061 538 1115 damnari
556 1078 613 1116 non
629 1076 720 1131 posse,
738 1077 801 1114 cum
821 1059 877 1112 sint
890 1057 1013 1113 membra
1039 1058 1160 1128 peccatis
1195 1063 1292 1113 contra
1326 1058 1523 1112 conscientiam
1552 1058 1701 1112 consistere
1732 1073 1816 1128 posse
1842 1073 1876 1111 ac

179 1146 296 1202 visibilis
319 1145 466 1214 ccclesiae,
490 1147 514 1200 si
538 1146 583 1201 vel
607 1146 725 1200 maxims
749 1145 779 1198 in
804 1142 1013 1213 impoenitentia
1039 1143 1147 1197 nullum
1164 1143 1269 1199 cumen
1287 1143 1462 1199 credentibus
1480 1143 1627 1213 imputari,
1653 1160 1717 1198 cum
1736 1143 1806 1198 alibi
1824 1143 1875 1197 sci·

179 1240 209 1287 et
228 1232 368 1302 hypocrisi
391 1248 487 1287 secure
507 1239 627 1303 pergant
653 1232 689 1287 ab
709 1231 783 1285 omni
802 1247 886 1284 verse
902 1228 1013 1300 pietatis
1039 1229 1105 1284 licet
1127 1229 1175 1285 lib.
1196 1238 1218 1286 1.
1238 1229 1272 1283 de
1288 1228 1401 1299 justific.
1420 1246 1444 1285 c.
1466 1237 1489 1285 3.
1507 1230 1556 1284 lib.
1576 1236 1599 1286 3.
1618 1230 1654 1284 de
1667 1229 1783 1300 justitio.
1803 1246 1829 1285 c.
1850 1236 1874 1285 6.

179 1318 271 1395 studio
289 1317 397 1371 interim
416 1317 513 1385 alieni3
541 1318 590 1373 sed
608 1325 639 1372 ut
658 1317 824 1390 intelligant,
842 1324 951 1387 praeter
967 1332 1011 1369 ex·
1038 1315 1086 1370 lib.
1116 1323 1142 1372 4.
1169 1316 1204 1371 de
1227 1315 1342 1386 justitio.
1365 1332 1388 1370 c.
1415 1322 1436 1370 1.
1464 1322 1493 1370 et
1513 1323 1536 1371 4.
1557 1324 1704 1387 agnoscm,
1730 1334 1794 1371 cum
1812 1332 1877 1371 vera

179 1410 287 1458 ternam
311 1420 373 1457 cum
396 1403 513 1458 ecclesia
535 1403 696 1458 societatem
713 1403 744 1457 in
761 1402 931 1473 professione
947 1399 1013 1455 fidei
1038 1399 1094 1455 fide
1122 1401 1320 1471 poenitentiam
1353 1407 1381 1456 et
1411 1403 1534 1457 studium
1559 1402 1693 1458 bonorum
1720 1419 1877 1473 opernma

179 1496 209 1545 et
230 1506 284 1544 usu
307 1496 541 1545 sacramentorum
564 1490 776 1558 consistentem,
810 1489 846 1543 ed
868 1487 951 1553 illud,
982 1493 1013 1541 ut
1038 1487 1118 1542 nobis
1135 1488 1254 1542 indiviso
1273 1495 1302 1542 et
1320 1495 1454 1557 perpetuo
1472 1506 1545 1543 nexu
1564 1490 1705 1560 conjungi.
1741 1487 1875 1560 Magnam

179 1575 241 1645 quis
260 1576 297 1630 sit
313 1594 408 1631 verum
428 1582 456 1632 et
469 1576 562 1631 vivum
580 1574 713 1630 ecclcsiae
725 1574 884 1642 membrum,
901 1575 1014 1644 insuper
1039 1573 1125 1644 igitur
1146 1573 1275 1645 injuriam
1300 1573 1484 1628 Bellarminus
1511 1574 1592 1629 nobis
1622 1573 1690 1629 facit
1714 1580 1742 1630 et
1764 1581 1875 1629 sentem·

178 1660 233 1716 hoc
259 1663 377 1733 requiri,
408 1659 440 1717 ut
461 1662 584 1717 interiori
608 1661 816 1732 regeneratione
842 1677 875 1714 ac
900 1676 1013 1715 renova·
1039 1659 1108 1714 tiam
1124 1666 1247 1716 nostram
1266 1665 1307 1714 tot
1325 1665 1500 1716 tantarumve
1518 1660 1671 1716 haeresium
1691 1676 1769 1714 ream
1783 1661 1876 1716 iacere

179 1748 255 1802 tione
274 1764 324 1817 per
344 1748 478 1819 Spiritum
496 1754 624 1803 sanctum
645 1749 681 1802 sit
695 1749 821 1804 donatus.
850 1746 918 1801 ldso
931 1747 1013 1802 etiem
1040 1745 1143 1801 frustm
1176 1746 1297 1813 laborat,
1332 1763 1396 1800 oum
1425 1745 1485 1818 ipse
1515 1744 1692 1816 stapletonus
1722 1747 1752 1801 in
1780 1747 1875 1802 relect

181 1832 327 1888 definimus
351 1833 497 1889 ecclesiam
517 1836 759 1903 concrepationem
777 1841 951 1900 sanctorum,
978 1848 1013 1886 ne
1039 1833 1127 1902 princ.
1145 1841 1267 1888 controv.
1287 1839 1309 1888 1.
1328 1849 1355 1903 q.
1375 1838 1399 1888 2.
1418 1840 1469 1888 art.
1489 1839 1513 1889 5.
1532 1851 1559 1904 p.
1583 1840 1623 1890 li.
1642 1833 1740 1888 landet
1754 1832 1875 1888 illaAu·

182 1919 244 1989 quis
281 1918 434 1983 existimet,
474 1920 620 1975 ecclesiam
648 1937 709 1975 esse
737 1927 845 1974 tantum
874 1923 1013 1973 externam
1040 1924 1176 1989 gustuum
1193 1918 1372 1974 confessionis
1390 1919 1482 1987 verba,
1501 1921 1577 1989 qaod
1595 1921 1666 1974 mcii
1681 1921 1738 1973 sint
1751 1920 1876 1974 menna

182 2004 322 2077 quandam
346 2004 473 2074 politiam
496 2004 631 2060 bonorum
655 2005 848 2074 etmalorum,
873 2021 936 2059 cum
951 2019 1012 2073 pro·
1040 2005 1174 2058 ecclcsiae
1195 2006 1347 2058 secundem
1371 2013 1511 2059 eximam
1530 2007 1689 2061 sociassem
1703 2023 1759 2075 per
1778 2025 1877 2061 sacra-

180 2092 241 2162 prie
257 2098 285 2145 et
301 2097 430 2145 accurate
448 2090 588 2162 loquendo
605 2091 642 2146 sit
657 2097 753 2146 sancta
774 2092 891 2146 societas
911 2106 1013 2158 eorum,
1040 2098 1144 2155 menta,
1176 2091 1269 2161 ipsam
1297 2099 1391 2145 taruco
1418 2092 1563 2145 ecclesiam
1584 2093 1789 2162 principaliter
1817 2110 1877 2147 esse

181 2177 229 2247 qui
257 2177 367 2233 vinculo
390 2175 509 2246 Spiritus
536 2178 566 2230 in
592 2193 658 2231 vera
679 2177 736 2231 fide
760 2185 788 2232 et
810 2179 925 2233 caritate
950 2182 1015 2230 sunt
1039 2179 1199 2232 societatem
1217 2178 1293 2246 fidei
1317 2186 1343 2230 et
1369 2176 1494 2247 Spiritus
1517 2179 1616 2232 sancti.
1653 2180 1695 2233 Ac
1712 2178 1777 2234 doh.
1795 2179 1876 2235 Hoff—

85 2271 167 2314 xasa
180 2263 328 2333 conjuncti
380 2263 564 2335 Nequaquam
594 2281 659 2320 vero
687 2282 770 2320 sensu
800 2262 1014 2333 Auabeptistico
1039 2263 1183 2320 meisterus
1208 2264 1238 2317 in
1261 2269 1312 2317 art.
1337 2269 1361 2319 8.
1386 2264 1506 2335 August.
1525 2264 1642 2321 confess.
1661 2283 1694 2320 er
1711 2265 1874 2337 Augustino

180 2351 225 2406 vsi
248 2350 397 2422 Pelagiauo
423 2358 580 2405 sanctorum
609 2350 796 2420 appellatione
818 2350 936 2412 utimur,
962 2366 1013 2404 nec
1038 2357 1129 2418 notet,
1159 2367 1217 2403 csse
1243 2350 1275 2402 in
1301 2349 1419 2402 ecclesiis
1442 2351 1501 2403 dici
1524 2351 1678 2416 bifariam.-
1707 2370 1761 2405 ono
1788 2355 1874 2406 modo

179 2434 326 2507 fingimus,
349 2453 428 2491 veros
452 2436 585 2491 ecclesiae
602 2436 676 2492 cives
695 2437 723 2490 in
740 2435 822 2490 huius
842 2435 916 2489 vitae
937 2433 1011 2488 iufir-
1039 2454 1097 2490 csse
1121 2438 1151 2489 in
1172 2454 1207 2490 ca
1223 2443 1356 2504 tanquam
1375 2437 1524 2493 meretrcem
1542 2439 1573 2490 in
1591 2455 1725 2506 compaps
1738 2439 1874 2507 justitias

179 2523 275 2578 mitate
304 2540 364 2578 csse
393 2523 478 2594 plane
506 2531 533 2578 ct
567 2524 678 2579 omnino
707 2522 931 2597 ἀναμαρτήτους,
961 2539 1012 2576 nec
1034 2524 1180 2593 particeps
1199 2523 1329 2576 videlicet
1349 2523 1617 2591 spiritualissime,
1642 2525 1693 2577 tos
1716 2533 1756 2576 est
1774 2525 1876 2578 cohae-

178 2609 405 2664 transformsmus
435 2609 579 2664 ecclesiam
608 2610 637 2664 in
665 2611 756 2664 ideam
779 2608 953 2664 Platonicam
984 2616 1013 2662 et
1038 2627 1103 2663 reris
1119 2609 1217 2664 ceteris
1229 2609 1357 2663 membris
1370 2609 1398 2661 in
1412 2608 1523 2678 Spiritu
1534 2608 1671 2664 caritatis.
1696 2611 1766 2664 Alio
1779 2613 1875 2674 modo,

180 2695 261 2749 mane
291 2695 432 2765 quoddam
461 2693 615 2767 prinecps
645 2696 840 2750 mathematica
866 2695 1011 2767 ἀφαιρέσει
1039 2697 1137 2764 inquit,
1158 2710 1215 2749 esse
1234 2695 1263 2749 in
1279 2695 1406 2762 ccclesia,
1424 2695 1772 2750 sstadlsacrerememdris
1787 2699 1875 2752 eccis-

178 2781 368 2844 aestimatum;
395 2780 444 2834 sed
466 2781 661 2851 distinguimus
678 2782 750 2836 inter
766 2787 883 2851 peccata
899 2779 1011 2834 infirmi·
1038 2781 1112 2848 siae,
1137 2783 1208 2835 sicia
1226 2781 1316 2849 palca
1343 2782 1444 2836 tritico.
1482 2783 1522 2835 Et
1547 2784 1685 2850 approbat
1709 2785 1877 2838 emanans

179 2866 254 2934 tatis,
274 2884 336 2920 cum
354 2865 455 2936 quibus
475 2882 540 2921 vera
557 2865 637 2935 fides,
655 2867 826 2937 poenitentia
843 2873 872 2922 et
891 2867 1011 2921 studium
1039 2868 1170 2936 Philippi
1192 2866 1386 2921 Melanthonie
1408 2867 1439 2920 in
1459 2868 1545 2935 locis,
1569 2869 1715 2922 ecclesiam
1732 2870 1875 2924 interdices

179 2952 334 3007 sanentatis
359 2951 508 3007 consistere
526 2959 655 3022 possunt,
679 2961 707 3008 et
725 2953 798 3007 inter
816 2960 931 3023 peccata
950 2970 1012 3008 con·
1039 2955 1069 3007 in
1092 2969 1193 3021 penore
1215 2953 1378 3022 sipniticare
1400 2954 1643 3023 conprcpaticnsm
1661 2958 1797 3024 omnium,
1825 2959 1879 3026 qai

179 3045 223 3099 tra
257 3037 466 3106 conscientiam,
502 3055 553 3108 per
584 3054 656 3108 quae
686 3039 815 3093 desinunt
840 3041 930 3094 renati
953 3056 1012 3094 esse
1035 3042 1204 3110 profitentur
1221 3039 1400 3109 coonpsliam,
1415 3041 1535 3109 propris
1554 3049 1646 3095 arcem
1660 3050 1686 3096 et
1699 3044 1875 3111 princepali

179 3143 247 3182 vera
269 3135 298 3182 et
319 3125 382 3179 visa
405 3124 538 3181 eccledae
562 3123 697 3193 membra,
725 3125 796 3180 falso
817 3126 889 3180 cuim
907 3125 1011 3181 Bellar-
1039 3136 1081 3181 ter
1107 3126 1268 3194 siqnificnre
1291 3127 1532 3195 conprspationern
1552 3127 1707 3195 justorum,
1740 3130 1791 3198 qni
1809 3146 1875 3183 vere

180 3214 271 3268 minus
291 3213 370 3270 nobis
385 3211 491 3276 tribuit,
510 3211 585 3281 quod
597 3219 759 3276 statuamus,
780 3214 875 3266 omnio
882 3221 1012 3282 peccata,
1039 3215 1157 3268 medani
1165 3211 1277 3267 Chresto
1296 3222 1322 3266 ct
1338 3213 1674 3283 sanctificantanpiritu
1689 3216 1803 3272 Christi.
1834 3220 1875 3271 Et

179 3300 357 3369 quartumvir
380 3297 470 3368 tesia,
493 3316 553 3353 erse
576 3299 606 3350 in
630 3299 737 3353 renatis
757 3307 821 3352 actu
838 3299 972 3353 mortalia
987 3307 1012 3351 st
1039 3303 1107 3356 hacc
1125 3301 1240 3368 fatstor
1266 3301 1325 3353 dici
1343 3300 1424 3368 jacta
1444 3301 1534 3370 fidem
1558 3301 1713 3357 cotidiene
1731 3303 1873 3372 ecclcsiae,

172 3388 277 3455 facere
300 3405 347 3440 cos
372 3404 468 3439 coram
485 3390 549 3440 Deo
568 3386 701 3454 injuratos,
727 3403 790 3440 cum
810 3385 956 3440 discrimen
972 3386 1012 3439 in-
1039 3386 1113 3459 quod
1133 3386 1280 3457 diligenter
1296 3386 1456 3440 notandum.

180 3479 223 3527 ter
245 3479 362 3542 peccata
385 3471 506 3527 venialia
528 3479 557 3526 et
580 3471 708 3526 mortalia
727 3471 757 3525 iu
774 3473 898 3527 ecclesiis
913 3473 1014 3528 uostris
1075 3480 1115 3529 tt.
1140 3472 1215 3527 Huic
1238 3479 1349 3527 nostrae
1370 3473 1522 3527 sentcntiae
1546 3473 1662 3544 opponit
1687 3474 1873 3531 Bellarminus
1887 3478 1950 3518 ⁰⁶³⁰

182 3558 330 3626 diligenter
347 3564 513 3628 urgeamus.
559 3557 654 3613 Tertia
680 3558 855 3627 hypothesis,
895 3576 928 3614 ex
958 3576 1015 3630 qua
1039 3577 1131 3627 suam,
1157 3575 1241 3630 quam
1264 3558 1405 3629 appellare
1430 3559 1456 3613 ei
1482 3558 1564 3614 libuit
1588 3559 1764 3630 catholicam,
1796 3566 1875 3631 qaod
1887 3532 1950 3621 {5⁰2

182 3645 346 3700 sententiam
369 3655 492 3698 nostram
513 3645 707 3715 Pelagiauismi
731 3644 893 3700 convincere
916 3646 1015 3701 nititur
1041 3648 1158 3702 ccclesia
1192 3647 1229 3698 sit
1260 3655 1352 3699 ccccm
1378 3646 1519 3699 hominnm
1546 3647 1671 3714 ejusdcm
1701 3649 1873 3703 Olirr'stanac
1887 3635 1950 3725 {522ss:

182 3729 379 3793 Bellarminus,
401 3729 470 3784 haec
490 3737 544 3785 est:
580 3732 686 3784 micent
705 3731 943 3795 Confcsn'ons'stcc
963 3732 1016 3797 lin-
1039 3734 1109 3799 fidei
1131 3732 1310 3802 professione
1334 3740 1361 3785 et
1378 3734 1528 3786 eorundem
1544 3741 1784 3789 sanarnentorurn
1801 3755 1874 3791 com·
1887 3737 1951 3777 Μ’·

183 3816 269 3887 quit),
292 3818 386 3870 omnio
404 3833 493 3884 opera
509 3817 644 3884 hortinis,
665 3819 750 3872 etiam
762 3818 929 3887 justificati,
954 3836 1014 3873 csse
1040 3822 1170 3874 munione
1194 3819 1356 3887 coilipatus,
1387 3818 1438 3871 sab
1460 3819 1594 3886 repirnins
1617 3820 1804 3888 lepitirnorarn
1820 3842 1873 3892 pa·

178 3912 299 3972 psccata
317 3905 464 3971 mortalia,
480 3921 512 3957 cs
532 3921 585 3972 qao
604 3905 716 3958 vicimus
732 3905 820 3974 sequi,
840 3906 949 3959 nicilum
967 3906 1014 3960 lto-
1040 3915 1147 3960 aarum
1172 3924 1206 3960 ac
1224 3905 1379 3974 praecipue
1396 3905 1480 3958 anias
1500 3904 1607 3960 Christi
1623 3909 1653 3960 in
1670 3910 1754 3961 terris
1772 3911 1876 3964 vicarii

183 3991 283 4045 nonem
301 4007 358 4044 essa
376 3991 547 4046 deecclesia.
584 3990 806 4061 Respondemus:
829 3990 1014 4047 Bellarminus
1041 3993 1165 4047 Romani
1182 3991 1341 4060 pontificis3
1366 3989 1445 4043 cuiue
1469 3989 1636 4046 definitionis
1654 3998 1710 4047 tres
1730 3997 1875 4051 constituit

181 4084 238 4134 tam
257 4076 343 4140 novit,
363 4093 446 4147 quam
464 4076 566 4149 digitos
586 4094 666 4146 suos,
683 4093 840 4148 quoscusu
858 4095 875 4133 a
891 4077 1014 4134 Luthero
1040 4085 1141 4149 partes,
1159 4094 1230 4148 quas
1246 4092 1341 4132 omnes
1359 4085 1389 4132 ct
1407 4076 1531 4146 singulas
1550 4079 1651 4149 requiri
1670 4078 1746 4144 dicit,
1767 4088 1798 4135 ut
1811 4082 1873 4152 quie

180 4162 264 4218 fuerit
289 4163 407 4230 dictum,
423 4165 533 4230 justam
554 4167 584 4217 in
605 4165 679 4218 omni
698 4181 782 4233 opere
801 4164 871 4219 borio
885 4182 1013 4234 peccare,
1040 4165 1077 4218 ad
1102 4163 1244 4219 eccledam
1267 4162 1417 4233 pertineat,
1442 4166 1648 4231 professionem
1668 4166 1773 4220 scilicet
1790 4187 1873 4222 verae
1886 4179 1950 4221 xis

181 4250 310 4306 merirum
341 4256 453 4320 propter
483 4249 573 4320 operia
604 4251 840 4321 imperfectionem
869 4258 898 4306 ct
923 4252 1013 4307 carnis
1034 4252 1121 4319 fidei,
1142 4259 1381 4304 sawamsntorurn
1399 4252 1616 4305 communionem
1635 4259 1662 4305 et
1677 4253 1874 4321 subjectionem

180 4336 385 4406 oomcptioncm
401 4334 504 4390 teneus
523 4342 657 4406 perpetuo
674 4337 882 4401 adhaerentem,
911 4355 1013 4409 nequa-
1041 4338 1081 4391 od
1103 4337 1265 4405 pontificem
1291 4337 1467 4390 Romanam(
1502 4336 1620 4392 Ratione
1648 4337 1754 4406 primae
1785 4342 1874 4411 partis

181 4439 265 4493 quam
288 4439 353 4477 vero
375 4422 535 4487 statuimus,
562 4422 655 4477 emnia
672 4423 746 4479 bona
764 4440 849 4493 opera
865 4424 948 4479 etiam
967 4425 1014 4478 ho·
1041 4422 1110 4477 dicit
1126 4422 1236 4478 excludi
1249 4438 1342 4475 omncs
1362 4422 1498 4490 infideles,
1519 4433 1575 4477 tom
1591 4440 1647 4491 eos,
1667 4426 1718 4492 qai
1730 4444 1873 4495 nunquam

181 4509 263 4563 minis
283 4507 430 4578 justificati
452 4525 512 4562 esse
534 4516 650 4577 peccate
672 4510 806 4564 mortalia.
850 4510 921 4565 Cum
940 4511 1014 4566 euim
1033 4512 1155 4577 fuerunt
1173 4507 1203 4560 s'n
1222 4508 1346 4574 ccclesia,
1365 4516 1396 4560 at
1415 4509 1552 4577 Jactaeos,
1573 4511 1683 4564 Tarcas
1695 4520 1720 4563 ct
1731 4530 1874 4582 pepones,

182 4612 217 4650 ne
240 4595 352 4667 quidem
375 4592 468 4650 omnia
490 4600 607 4663 peccata
630 4603 787 4651 renatorum
809 4596 933 4651 dicamm
953 4614 1013 4652 esse
1041 4613 1125 4664 msam
1149 4593 1229 4656 ilios,
1257 4594 1307 4662 qai
1328 4604 1515 4664 recesserant,
1539 4605 1569 4649 at
1587 4598 1741 4651 haereticos
1762 4607 1788 4651 ct
1806 4618 1873 4668 apo·

181 4687 246 4735 actu
265 4680 400 4749 mortalia,
417 4679 467 4736 sed
485 4680 623 4750 quaedam
642 4681 826 4737 concedamus
844 4699 905 4738 esse
921 4683 1014 4738 renia-
1040 4689 1147 4746 statas,·
1170 4680 1277 4735 ratione
1301 4681 1441 4736 secundae
1465 4682 1554 4752 pertis
1580 4682 1650 4737 dicit
1672 4683 1782 4738 excludi
1800 4695 1873 4740 cats-

180 4767 232 4834 lia,
255 4783 311 4839 que
333 4766 424 4821 fronte
444 4765 531 4820 tribui
547 4764 628 4819 nobis
645 4771 750 4835 potest,
775 4767 850 4837 quod
865 4768 958 4822 omnia
972 4783 1013 4822 re·
1040 4768 1187 4821 cimmenos
1211 4775 1237 4820 ct
1257 4748 1521 4838 aconsrncnicatoQ
1545 4769 1651 4824 ratione
1669 4771 1767 4827 tertiae
1786 4773 1874 4842 partis

182 4861 309 4910 natorum
337 4853 411 4907 bona
432 4868 517 4922 opera
534 4846 694 4906 ‘statuamus
721 4870 781 4908 esse
805 4864 922 4923 peccata
944 4869 1014 4908 mor·
1040 4851 1149 4908 excludi
1176 4853 1383 4921 solennaticos5
1411 4853 1517 4910 includi
1546 4861 1639 4910 autem
1668 4871 1762 4910 omnes
1795 4858 1873 4930 ahos,

182 4939 267 4995 talia?
311 4939 355 4994 De
377 4945 439 4994 tote
458 4937 512 4992 hac
535 4955 565 4993 re
587 4937 616 4990 in
634 4944 714 4994 tract.
734 4938 769 4993 de
789 4939 867 4993 bonis
885 4939 1014 5010 operibus
1040 4938 1124 4994 etiem
1143 4939 1166 4992 si
1184 4939 1303 5010 reprobi,
1323 4939 1433 4995 scelesti
1451 4945 1479 4995 et
1495 4940 1573 5009 impii
1592 4941 1655 4995 sint.
1691 4942 1797 4999 Eodem
1816 4945 1874 5000 fere

182 5025 301 5095 dictum,
324 5032 459 5097 quantum
482 5023 593 5080 sufficit
628 5024 744 5096 Regerit
763 5024 962 5093 Bellarminus,
990 4988 1123 5079 siimodo
1147 5025 1282 5081 definiunt
1308 5025 1451 5082 ecclesiam
1476 5024 1618 5081 Lindauus
1642 5026 1690 5082 lib.
1714 5035 1738 5083 t.
1760 5031 1873 5102 panopl.

182 5112 226 5163 osi
251 5112 368 5167 macirne
394 5120 564 5175 macomus,
587 5120 741 5181 propterea
762 5113 870 5166 renatis
888 5131 944 5166 non
965 5112 1016 5165 irn-
1041 5128 1065 5166 c.
1085 5118 1109 5166 t.
1144 5111 1272 5168 (lenicius
1290 5130 1315 5169 c.
1340 5119 1364 5168 2.
1392 5113 1427 5167 de
1453 5127 1543 5181 praec·
1564 5114 1660 5169 cocles.
1688 5123 1740 5173 art.
1758 5122 1782 5172 9.
1820 5116 1874 5172 Re·

180 5198 280 5263 patari
305 5208 427 5265 peccata
453 5206 479 5252 st
501 5199 679 5261 infirmitates
704 5200 798 5254 adhoc
824 5198 1016 5266 adhaerentes,
1042 5199 1222 5268 spondemus=
1241 5200 1329 5256 multa
1345 5204 1459 5269 possent
1476 5196 1505 5249 in
1522 5196 1574 5253 hac
1591 5199 1751 5257 definitione
1767 5201 1875 5259 deside·

183 5283 250 5349 qro'a
269 5300 324 5350 per
350 5286 432 5347 fidam
451 5292 515 5338 sunt
533 5286 563 5337 in
583 5283 708 5352 Christo,
737 5293 831 5339 tomen
846 5302 881 5338 nc
897 5286 938 5338 sta
956 5285 1016 5353 qui·
1041 5284 1111 5352 reri‚
1134 5293 1231 5358 utpote
1261 5296 1284 5344 1.
1302 5286 1333 5343 ei
1349 5282 1505 5339 communio
1522 5286 1672 5342 eorundem
1690 5295 1874 5345 sacramento·

183 5369 245 5421 dem
275 5387 293 5420 a
316 5371 497 5436 syneretssmo
523 5390 584 5425 cons
612 5373 772 5426 Donatistis
797 5379 823 5424 et
845 5371 1016 5426 Nooatianis
1042 5388 1104 5426 rum
1124 5373 1274 5444 requiritur
1290 5372 1321 5426 in
1339 5366 1472 5434 mesia,
1497 5384 1547 5424 cur
1565 5371 1652 5442 igitur
1668 5376 1762 5429 clerici
1780 5376 1874 5432 Ponti-

181 5470 233 5509 nos
252 5453 377 5511 Maon.
407 5456 440 5511 Ut
458 5459 532 5512 emm
550 5460 599 5514 itii
614 5477 668 5514 non
685 5458 869 5514 miscebant
882 5458 918 5513 od
931 5456 1014 5517 00on⁷
1041 5453 1101 5513 ficii
1127 5457 1241 5529 aliquod
1264 5457 1464 5513 moramntum
1487 5456 1605 5522 (ordinis
1620 5463 1700 5528 puts)
1719 5460 1774 5517 sibi
1790 5461 1875 5532 solis3
