4004 6022
214 230 275 290 tto
803 222 926 281 LOCUS
942 220 1148 282 wedunae
1166 223 1310 284 PRIMUS

212 378 264 432 siis
288 376 393 432 nostrie
407 378 593 448 proponimus
610 384 636 430 et
653 379 696 431 ad
711 378 784 432 talia
802 376 1045 459 mmmiiahsimst
1072 378 1303 447 tisjusdfioetur,
1323 380 1375 432 sed
1392 381 1463 433 satis
1481 382 1654 450 cicestriam,
1682 397 1738 450 qua
1758 387 1899 435 mrtocre·

213 464 244 517 in
265 464 415 536 Scriptura
431 472 644 535 proponuntur,·
663 466 777 533 quanda
796 466 891 519 carnis
908 466 952 520 oel
965 471 1046 535 petu-
1073 465 1133 531 dat,
1150 464 1205 518 sibi
1223 464 1253 518 in
1271 481 1302 518 eo
1315 475 1489 519 comanente
1501 474 1726 537 nostrapeccata
1740 469 1899 522 omniaesss

213 551 305 604 tantia
330 551 373 604 vel
396 552 500 605 inertia
520 551 572 606 boc
585 551 728 620 postulat,
755 555 796 605 ad
812 553 937 606 studium
954 552 1046 605 seriae
1072 551 1246 607 remittenda.
1295 549 1351 605 Sed
1383 551 1553 607 ostendimus
1582 551 1707 622 superius
1733 548 1760 626 ξ.
1791 557 1849 610 tte.
1874 558 1901 610 et

208 638 409 707 poenitentiae,
433 638 588 706 modona,
603 638 795 692 meditationis
812 639 890 692 umbi
909 646 934 691 et
950 654 1046 690 sacra·
1072 635 1149 705 ipsae
1183 636 1305 692 locorum
1334 637 1558 694 circumstantiae
1582 637 1725 693 manifeste
1748 639 1898 707 ostendunt,

213 731 374 791 mammam,
391 723 537 778 auditores
554 733 667 778 nastros
685 727 872 779 exhortamur.
908 725 951 778 Ac
966 722 1049 776 inuiti
1073 722 1211 793 quomodo
1235 723 1284 778 illa
1300 724 1417 779 Lutheri
1433 725 1625 795 pronuntiate,
1649 741 1719 795 quae
1737 723 1766 779 in
1785 725 1899 782 aliem

213 818 285 876 sunt,
306 811 356 879 qui
371 811 513 864 accessuri
529 814 570 864 ad
587 811 798 865 meditationem
807 812 892 880 uerbi,
910 813 951 863 ad
971 826 1046 863 erer-
1073 808 1155 879 plane
1166 826 1278 865 sensnm
1290 809 1436 883 detorquet
1447 811 1637 880 Bellarminun
1650 812 1703 866 sint
1713 809 1899 884 intelligendu

213 897 281 950 citio
293 912 410 966 precem
429 897 612 951 communium
631 905 658 950 et
670 899 711 950 ad
722 898 940 951 communionem
951 911 1047 949 sacra·
1072 895 1115 949 Ex
1134 895 1201 965 illis,
1219 913 1290 967 quae
1308 897 1440 953 hactenus
1459 897 1535 953 dicta
1550 902 1630 968 sunt,
1648 897 1784 953 senuntia
1801 906 1899 957 nothe

212 991 377 1052 mentonem,
396 983 497 1052 pridie
520 984 565 1037 cel
588 1002 607 1037 a
631 999 718 1037 coena
737 984 888 1051 abstinent,
914 983 958 1036 cel
975 989 1047 1035 certe
1073 999 1134 1035 rum
1154 981 1331 1037 ecclesiarum
1349 983 1776 1057 desalutaripraeparationead
1789 983 1900 1057 dignum

209 1070 375 1138 paresbsims
397 1078 520 1126 comant.
550 1070 698 1124 Eeerciia
712 1087 778 1125 esra
798 1070 871 1123 talia
892 1068 1047 1138 Scriptura
1073 1082 1169 1122 sacrae
1187 1084 1289 1124 coenas
1307 1086 1388 1123 usum
1408 1071 1518 1126 omnino
1537 1071 1683 1138 necesaria,
1704 1071 1772 1124 sads
1787 1080 1829 1127 est
1841 1087 1898 1127 con·

214 1163 397 1209 ementanea
422 1174 479 1209 non
503 1157 593 1224 magis
620 1156 712 1226 cipere
736 1165 762 1210 et
782 1156 888 1225 florere
912 1156 1047 1223 dolemus,
1073 1153 1176 1225 spicue.
1221 1153 1480 1226 Praeparetionem,
1511 1173 1582 1228 quae
1608 1154 1765 1215 adhibenda
1786 1162 1843 1226 est,
1869 1160 1899 1212 rt

214 1247 297 1309 aequm
319 1241 407 1310 justa
437 1242 604 1311 scripturae
629 1259 757 1296 nmmum
784 1250 809 1296 et
835 1243 961 1310 exempla
987 1242 1047 1295 sine
1073 1240 1158 1313 digne
1175 1241 1237 1313 qnia
1254 1248 1378 1298 moun
1395 1242 1590 1300 eucharistiam
1609 1241 1755 1314 percipiat,
1781 1261 1839 1298 non
1854 1242 1898 1300 ha·

214 1328 420 1396 ripamaris
443 1328 550 1398 umbra
575 1336 601 1382 et
622 1328 718 1398 impiis
742 1329 920 1399 opinionibus
933 1328 1047 1398 publice
1073 1326 1170 1382 bem
1197 1345 1248 1398 pro
1274 1345 1304 1384 re
1334 1329 1487 1401 adiaphora
1511 1338 1539 1386 et
1562 1329 1746 1398 indifferente,
1772 1330 1823 1386 sed
1840 1346 1898 1386 cum

216 1420 241 1465 et
257 1415 395 1481 priuatim
410 1415 524 1468 restitui
534 1413 690 1484 aliquando
697 1415 807 1484 possint
817 1431 850 1468 ec
861 1415 956 1468 ansino
968 1422 1046 1483 opta·
1073 1414 1196 1485 apostolo
1215 1417 1434 1485 pronuntiamus,
1452 1433 1499 1472 eos
1517 1417 1564 1488 qui
1582 1433 1634 1470 non
1653 1415 1774 1485 probant
1788 1432 1818 1471 se
1829 1416 1898 1488 ipsos

125 1487 139 1509 ’¹
175 1520 189 1530 ·
216 1517 286 1552 mus.
323 1504 348 1556 6.
372 1500 490 1555 Publice
514 1500 631 1562 ἔντευξις
654 1499 788 1557 ecclesiae
805 1518 855 1572 pro
873 1500 920 1570 iis,
945 1500 992 1572 qni
1010 1502 1045 1555 nd
1072 1504 1156 1570 atque
1174 1501 1210 1556 ab
1229 1501 1258 1555 id
1278 1501 1392 1575 indigne
1410 1502 1587 1567 manducent,
1600 1500 1737 1570 judicium
1755 1502 1810 1557 sibi
1828 1518 1897 1559 man·

217 1601 323 1640 sacram
342 1588 560 1642 communionem
576 1587 721 1650 accedunt,
738 1593 771 1642 ut
788 1586 866 1644 Deus
879 1586 1045 1658 Spiritusne
1073 1585 1183 1657 ducere,
1202 1587 1243 1642 ita
1260 1594 1291 1642 nt
1309 1589 1349 1643 rei
1368 1587 1526 1643 efficiantur
1544 1587 1635 1642 violati
1654 1587 1776 1657 corporis
1795 1595 1823 1644 et
1840 1606 1898 1645 san·

139 1710 145 1723 .
217 1689 312 1728 veram
330 1674 526 1743 poenitentiam
543 1690 574 1728 ac
594 1673 742 1729 salutarem
758 1675 1045 1746 praeparationemed
1071 1671 1164 1744 guinis
1176 1671 1287 1728 Christi.
1311 1672 1393 1737 Quod
1404 1675 1500 1729 concil.
1515 1674 1636 1728 Trident.
1649 1689 1715 1730 sess.
1733 1680 1773 1731 13.
1788 1691 1850 1731 can.
1863 1681 1898 1730 tl.

216 1776 298 1814 mum
315 1760 398 1831 hujus
418 1761 581 1817 mncdmimi
597 1761 721 1833 mysteri
739 1762 768 1818 in
782 1762 912 1818 cordibus
923 1762 1044 1833 ipsorum
1072 1765 1100 1814 et
1117 1775 1150 1815 ex
1166 1774 1199 1814 eo
1214 1758 1400 1815 Bellarminus
1416 1759 1444 1815 h.
1463 1761 1479 1815 l.
1498 1760 1627 1814 dammnt
1645 1759 1759 1815 Luthcri
1778 1758 1897 1832 proposi·

216 1858 350 1916 operetur,
369 1862 405 1902 ne
421 1845 536 1919 indigna
555 1847 766 1903 manducatione
784 1864 816 1902 ac
834 1846 969 1904 bibitione
985 1865 1045 1903 rea·
1072 1843 1173 1900 donem
1193 1845 1221 1899 in
1237 1845 1286 1902 lib.
1305 1845 1339 1901 de
1353 1847 1453 1917 captiv.
1469 1844 1602 1916 Babylon.
1616 1846 1731 1913 <tiquam
1738 1862 1896 1917 praeposo⁴

214 1937 273 1985 tum
298 1931 383 1986 divird
402 1931 500 2003 judicii
528 1933 581 1988 sibi
607 1934 779 1991 contrement.
815 1934 876 1990 Jac.
895 1941 924 2004 5,
951 1952 976 1991 v.
996 1941 1042 1991 16:
1071 1932 1173 1986 tionem
1199 1951 1255 1987 non
1280 1950 1339 1986 esse
1364 1933 1422 1986 ns‘si
1438 1934 1540 2000 fidem,
1568 1950 1624 2000 qua
1643 1933 1768 1986 creditur
1786 1934 1896 1989 dininas

216 2018 303 2072 Orate
315 2036 372 2088 pro
389 2018 466 2072 uobis
485 2018 608 2090 inuicem,
626 2029 657 2074 ut
674 2021 821 2090 sanemini,
839 2021 956 2075 multum
972 2021 1045 2075 enim
1068 2020 1260 2087 promissioni,
1280 2037 1353 2089 qneae
1370 2019 1400 2071 in
1417 2035 1503 2072 coena
1517 2018 1669 2073 Dominico
1686 2021 1855 2089 proponitur
1871 2007 1943 2076 uis

144 2112 146 2118 “
214 2104 287 2159 calet
316 2105 478 2174 deprecatio
506 2106 577 2173 iusti
599 2108 708 2177 efficax.
751 2107 830 2162 Haec
855 2107 1044 2178 poenitentiae
1071 2107 1202 2174 offertur,
1229 2106 1298 2159 illud
1321 2107 1381 2175 jem
1400 2111 1464 2160 ante
1483 2104 1629 2174 diligenter
1647 2104 1802 2173 expositum
1821 2114 1897 2164 esta

215 2189 345 2245 exercitia
367 2197 395 2246 et
419 2191 547 2246 salutaris
566 2193 783 2265 praeparationis
803 2194 972 2250 adminicula
988 2212 1043 2249 non
1070 2192 1106 2248 D.
1133 2190 1292 2248 Chemnicio
1321 2190 1350 2244 in
1377 2191 1501 2245 examine
1524 2189 1586 2244 illus
1613 2190 1732 2245 canonis.
1778 2193 1895 2257 Quando

214 2277 464 2350 sunt1negltgends
482 2286 531 2334 aut
547 2279 796 2351 parvipendenda,
815 2281 1045 2353 sedproratiane
1071 2278 1181 2350 (inquit)
1210 2277 1373 2330 Tridentini
1395 2277 1507 2345 dunat,
1533 2293 1563 2328 se
1587 2275 1653 2329 illos
1673 2276 1824 2347 damnare,
1850 2276 1898 2351 qni

214 2363 348 2435 cujusque
378 2363 510 2419 ecclesiae
534 2380 567 2418 ac
591 2363 760 2436 singulorum
785 2367 1044 2422 communicantium
1069 2366 1198 2431 sentiunt,
1217 2363 1308 2417 solam
1324 2365 1408 2428 fidem
1428 2380 1486 2416 esse
1505 2362 1686 2431 sufficientem
1696 2368 1896 2433 praeponite·

213 2448 362 2520 diligenter
388 2449 577 2517 observanda,
605 2456 637 2505 ut
658 2450 788 2524 indignae
811 2454 896 2526 hujus
918 2453 1044 2509 coelestis
1070 2468 1131 2506 nem
1156 2451 1197 2503 ad
1220 2450 1381 2503 sumendam
1407 2448 1618 2513 eucbamstiam,
1643 2449 1726 2502 uerba
1745 2450 1789 2504 ita
1804 2452 1897 2521 posita

213 2534 268 2590 cibi
287 2551 322 2590 ac
341 2541 424 2606 potus
444 2553 520 2606 usus,
538 2544 673 2607 quantum
690 2536 750 2593 fieri
767 2546 866 2610 potest,
881 2556 1044 2610 praecavea-
1069 2545 1147 2600 sunt,
1170 2544 1201 2591 ut
1224 2537 1374 2590 uideantur
1396 2537 1475 2589 nobis
1501 2535 1621 2587 tribuere
1638 2533 1708 2587 itanc
1726 2539 1896 2609 emunita,

213 2626 273 2689 tur3
293 2619 342 2674 ubi
355 2626 448 2677 tamen
464 2622 639 2692 monendum,
652 2624 761 2690 dignam
772 2625 847 2680 illam
859 2625 1044 2697 praeparatio·
1071 2624 1182 2677 etiamsi
1198 2623 1261 2692 quis
1280 2624 1340 2676 sine
1352 2619 1527 2691 poenitentia
1541 2620 1571 2671 in
1582 2619 1731 2674 sceleribus
1741 2626 1899 2691 perseuerd

213 2720 278 2760 nem
295 2707 471 2779 indignorum
484 2707 690 2763 manducationi
704 2711 858 2780 oppositam
870 2729 1044 2783 nequaquam
1070 2719 1096 2764 et
1108 2718 1211 2780 pergat
1229 2716 1254 2761 et
1271 2709 1391 2762 retineat
1405 2707 1579 2777 propositum
1597 2706 1804 2780 malefaciendi,
1815 2712 1898 2766 modo

214 2791 363 2847 combure
393 2793 421 2846 in
456 2793 613 2849 omnimoda
642 2793 833 2851 infirmitatum
863 2796 1044 2852 humanarum
1070 2803 1177 2848 mutam
1204 2795 1364 2847 historicam
1387 2795 1470 2857 fidem
1494 2793 1529 2843 de
1554 2791 1708 2844 substantia
1730 2797 1901 2853 sacramenti

213 2877 337 2931 emenda
359 2883 387 2933 et
410 2877 536 2949 plenaria
560 2879 695 2932 accessuri
714 2880 751 2934 ed
769 2880 822 2936 hoc
840 2888 1042 2938 sacramentum
1069 2881 1183 2949 babeat,
1214 2880 1256 2933 set
1282 2879 1422 2948 cmcipiat
1446 2876 1614 2944 Epicuream
1638 2879 1847 2947 perversionem
1864 2884 1898 2938 ds

214 2962 364 3032 dignitate,
386 2963 426 3019 ita
450 2970 482 3018 ut
509 2964 545 3019 sit
570 2966 738 3036 comparatio
756 2968 893 3036 quaedam
912 2985 962 3024 seu
982 2986 1044 3038 pro·
1069 2964 1233 3037 impunitate
1258 2963 1479 3034 impoenitentiae
1511 2965 1582 3016 satis
1608 2972 1742 3032 paratum
1773 2982 1834 3019 esse
1860 2972 1900 3025 ad

213 3048 304 3119 portio
326 3049 514 3120 praestantiae
538 3050 671 3107 sumentis
690 3051 726 3106 ad
746 3055 943 3122 praestantiam
960 3055 1043 3126 huJ'us
1070 3055 1186 3122 dipnam
1217 3053 1455 3105 manetucationem
1486 3049 1516 3102 in
1542 3067 1628 3103 coena
1653 3051 1822 3120 Dominica,·
1851 3058 1899 3112 sed

214 3135 392 3205 sacramenti,
418 3135 469 3191 sed
486 3136 516 3190 in
534 3126 600 3191 vera
618 3138 805 3208 poenitentia,
824 3142 904 3208 cujus
919 3157 983 3212 pars
1002 3145 1045 3196 est
1061 3140 1146 3208 salso
1166 3140 1216 3193 boc
1233 3141 1336 3193 nostris
1354 3137 1462 3192 ecclesis
1480 3136 1567 3189 tribui
1583 3155 1615 3190 eo
1633 3138 1679 3200 iis,
1699 3152 1770 3206 meae
1783 3141 1820 3192 de
1833 3157 1897 3195 ocra

212 3223 341 3292 propriae
360 3221 533 3293 indignitatis
551 3224 878 3296 agnitioacdeploratio,
896 3227 1045 3283 utscilicet
1064 3224 1233 3296 probatione
1265 3226 1395 3289 dicimus,
1423 3222 1602 3286 manifestam
1632 3231 1679 3276 est.
1726 3224 1765 3276 Et
1790 3232 1900 3295 postem

212 3323 275 3362 eum
301 3306 459 3379 patriarcha
484 3306 590 3364 Jacobs
618 3309 742 3364 dicamus
768 3309 839 3368 Gen.
865 3316 913 3376 32,
941 3329 966 3368 v.
998 3320 1043 3369 to:
1070 3313 1210 3368 Latiares
1222 3309 1587 3376 noncaeluiitopnitiouem
1597 3318 1779 3379 peccatorum
1790 3321 1899 3366 nastro-

213 3393 312 3448 Minor
335 3411 409 3460 sum,
434 3395 570 3461 Domine,
595 3398 703 3451 cumis}
724 3397 952 3453 miserationibus
971 3401 1042 3469 tuis;
1070 3418 1139 3467 rum,
1160 3399 1351 3452 contritionem
1365 3411 1414 3448 eeu
1430 3397 1637 3465 poenitentiam,
1655 3398 1899 3467 sedpupnatcon·

213 3497 275 3535 cunr
295 3481 454 3537 centurione
468 3479 661 3553 Capernaitico
672 3483 771 3539 Matth.
784 3489 808 3549 8,
827 3502 853 3543 v.
873 3489 903 3541 8:
923 3487 1043 3540 Domine
1070 3493 1116 3538 tra
1132 3485 1304 3551 Pmttificion
1323 3483 1367 3554 qai
1385 3491 1410 3535 et
1428 3482 1486 3551 ipsi
1503 3482 1603 3536 habent
1620 3490 1646 3535 et
1663 3483 1901 3554 aiiisproponsmt

211 3584 267 3620 non
290 3584 350 3620 sum
375 3569 492 3638 dipnus,
511 3576 541 3621 ut
558 3569 646 3622 intres
664 3570 715 3623 sub
734 3578 833 3625 tectum
851 3589 957 3638 meum;
979 3589 1042 3627 cum
1069 3573 1158 3626 merda
1178 3580 1203 3627 et
1220 3573 1302 3625 uaria
1315 3569 1535 3640 praeparatoria
1552 3587 1647 3638 opera,
1666 3569 1765 3639 quibem
1784 3572 1903 3642 sopiatis

211 3650 330 3723 prodigo
358 3668 489 3707 converso
517 3658 545 3708 et
572 3670 682 3710 reveno
699 3655 768 3710 Luc.
794 3663 837 3725 15,
863 3675 890 3712 r.
911 3664 957 3714 te:
976 3652 1043 3712 illan
1070 3660 1240 3726 cristinam,
1267 3674 1296 3710 se
1320 3655 1386 3707 rata
1404 3656 1487 3724 diam
1503 3664 1624 3724 paratos
1642 3659 1684 3709 ad
1701 3657 1903 3713 celebrandam

212 3755 273 3793 sum
298 3739 402 3808 dianus
425 3740 523 3793 vocari
536 3741 619 3807 filisa
644 3750 716 3796 tuus.
757 3741 786 3798 si
805 3745 977 3814 majestatem
994 3743 1043 3798 ho·
1069 3744 1114 3796 uel
1137 3745 1308 3798 audiendam
1330 3740 1444 3794 missam
1468 3749 1493 3793 et
1511 3742 1553 3794 ad
1569 3743 1662 3810 ipsam
1678 3743 1762 3796 etiam
1781 3760 1902 3799 commu·

213 3822 301 3893 spitis‚
319 3824 366 3896 qui
385 3830 427 3880 est
439 3823 564 3881 chrum
577 3827 630 3882 Dei
642 3827 737 3898 Filius,
757 3835 785 3884 et
803 3829 967 3901 dignitatem
987 3830 1043 3885 cibi
1069 3832 1186 3898 aionem,
1203 3832 1245 3883 ita
1263 3836 1294 3881 nt
1309 3827 1343 3879 de
1364 3827 1419 3889 fide
1427 3834 1547 3895 petente,
1568 3835 1728 3897 quaerente,
1746 3832 1902 3899 appr-eben·

213 3926 248 3965 ac
269 3917 351 3981 potus
376 3909 405 3965 in
427 3910 480 3967 hoc
505 3913 618 3969 coelesti
643 3914 769 3970 convivio
798 3916 877 3969 nobis
901 3917 1043 3988 propositi,
1070 3919 1150 3969 ‹tente
1176 3925 1202 3968 et
1230 3912 1377 3983 memnone
1397 3913 1614 3981 promissionem
1638 3915 1676 3968 N.
1702 3917 1734 3968 Τ.
1760 3915 1789 3968 in
1814 3931 1902 3971 coena

213 3996 261 4068 qui
279 4004 321 4053 est
343 3995 444 4073 Christi
461 4013 560 4071 corpus
582 4005 610 4055 et
627 4001 756 4072 sanguis,
774 4001 876 4057 intueri
893 4010 976 4074 atque
997 4020 1042 4058 ex·
1069 4002 1142 4054 nisit
1165 4001 1271 4055 soliciti
1289 3999 1353 4052 sint.
1392 3999 1492 4068 Ipsam
1517 3998 1600 4052 etiam
1621 4000 1824 4069 poenitentiam
1848 4002 1902 4056 bac

212 4081 333 4154 pendere
350 4083 475 4153 velimus,
494 4102 589 4140 omnes
605 4085 686 4142 lateri
700 4085 833 4158 cogimtm
852 4104 903 4143 nos
915 4088 1044 4160 indignos
1070 4087 1178 4142 ratione
1196 4085 1346 4155 requirunt,
1366 4092 1397 4137 ct
1415 4085 1477 4153 ejus
1489 4085 1618 4154 operibns
1630 4094 1656 4139 et
1666 4087 1765 4140 mento
1777 4088 1903 4143 tribuant

212 4185 288 4239 essc;
315 4169 364 4225 sed
392 4171 623 4242 quemadmodum
646 4190 680 4228 ex
701 4172 792 4244 gratia
813 4174 891 4231 Deus
912 4174 1045 4247 dignatur
1070 4175 1184 4244 dipnam
1200 4170 1455 4242 praeparationem,
1474 4171 1707 4227 iautsalutaris
1718 4176 1903 4229 mosomum

212 4256 274 4326 pios
307 4255 382 4312 vitae
413 4263 542 4329 munao
578 4258 739 4328 donatione,
769 4258 837 4314 Luc.
868 4264 915 4329 20,
945 4277 971 4313 v.
1003 4267 1043 4317 35.
1071 4268 1167 4315 nostra
1189 4259 1323 4327 dignitate
1345 4265 1370 4311 et
1384 4257 1525 4327 puritate,
1546 4259 1650 4312 nostris
1670 4260 1801 4328 operibus
1814 4277 1903 4330 prae·

213 4346 238 4397 2.
258 4338 355 4397 'ihesu
376 4351 399 4408 1,
418 4359 445 4401 r.
464 4349 485 4400 5.
514 4346 600 4414 Apoa.
620 4346 914 4418 unumquisque
933 4363 966 4402 er
982 4364 1044 4418 gra·
1068 4346 1226 4419 peratoriis
1255 4352 1278 4397 ct
1303 4343 1409 4396 meritis
1431 4343 1548 4400 nitatur.
1590 4345 1667 4399 liaeo
1690 4351 1719 4399 et
1743 4346 1826 4416 plura
1850 4347 1902 4403 ibi·

213 4428 253 4485 tia
277 4428 376 4501 dignos
399 4430 526 4485 coelestis
552 4431 635 4503 hujus
661 4432 780 4488 convivii
804 4432 924 4504 hospites
938 4433 1047 4504 judicat
1072 4435 1135 4489 dem
1163 4429 1349 4498 Chemnicius,
1380 4445 1452 4501 quae
1482 4429 1665 4485 Bellarminus
1694 4448 1750 4486 nou
1780 4433 1902 4506 attingit,

213 4531 246 4570 ac
267 4517 441 4587 pronuntiat,
468 4517 515 4588 qui
539 4517 569 4572 in
595 4533 661 4573 vere
687 4519 856 4589 poenitentia
879 4527 908 4573 et
929 4518 984 4575 tide
1010 4520 1046 4574 ad
1072 4521 1121 4576 sed
1151 4519 1288 4587 disputat,
1314 4515 1550 4585 praeparationem
1577 4517 1614 4571 ad
1642 4517 1835 4573 cucharistiam
1862 4520 1903 4574 in·

213 4602 283 4658 illud
300 4603 447 4672 accedunt,
463 4603 511 4675 qni
529 4620 559 4658 se
579 4603 653 4676 ipsos
668 4604 804 4675 judicant,
823 4621 923 4676 corpus
934 4605 1046 4662 Domini
1072 4604 1182 4661 eludere
1212 4618 1304 4656 veram
1328 4601 1538 4672 poenitentiam,
1569 4604 1644 4674 quod
1674 4619 1754 4658 nemo
1777 4613 1902 4662 nocuum

214 4689 374 4745 discernunt
397 4696 426 4745 et
450 4695 565 4746 mortem
583 4689 696 4745 Domini
713 4695 795 4763 grato
811 4698 922 4762 pectore
941 4710 1046 4749 annun·
1072 4707 1192 4764 unquam
1214 4688 1339 4760 negant,
1364 4694 1412 4742 ant
1438 4687 1467 4742 in
1485 4688 1638 4744 Pontificiis
1663 4689 1846 4760 improbes-iu
1870 4690 1902 4746 il·

214 4774 292 4831 tiant.
1072 4779 1120 4834 lud
1151 4791 1216 4829 vero
1243 4776 1271 4829 in
1300 4775 1426 4831 cosmus
1454 4775 1601 4831 Pontificia
1629 4775 1664 4830 de
1689 4777 1902 4846 praeparatione

86 4877 181 4920 renum
250 4867 308 4919 ²52.
342 4859 525 4917 Bellarminus
549 4861 595 4917 lib.
618 4868 644 4918 t.
667 4862 701 4917 de
726 4862 872 4918 eucharist.
893 4879 917 4918 c.
940 4871 980 4921 t't.
998 4865 1046 4920 ad·
1071 4865 1108 4919 ad
1132 4860 1326 4918 eucharistiam
1352 4863 1554 4933 improbamus:
1589 4868 1611 4919 1.
1632 4862 1707 4933 quod
1722 4878 1778 4918 non
1794 4862 1903 4918 faciunt

87 4932 203 5024 {mm
216 4947 307 5005 ductis
334 4947 500 5019 quibusdam
525 4947 638 5003 Lutheri
655 4948 750 5006 dictis
779 4950 897 5020 probare
921 4958 1045 5017 canatur,
1072 4949 1236 5006 mentionem
1264 4947 1343 5017 fidei,
1373 4964 1444 5020 quae
1466 4949 1551 5021 petit,
1579 4947 1763 5019 apprehendit
1783 4954 1813 5005 et
1830 4951 1902 5006 wei·

87 5034 203 5128 ‘inim
215 5033 367 5090 Lnthernm
386 5035 527 5104 dacuuse,
545 5053 600 5089 non
616 5037 727 5104 requiri
742 5037 784 5089 ad
799 5036 914 5105 dignam
923 5054 1045 5108 praepe-
1071 5036 1114 5106 pit
1145 5033 1351 5105 promissionem
1385 5035 1448 5090 novi
1484 5034 1657 5098 testamenti,
1697 5051 1781 5106 quam
1814 5035 1903 5092 Filius

85 5095 156 5178 icas.
215 5123 353 5176 rationem
373 5122 580 5190 communiones,
599 5130 630 5175 ut
643 5124 707 5193 quis
723 5140 780 5177 non
794 5123 832 5177 sit
849 5123 905 5178 sibi
920 5125 1046 5179 conscius
1072 5121 1125 5178 Dci
1157 5122 1273 5194 singulis
1302 5121 1477 5177 vescentibus
1513 5119 1682 5176 exhibitione
1717 5122 1841 5194 corporis
1875 5129 1904 5180 et

211 5209 324 5277 peccati
339 5207 482 5278 mereatu,
500 5207 556 5261 imo
576 5224 631 5276 quo
645 5209 774 5279 plurium
792 5217 818 5263 et
832 5210 974 5280 majorum
991 5210 1048 5264 sibi
1072 5208 1215 5280 sanguinis
1245 5209 1287 5263 sui
1317 5208 1347 5263 in
1368 5224 1449 5263 secra
1473 5224 1560 5263 coena
1589 5206 1685 5278 offert,
1717 5213 1904 5268 communicat

214 5294 340 5348 canemus
372 5303 425 5360 est,
454 5311 486 5349 eo
512 5311 569 5348 esse
601 5295 738 5365 aptiorem
767 5296 808 5348 od
837 5297 1042 5351 eucharistiam.
1073 5302 1101 5350 et
1128 5294 1264 5368 obsignat.
1286 5300 1329 5350 ι2.
1350 5294 1431 5361 Quod
1451 5290 1616 5364 perfidem,
1644 5309 1727 5364 quam
1744 5295 1782 5351 ad
1800 5295 1903 5351 sunta·

214 5378 297 5443 Item,
320 5381 361 5432 ad
378 5381 628 5449 praeparationem
651 5380 841 5435 eucharistiae
859 5400 914 5437 nen
930 5382 1046 5452 rmuiri,
1073 5397 1130 5437 rem
1158 5398 1238 5436 usum
1259 5396 1353 5437 sacrae
1375 5394 1478 5436 coenoe
1497 5378 1543 5436 rel
1568 5379 1686 5436 maxime
1708 5381 1812 5454 requiri
1835 5379 1903 5437 dici·

213 5471 244 5519 ut
268 5465 331 5534 quis
350 5482 406 5534 per
427 5467 630 5531 consessionem
651 5474 678 5522 et
693 5468 896 5537 poenitentiam
914 5486 934 5522 a
948 5485 1045 5540 pecca·
1073 5485 1147 5539 mus,
1171 5466 1330 5539 intelligam
1351 5465 1512 5553 ιιίιιοιίοω
1534 5472 1642 5523 tantum
1675 5465 1772 5539 fidem,
1808 5475 1906 5543 sieque
