4004 6022
212 227 273 284 834
781 211 903 272 Locus
920 210 1125 271 wettelmus
1143 208 1343 270 SECUNDUS

211 375 292 441 picas
313 370 417 442 passim
442 369 600 426 communit.
635 370 669 423 In
695 369 756 438 ipso
779 385 863 438 opere
886 368 975 423 multa
991 366 1048 437 pie,
1060 364 1063 467 Q
1077 364 1190 423 hamum
1213 367 1242 421 iu
1266 367 1347 421 domo
1364 371 1395 422 et
1410 365 1517 420 familia
1533 365 1622 436 patris
1640 366 1684 421 aui
1702 365 1818 423 'lha‘rae
1834 366 1915 423 culti·

213 459 293 513 docte
320 465 348 512 et
372 457 473 512 diserte
495 463 591 510 contra
609 455 728 509 Arianos
756 453 948 523 disputantur,
976 450 1128 523 quae=bus
1146 452 1325 507 idololatricia
1343 451 1431 507 fuisse
1447 452 1598 519 addictum,
1616 470 1649 509 ex
1667 452 1916 525 quomaniiestun

213 561 269 598 non
291 548 356 596 sunt
377 558 433 595 una
456 558 519 593 cum
544 540 658 610 reliquis
684 540 779 595 scoriis
801 540 966 609 abjicienda
1003 508 1130 603 Adlest,
1156 545 1222 594 ante
1245 540 1417 595 vocationem
1444 540 1519 594 illem
1542 541 1675 598 Abrahae
1691 543 1824 614 nuspiam
1842 544 1916 599 inre·

213 629 323 682 illorum
349 627 464 681 classem
495 625 578 678 etiam
602 625 723 694 pertinet
752 626 876 691 dictum,
907 623 983 695 quod
998 661 1002 668 -
1015 639 1049 676 ex
1062 686 1065 711 ,
1078 624 1131 678 niri
1149 626 1272 694 potuisse
1286 643 1387 695 purum
1405 625 1483 681 verbi
1501 626 1682 683 ministerium
1700 628 1738 683 ab
1757 629 1916 685 idololatria

213 714 305 768 homil.
324 719 365 768 49.
387 729 437 781 pro
455 716 550 765 nostra
568 711 705 766 sententia
724 711 904 774 adducimus,
920 706 1050 780 quodque
1061 715 1064 776 Q
1075 711 1187 779 penitus
1211 711 1340 766 immune.
1383 711 1560 783 Augustinus
1583 713 1630 769 lib.
1651 720 1690 770 16.
1711 714 1749 770 de
1766 715 1843 770 cirit.
1863 714 1915 771 Dei

213 800 322 853 anullo
341 804 464 852 veterum
483 797 739 867 intepretatum,
760 796 789 850 in
807 813 862 868 quo
881 814 937 851 nou
954 789 1099 851 haere-¹0.
1121 802 1166 852 12:
1194 799 1284 868 Apud
1313 797 1473 855 Chaldaeos
1491 798 1558 866 jam
1581 807 1646 853 tum
1672 801 1760 855 etiam
1783 803 1916 871 sapereti-

213 885 278 950 tice,
305 901 360 938 nou
377 883 493 944 Ariane,
522 883 571 936 sed
590 882 725 937 catholice
743 890 772 937 et
790 883 942 937 orthodoxe
962 879 1165 950 Chry-Qtioaes
1182 884 1287 952 impiae
1301 884 1521 952 praevalebant,
1548 887 1784 953 qrsemodmodam
1803 902 1860 955 per
1877 905 1915 942 ee·

214 978 350 1023 sostomus
377 969 422 1021 vel
451 969 611 1039 quicunque
639 968 711 1022 elius
732 973 830 1023 auctor
851 969 887 1023 ad
913 956 1152 1058 quaestio-Qteres
1174 977 1273 1037 pestes.
1313 970 1375 1022 Una
1399 970 1487 1036 ipstur
1514 970 1628 1024 iberae
1653 973 1754 1025 domur
1776 981 1855 1040 erat,
1882 975 1916 1026 de

214 1073 290 1118 nem,
316 1073 354 1106 aa
380 1054 508 1107 Christus
530 1056 570 1107 ad
588 1055 753 1122 Scripturas
770 1073 821 1109 nos
839 1056 974 1120 remittat,
999 1054 1134 1122 hoc'qua
1162 1063 1245 1107 natas
1272 1063 1312 1107 est
1334 1054 1493 1122 Abrabam,
1521 1074 1550 1109 sn
1580 1075 1637 1126 qua
1665 1059 1752 1111 amas
1770 1059 1835 1112 aeri
1858 1059 1917 1112 Dsi

215 1139 297 1193 modo
321 1139 481 1208 respondet:
518 1140 555 1191 Ira
574 1147 695 1209 tempore
717 1141 783 1205 boc,
809 1158 842 1193 ee
861 1158 915 1208 quo
934 1112 1170 1213 obtinuithultae
1194 1148 1234 1203 et,
1259 1148 1393 1208 quartum
1412 1140 1546 1194 credibile
1565 1149 1619 1211 sat,
1644 1143 1675 1195 irs
1691 1160 1751 1210 qua
1766 1143 1836 1212 jam
1854 1145 1915 1199 sola

214 1227 338 1279 lacereris
356 1226 502 1288 ecclesias,
527 1226 609 1279 mulla
628 1227 761 1295 probatio
783 1234 875 1295 potest
894 1243 953 1280 esse
970 1243 1052 1280 aerae
1063 1220 1066 1269 l
1077 1226 1162 1278 etium
1180 1226 1312 1279 Hebraea
1330 1227 1430 1294 linquo
1449 1235 1632 1295 remanserat,
1652 1229 1782 1295 ριιαιιιυίε
1802 1237 1828 1283 et
1847 1219 1915 1299 ipse,

217 1310 458 1376 attestantem,
488 1328 576 1379 neme
602 1314 745 1380 semesum
769 1320 862 1381 pomi
889 1329 948 1366 see
971 1313 1052 1366 m-rr-
1064 1286 1066 1391 Q
1077 1312 1149 1364 aaa
1162 1312 1229 1379 jam
1246 1312 1430 1379 manifestor
1448 1312 1510 1366 nst
1521 1312 1648 1380 popam
1666 1313 1696 1365 a
1714 1314 1860 1383 semro,
1876 1316 1916 1368 m

213 1398 371 1449 otiosorum
401 1397 485 1450 aliud
511 1398 661 1451 solentiam
686 1415 853 1465 coprroseere
874 1399 944 1463 ridet
965 1399 1052 1462 firmi·
1078 1397 1108 1448 ia
1141 1397 1350 1464 Mesopotamia
1379 1398 1494 1450 sermm
1525 1398 1582 1450 diis
1607 1398 1711 1470 alienis
1736 1400 1813 1453 Jseu
1838 1402 1915 1456 Noae

214 1489 311 1549 tmem,
329 1481 389 1534 nisi
406 1482 574 1550 Scripturas
594 1484 716 1537 divinae.
753 1490 843 1537 Antea
867 1485 938 1537 emim
952 1484 1052 1537 metes
1078 1489 1214 1536 narrante
1233 1484 1359 1550 refertar
1375 1488 1428 1538 ete.
1466 1483 1593 1536 Proinde
1616 1484 1689 1538 sicut
1701 1501 1758 1554 per
1774 1503 1915 1556 aquam

215 1569 308 1622 modis
329 1569 537 1635 ostendebatur,
567 1585 638 1637 pisce
657 1579 728 1623 esset
748 1570 867 1624 ecclesio
885 1568 1005 1636 Christi,
1025 1577 1052 1622 et
1079 1569 1216 1622 Muciam
1232 1587 1290 1622 aaa
1309 1571 1408 1623 domm
1427 1569 1509 1622 Noae
1525 1579 1699 1623 remanserat
1718 1572 1762 1624 ad
1779 1560 1922 1643 repartum

215 1671 288 1722 qous
304 1653 466 1722 persts'litas,¹
483 1671 557 1707 aare
578 1662 671 1708 erdem
690 1656 769 1709 nullo
781 1658 865 1708 modo
877 1655 1053 1723 copaoseitar
1079 1656 1145 1708 dum
1163 1671 1250 1725 penus
1267 1655 1432 1724 damnum,
1458 1657 1500 1708 sie
1522 1656 1557 1708 ia·
1576 1656 1684 1710 diluuio
1701 1658 1856 1712 mdiorum
1872 1678 1916 1714 aa·

215 1740 369 1793 volentibus
387 1757 559 1809 copaoscers,
580 1758 651 1809 quas
669 1742 707 1794 sit
724 1742 922 1795 omaecclsaio
937 1741 1052 1809 Obristi,
1077 1740 1274 1808 perstitissem
1302 1759 1358 1810 per
1386 1741 1546 1794 universum
1576 1743 1711 1796 mandam
1741 1754 1916 1799 resumserat

215 1826 273 1878 arei
290 1827 481 1879 tantummodo
497 1843 552 1894 per
573 1826 748 1897 Scripturas.
1079 1829 1177 1880 domus
1196 1828 1325 1894 Therae,
1343 1828 1375 1880 in
1392 1844 1448 1896 qua
1465 1826 1608 1880 mutodita
1627 1835 1668 1880 est
1682 1828 1833 1895 plantatio
1852 1831 1915 1884 eiai-

87 1926 190 1967 nmorts
251 1918 293 1968 at.
329 1913 424 1981 Atque
441 1911 509 1966 haec
528 1919 593 1967 sunt
611 1919 790 1985 argumenta,
817 1931 889 1985 quae
908 1913 1051 1968 Bellarmi·
1078 1913 1146 1965 mse
1166 1913 1230 1966 Dei.
1271 1912 1348 1967 Idem
1369 1913 1518 1967 inPsalm.
1539 1913 1790 1984 temetipsam
1812 1917 1915 1971 iasolo

88 1978 268 2069 ’γῗοῖῗωιιιιε
296 1997 325 2050 in
352 1997 404 2051 hac
428 1998 588 2067 quaestione
609 1999 689 2053 nobis
711 1999 809 2054 tribuit
833 2006 862 2055 et
885 2000 940 2053 viru
957 2016 1050 2053 eorum
1079 1998 1150 2050 Abel
1169 1999 1289 2051 escaria
1308 2007 1383 2067 erat,
1402 2008 1428 2052 et
1444 2008 1617 2067 supernatus
1633 2007 1672 2052 est
1688 2018 1708 2052 a
1722 2003 1823 2066 fratre
1842 2004 1914 2057 mule

88 2081 184 2176 233¹·
215 2083 366 2153 infringere
386 2091 510 2140 conatur.
546 2085 587 2140 Ut
604 2090 698 2140 autem
719 2086 893 2141 manifestius
909 2091 1052 2154 appareat,
1079 2094 1105 2138 et
1117 2086 1236 2153 perdito
1258 2087 1347 2155 Cois,-
1372 2087 1530 2155 aliquando
1548 2088 1578 2139 in
1596 2087 1656 2141 solo
1677 2088 1778 2166 Erech
1796 2091 1915 2144 saraa

89 2183 148 2231 quor
217 2188 253 2225 an
270 2178 384 2225 externa
401 2172 535 2225 ecclesiae
552 2171 637 2228 facies
655 2179 790 2242 perpetuo
808 2171 892 2226 fuerit
904 2171 1053 2241 splendida
1078 2179 1148 2234 erat,
1165 2179 1191 2224 et
1208 2172 1364 2224 translatam
1382 2180 1422 2225 est
1440 2175 1475 2225 ab
1493 2173 1617 2241 iniquia·
1638 2172 1799 2240 aliqnando
1812 2176 1915 2229 insola

90 2233 191 2332 mist
217 2266 246 2312 et
263 2257 386 2325 illustris,
404 2273 440 2311 an
458 2273 523 2311 vero
540 2256 720 2311 multitudiue
739 2257 941 2325 scandalorum,
961 2257 1052 2328 gravi·
1079 2258 1160 2310 tiemo
1188 2258 1270 2310 Noae
1295 2258 1415 2311 ecclesie
1434 2266 1509 2326 erat,
1533 2265 1559 2311 st
1580 2258 1644 2311 sola
1666 2275 1739 2311 area
1755 2263 1868 2315 natavit
1885 2263 1913 2315 ia

90 2335 194 2374 ΝΜ·
217 2349 275 2398 tate
311 2345 550 2413 persecutionum,
592 2343 791 2398 invalescentia
825 2345 1052 2414 corruptelarum,
1077 2342 1223 2410 ducamen
1244 2343 1403 2412 aliquando
1419 2344 1524 2398 isacio
1536 2345 1687 2400 Abrabam.
1713 2344 1913 2403 4.Recedenti·

216 2447 338 2484 errorum
365 2436 395 2484 et
419 2428 575 2484 haeresium
603 2428 770 2500 quandoque
789 2428 966 2493 obscuretur,
991 2428 1051 2484 bre-
1079 2429 1130 2483 bus
1149 2445 1166 2482 a
1184 2429 1321 2483 consortio
1340 2446 1422 2484 verae
1440 2430 1574 2485 ecclesiae
1591 2431 1710 2485 Ismaile
1728 2436 1757 2485 et
1775 2431 1871 2488 Esavo
1886 2435 1913 2488 in

215 2517 287 2571 viter
304 2531 495 2586 percurremus
515 2515 657 2569 historiam
675 2515 809 2571 ecclesiae
827 2516 856 2569 in
873 2514 908 2571 V.
927 2532 960 2570 ac
972 2515 1006 2570 N.
1018 2514 1050 2568 Τ.
1077 2512 1184 2568 familia
1205 2514 1306 2570 iacobi
1330 2530 1363 2570 ea
1389 2524 1552 2570 conservata
1572 2522 1625 2584 est,
1651 2517 1701 2570 red
1719 2525 1913 2590 praeterquam

218 2607 240 2657 1.
259 2601 329 2655 Cum
350 2607 413 2671 post
431 2601 539 2655 tristem
562 2617 639 2655 suam
665 2601 832 2670 apostasiam
852 2601 934 2671 primi
953 2618 1051 2672 paren-
1077 2599 1152 2670 quod
1179 2599 1346 2655 exsulaverit
1369 2599 1399 2654 in
1422 2604 1499 2655 terra
1517 2599 1631 2655 Canem
1653 2609 1682 2655 et
1699 2611 1831 2673 respectu
1853 2607 1912 2660 reli·

216 2693 258 2741 tes
283 2703 352 2740 voce
377 2686 515 2756 evangelii
544 2686 581 2740 ad
605 2686 774 2741 consortium
805 2687 936 2741 ecclesiae
961 2687 1051 2741 vocati
1077 2704 1193 2757 quorum
1212 2691 1341 2740 coetuum
1359 2685 1592 2741 idololatricorum
1611 2688 1728 2758 exiguus
1748 2696 1778 2745 et
1794 2698 1912 2748 coutem-

119 2826 122 2833 Α
216 2779 309 2827 essent
336 2788 369 2825 ac
396 2772 605 2841 promissionem
631 2773 667 2826 de
690 2772 795 2826 semine
820 2772 942 2827 mulieris
967 2781 1051 2843 caput
1077 2779 1122 2827 tus
1146 2779 1240 2828 coetus
1259 2771 1356 2837 suerit,
1383 2773 1551 2838 notandum,
1577 2775 1652 2845 quod
1671 2793 1706 2830 ne
1723 2777 1785 2846 ipsa
1802 2778 1912 2849 quidem

216 2859 405 2929 serpentinum
425 2858 577 2911 contrituro
596 2857 624 2911 in
638 2857 744 2912 familia
763 2875 821 2921 sua,
841 2857 987 2912 ecclesiola
1004 2859 1052 2912 illa
1076 2858 1177 2913 Jacobi
1200 2858 1307 2913 familia
1331 2858 1368 2913 ab
1391 2858 1548 2914 idololatria
1572 2859 1657 2914 suerit
1673 2861 1757 2930 plane
1775 2863 1912 2935 immunis,

217 2945 383 3012 domestica,
401 2950 599 3013 propagarent,
618 2941 720 2998 Oainus
741 2942 871 2998 horribile
889 2944 1050 2999 scandalum
1077 2946 1145 3013 puio
1169 2946 1278 2999 Rachel
1298 2947 1421 3012 feratur
1444 2946 1526 2999 idola
1547 2948 1643 3015 patre
1672 2949 1718 3000 sui
1745 2947 1847 3006 Genea.
1872 2958 1910 3019 31,

215 3029 367 3084 fratricidio
393 3046 442 3083 suo
468 3030 497 3082 in
520 3046 553 3083 ea
577 3029 720 3097 excitarit,
745 3046 806 3083 mox
827 3029 910 3084 etiam
933 3048 952 3083 a
969 3031 1051 3097 sacis
1077 3049 1101 3084 v.
1123 3037 1163 3086 19.
1187 3037 1216 3085 et
1238 3030 1363 3086 lacobus
1382 3032 1539 3086 convocatis
1558 3031 1701 3100 omnibus,
1724 3034 1773 3104 qui
1798 3052 1863 3089 cum
1880 3054 1911 3092 oo

216 3117 349 3179 Domini,
368 3116 421 3169 hoc
440 3121 483 3170 est
499 3133 516 3168 a
534 3115 671 3170 consortio
691 3130 772 3170 verae
790 3115 938 3182 ecclesiae,
959 3131 1050 3186 egres-
1077 3122 1169 3185 eraut,
1199 3117 1337 3186 praecipit
1354 3116 1394 3172 eis
1414 3115 1515 3172 Genea.
1535 3122 1582 3182 35,
1601 3135 1626 3171 v.
1642 3123 1671 3172 2:
1700 3120 1826 3188 abjicite
1846 3124 1912 3175 dees

216 3221 263 3258 sus
284 3202 402 3257 instituit
428 3220 513 3257 noros
533 3203 624 3258 cultus
644 3209 722 3258 extra
740 3201 856 3257 verbum
874 3208 902 3256 et
921 3219 984 3256 cum
1002 3219 1050 3272 po·
1077 3202 1194 3266 cimaea,
1214 3203 1264 3270 qui
1281 3202 1312 3255 irs
1329 3201 1423 3255 medio
1440 3201 1526 3255 cesai
1542 3211 1623 3272 σαψ·
1641 3219 1676 3257 er
1693 3221 1749 3274 quo
1767 3207 1911 3262 manifeste

215 3291 295 3346 eteris
314 3290 371 3344 suis
389 3306 482 3343 veram
502 3288 647 3343 ecclesiam
666 3288 803 3343 hostiliter
820 3295 982 3359 persecutus
999 3293 1051 3356 est,
1076 3287 1256 3359 intelligitur,
1281 3304 1342 3350 eos,
1369 3288 1417 3357 qui
1439 3287 1577 3344 iacobum
1603 3305 1636 3343 er
1653 3290 1854 3361 Mesopotamia
1872 3311 1911 3348 as-

215 3377 278 3432 ideo
296 3376 367 3431 Gen.
389 3382 419 3443 4,
442 3393 468 3431 v.
488 3381 529 3431 26.
553 3375 679 3440 additur,
702 3373 874 3444 temporibus
896 3373 972 3430 Sethi
998 3375 1050 3429 sub
1077 3375 1135 3430 cuti
1151 3373 1275 3437 fueraut,
1299 3391 1354 3428 uon
1373 3374 1467 3430 statim
1485 3375 1658 3431 renuntiasse
1677 3376 1866 3446 idololatriae,
1884 3380 1911 3432 iu

216 3463 362 3517 nativitate
387 3462 462 3515 Euos
488 3470 615 3530 coeptam
637 3479 696 3515 esse
725 3462 854 3515 invocari
875 3479 973 3515 nomes
991 3463 1051 3516 De·
1077 3478 1133 3531 qua
1158 3460 1234 3529 apud
1261 3459 1407 3515 labanum
1433 3460 1545 3517 fumant
1569 3462 1689 3517 educati.
1731 3462 1912 3519 Accedebant

216 3550 294 3603 mibi.
329 3549 435 3603 Nomen
454 3549 529 3602 Enos
547 3546 697 3618 significat,
714 3547 820 3600 insidiis
838 3553 867 3601 et
885 3548 1052 3616 persecutio·
1076 3547 1190 3615 insuper
1216 3546 1380 3617 gravissima
1403 3549 1550 3617 scaudala,
1580 3549 1681 3618 quibus
1703 3565 1771 3603 vera
1794 3551 1911 3605 ecclesia

218 3633 300 3688 nibus
319 3633 491 3687 Cainitarum
510 3648 633 3703 pressam
653 3632 739 3686 fuisse
751 3632 904 3695 ecclesiam,
924 3634 973 3687 sed
986 3641 1052 3687 tunc
1078 3635 1106 3687 iu
1139 3633 1221 3687 domo
1250 3639 1278 3688 et
1304 3632 1412 3687 familia
1438 3633 1537 3689 Jaccbi
1567 3635 1667 3689 misere
1696 3635 1911 3692 defonnabatur.

216 3719 309 3788 coepit
337 3718 437 3772 iterum
467 3719 643 3773 reflorescere
668 3735 701 3771 ac
726 3719 840 3773 verbum
869 3718 920 3773 Dei
950 3737 1051 3789 magno
1078 3718 1152 3772 Diua
1171 3718 1319 3774 committit
1340 3725 1482 3789 stuprum,
1505 3719 1587 3788 cujus
1610 3734 1729 3790 poenam
1754 3721 1867 3778 Simeon
1885 3732 1912 3781 st

217 3821 347 3859 successu
371 3804 400 3857 in
418 3803 538 3873 publicis
557 3803 740 3857 conventibus
758 3804 864 3871 doceri,
891 3809 924 3857 ut
941 3805 976 3860 Ι).
995 3804 1050 3857 Lu·
1078 3804 1146 3859 Levi
1162 3820 1181 3856 a
1199 3803 1357 3860 Sichemitis
1376 3805 1462 3859 nimia
1479 3804 1644 3860 crudelitate
1661 3805 1791 3877 erigunt3
1811 3808 1911 3864 Rubeu

217 3891 312 3945 therus
330 3891 405 3943 hunc
421 3890 511 3943 locum
531 3895 605 3944 recte
624 3889 829 3958 iuterpretatur.
872 3896 896 3945 2.
915 3889 1051 3961 Tempore
1077 3888 1225 3944 committit
1244 3888 1378 3944 incestum
1397 3906 1460 3943 cum
1478 3890 1635 3945 concubina
1650 3892 1804 3962 patrissui,
1823 3894 1912 3950 ludas

217 3977 423 4032 antediluriauo
448 3976 619 4031 Caiuitarum
644 3975 790 4046 progenies
818 3977 919 4030 floreus
943 3979 1050 4047 sapien·
1077 3991 1141 4029 cum
1166 3991 1238 4028 nuru
1263 3989 1330 4042 sua3
1353 3973 1493 4044 Josephus
1517 3975 1683 4031 sirenibus
1699 3978 1729 4032 in
1749 3980 1911 4054 Aegyptum

217 4063 267 4130 tia,
284 4063 442 4118 inventione
463 4063 572 4130 artium,
591 4061 703 4129 divitiis,
722 4062 897 4118 successibus
909 4069 960 4118 etc.
973 4063 1051 4118 blan-
1077 4059 1208 4149 venditpr
1232 4064 1284 4114 etc.
1331 4067 1354 4116 5.
1376 4060 1446 4115 Cum
1470 4062 1588 4117 ccclesia
1610 4080 1676 4118 rere
1698 4065 1728 4118 in
1751 4068 1911 4134 posteritate

219 4149 295 4203 ditiis
314 4149 371 4202 suis
388 4150 464 4211 filim
482 4147 554 4209 Dei,
580 4147 633 4201 hoc
656 4155 699 4202 cst
717 4164 799 4204 verae
817 4148 949 4204 ecclesiae
967 4150 1051 4217 cives,
1076 4144 1176 4201 iacobi
1194 4151 1358 4201 conservata
1374 4146 1403 4200 in
1418 4147 1552 4218 Aegypto
1569 4150 1800 4222 peregrinaretur,
1819 4155 1911 4208 miser·

218 4234 437 4306 patriarcharum
455 4240 590 4304 posteros,
607 4235 644 4288 ad
661 4251 692 4288 se
709 4235 851 4305 pertraxit,
870 4241 901 4289 ut
917 4235 996 4290 nulla
1003 4236 1051 4290 ha·
1077 4232 1148 4286 rima
1168 4231 1222 4285 tuit
1240 4231 1314 4286 illius
1333 4232 1465 4287 conditio.
1502 4232 1645 4289 Isra'e'litae
1664 4236 1737 4290 enim
1749 4236 1911 4293 durissimae

201 4321 279 4376 'bita
302 4320 457 4390 religionis,
481 4319 592 4390 pietatis
617 4321 814 4377 ethonestatis
833 4321 939 4377 ratione
958 4323 1051 4378 matri·
1077 4317 1205 4374 servituti
1224 4323 1305 4374 erant
1322 4316 1454 4386 subjecti,
1473 4317 1672 4390 affligebantur
1692 4323 1831 4391 oneribus,
1849 4343 1909 4395 par·

218 4407 311 4461 ruonia
339 4423 402 4460 cum
430 4405 485 4459 illis
512 4405 706 4461 contraherent
736 4425 821 4478 seque
847 4425 910 4463 curn
935 4409 1052 4462 ecclesia
1078 4405 1136 4459 vuli
1153 4420 1248 4459 eorum
1266 4402 1485 4473 projiciebantur
1502 4405 1531 4459 in
1549 4407 1743 4477 profluentem,
1759 4426 1792 4463 ac
1812 4410 1912 4466 diserte

108 4504 145 4543 ιι.
159 4501 204 4544 ua
221 4493 336 4549 Cainics
358 4494 560 4562 conjungerent
584 4491 687 4546 frustra
711 4493 875 4548 dehortante
894 4500 922 4548 et
940 4501 1051 4550 conten·
1077 4496 1306 4546 commemoratur
1320 4488 1529 4547 deillisEzech.
1544 4496 1912 4566 20,v.7.‹1u0‹lAsypptio·

218 4581 302 4635 dento
327 4578 432 4648 Spiritu
455 4583 550 4632 sancto
576 4595 626 4646 pcr
651 4579 832 4633 ministerium
856 4580 965 4649 piorum
989 4597 1051 4649 pro·
1077 4595 1141 4630 rum
1151 4592 1253 4631 morem
1265 4576 1353 4628 esaar·
1363 4576 1516 4646 multiplici
1527 4579 1695 4634 idololatria
1710 4598 1770 4635 sese
1781 4584 1912 4637 coeterni·

218 4664 365 4734 phetarum
388 4663 491 4718 Genea.
512 4669 544 4730 6,
566 4680 592 4715 v.
611 4669 635 4718 2.
654 4669 683 4717 et
701 4669 724 4717 3.
751 4664 824 4718 uude
850 4666 930 4736 aquis
955 4665 1050 4720 diluvii
1078 4666 1188 4727 moriat,
1208 4662 1283 4733 quod
1301 4663 1438 4731 ipsumer
1451 4665 1579 4722 eoetiam
1590 4667 1781 4738 manifestum,
1801 4670 1912 4740 quando

217 4757 292 4806 totus
311 4750 430 4805 mundus
450 4749 558 4804 deletur
575 4756 602 4803 et
622 4754 801 4803 conservatur
818 4750 936 4804 ecclesia
955 4752 983 4804 in
996 4752 1052 4807 eri·
1077 4749 1164 4803 Erod.
1174 4753 1215 4804 32,
1227 4748 1346 4803 vitulum
1359 4766 1472 4806 aureum
1483 4752 1585 4822 colunt,
1594 4753 1912 4824 Aegyptiorumeultum

216 4855 273 4908 guo
290 4845 349 4891 octo
369 4837 526 4889 aairnmam
544 4840 638 4897 eoem,
660 4833 707 4904 qui
728 4834 756 4895 in
774 4850 839 4889 area
854 4837 931 4890 velut
948 4837 974 4890 in
993 4854 1051 4892 car·
1077 4834 1170 4890 bacin
1182 4841 1262 4904 parte
1276 4836 1373 4904 secuti,
1390 4837 1431 4891 illi
1447 4838 1561 4894 enimin
1573 4839 1652 4911 regia
1663 4840 1777 4895 civitate
1788 4840 1911 4912 Memphi

217 4941 280 4979 cere
306 4924 427 4994 quodam
453 4939 503 4991 per
527 4920 666 4991 integrum
684 4936 788 4974 anuum
806 4920 917 4976 delituit
935 4931 964 4977 et
979 4924 1052 4978 inter
1077 4920 1206 4975 colebant
1218 4921 1305 4989 Apio,
1323 4920 1349 4974 h.
1363 4939 1387 4978 e.
1404 4923 1512 4989 bovem,
1527 4926 1643 4995 ejusque
1655 4933 1770 4980 matrem
1781 4927 1912 4993 Amabim,

216 5009 278 5064 illos
300 5009 374 5079 ipsos
397 5013 460 5062 octo
483 5006 607 5060 homines
623 5006 710 5061 Cham
729 5006 828 5077 impius
846 5008 941 5064 irrisor
959 5009 1050 5063 locum
1077 5009 1150 5072 (erat
1168 5010 1261 5060 autom
1275 5006 1346 5075 Apis
1365 5006 1457 5079 figura
1472 5009 1550 5063 bovis
1567 5009 1661 5064 albam
1674 5009 1795 5066 frontem
1809 5019 1839 5067 et
1850 5031 1911 5084 par·

216 5094 323 5150 habuit.
362 5094 441 5158 Quae
462 5110 526 5147 vero
546 5098 614 5145 tunc
632 5092 763 5163 temporis
782 5093 836 5147 fuit
852 5093 1005 5164 amplitudo
1023 5100 1052 5149 et
1077 5108 1125 5146 vas
1144 5091 1279 5162 quasdam
1296 5094 1420 5149 maculas
1439 5095 1468 5148 in
1486 5099 1550 5147 cute
1568 5092 1710 5165 habentis,
1736 5104 1830 5153 cetera
1847 5117 1911 5154 vero

217 5178 348 5248 splendor
372 5196 453 5235 verae
478 5179 633 5259 ecclesiae?
672 5184 696 5233 3.
720 5180 789 5234 Post
814 5180 949 5234 diluvium
976 5181 1051 5233 inra—
1076 5177 1169 5248 nigri.)
1199 5177 1337 5232 llErech.
1357 5186 1399 5248 23,
1416 5199 1443 5237 v.
1462 5184 1490 5235 2:
1507 5179 1593 5232 Duae
1611 5182 1744 5236 mulieres
1755 5185 1839 5252 filios
1855 5204 1911 5238 ma·

217 5261 338 5319 lescente
363 5266 453 5321 ubivis
477 5265 634 5321 idololatria
659 5271 741 5319 vocat
764 5265 841 5319 Deus
859 5264 1050 5320 Abrahsmum
1076 5263 1129 5316 tris
1154 5265 1238 5316 anias
1256 5266 1382 5329 fueruat,
1400 5283 1427 5323 r.
1446 5271 1477 5321 3:
1501 5269 1528 5316 et
1544 5262 1709 5327 sarmatae
1726 5277 1791 5323 saar
1807 5271 1838 5324 ia
1858 5272 1912 5323 Ae-

218 5353 246 5402 et
263 5348 355 5403 educit
373 5368 436 5406 eum
454 5369 487 5406 ex
503 5352 545 5408 Ur
562 5350 764 5406 Chaldaeorum
783 5349 882 5407 Geues.
903 5357 943 5418 11,
962 5369 987 5407 v.
1009 5357 1049 5406 ³1.
1077 5357 1170 5418 capto,
1187 5350 1218 5403 in
1235 5351 1427 5405 adolescentis
1445 5350 1676 5417 ussumieatae
1692 5362 1766 5423 mat,
1785 5356 1827 5409 ibi
1841 5373 1912 5410 com·

218 5438 328 5486 consmt
344 5441 437 5491 autem
455 5452 488 5489 er
505 5436 565 5493 Jos.
585 5442 633 5506 24,
658 5455 682 5490 v.
704 5442 728 5491 2.
747 5436 838 5506 ipsum
859 5436 944 5491 etiam
959 5412 1177 5504 abrs-ipram
1201 5442 1265 5489 sum
1290 5436 1379 5489 adera
1400 5451 1499 5490 aarum
1521 5440 1547 5487 st
1568 5435 1610 5487 ibi
1626 5440 1810 5494 comessionem
1827 5459 1912 5497 mam·
