4004 6022
155 351 216 409 rm
578 296 582 307 ⁹
671 356 681 366 ·
713 342 833 399 nocue
851 339 1055 399 acuamus
1071 339 1269 400 66666666

155 514 218 551 rum
242 506 315 552 casa
331 499 465 568 princepe
482 506 509 552 et
529 499 672 567 nephtar.
706 497 762 552 Irti
779 516 864 553 unam
879 504 988 553 tantan
1014 496 1069 552 lici.
1116 503 1140 553 6
1166 497 1296 568 Denique
1314 498 1505 561 concedimus,
1531 513 1582 553 noe
1600 511 1661 552 nasa
1678 511 1748 551 sano
1765 510 1846 553 66666

156 582 186 636 in
205 582 316 637 0161616
337 591 467 638 naturam
490 601 549 639 erae
565 586 703 640 61661661.
737 584 822 641 Η1666
841 585 989 657 acephalis
1014 584 1220 653 achiemahcne,
1251 585 1317 655 6616
1344 583 1450 640 66111661
1475 583 1511 639 61)
1537 581 1656 638 66616616
1677 581 1805 639 Romana
1820 587 1846 640 61

156 664 288 740 conjungi
304 676 421 739 possunt
440 669 579 742 Alogiani,
597 672 753 744 agnoitae,
770 671 988 741 Anthropomer·
1014 669 1075 739 ejus
1100 669 1192 740 capite
1214 669 1342 738 pontifice
1366 669 1491 725 Romano
1517 668 1699 724 6666666666
1723 668 1845 738 lenimur,

155 753 265 825 6161166,
292 755 438 827 Angelici,
465 756 636 828 Apostoliei,
661 756 774 813 Cathari
804 763 856 816 etc.
887 757 989 829 quibus
1014 771 1191 826 nequaquam
1214 773 1279 810 vero
1304 755 1340 811 ab
1363 755 1469 811 unitate
1493 753 1626 810 ecclesiae
1646 753 1846 823 6611661166661Ι

155 841 232 895 66116
249 856 374 910 persona,
394 842 444 897 aad
462 859 529 898 suae
547 843 674 899 66666666
692 843 804 898 uomina
820 844 989 900 indiderunt
1015 842 1076 911 ejus
1106 843 1199 912 capite
1228 840 1338 897 Christo
1362 841 1432 898 lesu
1458 856 1509 895 nos
1531 838 1731 910 separavimus.
1772 839 1844 896 At'o

156 925 353 997 ''Alpbonsna
368 927 403 981 da
414 927 511 983 (166166
522 928 573 986 lib.
588 935 612 986 1.
628 930 691 987 666,
710 929 814 986 1666666
832 931 875 985 tit.
904 931 989 1001 Aqua
1015 926 1126 982 beatum
1145 927 1278 992 schisma,
1304 944 1354 998 par
1373 928 1448 1000 quod
1465 925 1573 982 (11661616
1590 932 1619 981 61
1634 942 1719 981 verae
1736 925 1844 982 66116611-

155 1011 259 1069 baeres.
291 1018 322 1069 t:
360 1015 508 1069 Haeretici
534 1015 729 1084 Flapattantea
759 1017 800 1070 ita
832 1017 868 1070 ab
893 1033 988 1071 eorum
1016 1029 1066 1068 666
1090 1013 1223 1068 ecclesiae
1241 1013 1434 1068 6611166666.
1469 1013 1539 1068 Τ616
1558 1011 1678 1068 schisma
1696 1011 1765 1067 olim
1782 1017 1844 1082 6661,

155 1102 707 1170 66666666666616661111,66661666
723 1102 841 1156 nodorb
853 1103 988 1171 jlapeltie,
1016 1115 1072 1169 quo
1104 1098 1222 1154 ecclesia
1249 1099 1407 1155 Christiana
1433 1115 1451 1154 6
1474 1097 1594 1154 1666166
1615 1114 1764 1169 synagoga
1790 1112 1845 1155 aare

154 1185 186 1241 in
204 1186 302 1256 quibus
318 1186 414 1241 aculei
430 1187 531 1240 incerti
547 1195 636 1255 erant,
655 1206 685 1242 ee
702 1189 779 1258 iprae
793 1189 989 1257 flagellabant.
1015 1184 1179 1256 separabat,
1207 1186 1290 1258 66616
1314 1185 1397 1242 61166
1421 1185 1592 1257 praecipitur
1614 1184 1677 1239 Act
1698 1188 1730 1251 1,
1756 1202 1784 1239 6.
1804 1189 1844 1243 tc:

154 1271 202 1328 lib.
226 1271 313 1329 6111
337 1272 513 1330 Eucharistia
532 1274 636 1330 haeres.
656 1281 679 1331 6.
698 1275 733 1329 66
750 1272 895 1344 Aquariis:
934 1275 990 1337 Qui
1017 1270 1177 1326 salvamini
1205 1289 1224 1324 a
1254 1273 1433 1341 quaeratione
1466 1273 1519 1325 ieta
1548 1288 1648 1340 praua
1690 1271 1785 1342 Apcc.
1809 1275 1845 1340 tt,

152 1359 244 1423 fucrit
266 1359 352 1428 hujus
375 1360 499 1414 haercria
520 1369 662 1416 66616661
681 1380 734 1431 quo
754 1370 876 1430 tempore
894 1379 988 1430 coepe·
1014 1375 1038 1410 6,
1064 1361 1107 1413 14:
1137 1358 1223 1412 Erite
1240 1359 1276 1411 ab
1294 1375 1337 1412 ea.
1366 1357 1435 1415 Tale
1447 1357 1566 1414 schisma
1578 1355 1844 1428 praecipiuntetiam

154 1445 207 1513 rit,
231 1447 313 1514 opud
331 1445 465 1499 neminem
483 1447 607 1501 inuenire
620 1448 712 1516 potui.
719 1448 751 1483 *⁴¹
789 1446 853 1503 Huc
871 1446 988 1503 referen·
1014 1448 1121 1513 patrea,
1145 1444 1272 1516 Ignatim
1296 1444 1376 1516 epist.
1400 1450 1423 1501 6.
1448 1444 1484 1501 ad
1503 1443 1628 1500 Pham:
1655 1443 1691 1499 Si
1706 1444 1771 1513 quia
1789 1460 1845 1499 6666

155 1530 208 1585 666
236 1536 280 1586 661
305 1531 434 1602 egregins
458 1531 536 1587 locus
559 1550 592 1587 ex
615 1532 770 1589 Bernhardi
792 1550 871 1589 serm.
894 1538 935 1590 66.
960 1533 988 1587 16
1012 1537 1148 1602 rectatur,
1171 1532 1222 1600 qui
1237 1549 1265 1585 ce
1284 1550 1304 1586 a
1321 1532 1437 1588 66611616
1457 1530 1622 1594 absciderit,
1641 1548 1697 1585 non
1716 1530 1845 1585 haeredi·

154 1614 235 1672 Cant
257 1616 306 1672 ubi
334 1617 369 1671 66
386 1617 530 1673 6666611616
547 1618 713 1689 quibusdam
732 1619 890 1690 apostolicis
908 1619 989 1675 dictis
1014 1617 1084 1670 tabit
1108 1634 1223 1684 repnum
1247 1618 1306 1674 Dei
1312 1658 1318 1682 ,
1344 1626 1370 1672 et
1392 1618 1442 1688 qui
1459 1635 1516 1672 non
1532 1616 1658 1672 66666611
1675 1635 1694 1670 6
1714 1618 1844 1672 mendace

154 1702 195 1757 616
213 1702 337 1759 diruerit:
367 1703 477 1766 Quaere
504 1705 539 1757 ab
564 1705 610 1759 hie
632 1721 701 1759 auae
725 1714 816 1760 666166
839 1714 988 1774 aucmrem,
1013 1703 1219 1771 concionatore,
1238 1704 1266 1758 in
1286 1705 1436 1774 pehennam
1455 1703 1692 1758 condemnabitur.
1731 1701 1844 1757 Ambro-
1853 1710 1911 1754 1116

155 1789 290 1843 neminem
314 1791 427 1844 dabunt.
471 1790 549 1854 Quae
566 1791 691 1846 haereat
707 1810 764 1847 non
782 1809 815 1846 en
834 1792 988 1847 hominibus
1013 1788 1069 1843 siaa
1095 1805 1190 1844 comm.
1214 1788 1242 1844 in
1268 1790 1333 1846 Luc
1351 1795 1380 1859 ti:
1419 1789 1454 1845 Si
1480 1808 1536 1860 qna
1562 1796 1602 1843 eat
1620 1788 1754 1852 66616616,
1779 1804 1845 1858 quet

150 1876 303 1945 preprium
330 1876 427 1931 hahuit
452 1878 703 1933 hacretiarchumi
736 1879 904 1933 Manichaei
922 1881 989 1934 Ma·
1007 1877 1098 1943 fidem
1112 1877 1227 1945 1161611,
1246 1878 1401 1931 usserman
1415 1883 1462 1930 tal·
1493 1874 1706 1945 Chrytoaiomufl
1721 1873 1795 1929 hom·
1806 1879 1844 1932 lt.

155 1979 216 2015 nem
237 1962 391 2016 1666666661
410 1965 570 2034 principem
588 1983 622 2018 ac
635 1973 863 2034 praeceptorem,
891 1964 988 2020 Sabel-
1014 1961 1044 2015 in
1061 1960 1175 2018 Manu:
1191 1964 1259 2018 Non
1276 1963 1327 2017 ille
1347 1965 1382 2016 de
1401 1961 1519 2017 eccleaia
1539 1962 1603 2026 erit,
1623 1962 1673 2031 qui
1690 1961 1845 2032 corporali·

155 2046 228 2101 ilani
247 2047 401 2104 8616111666
419 2055 471 2107 etc.
506 2049 566 2113 Quo
583 2067 649 2105 cero
668 2052 778 2105 nomiae
793 2052 862 2106 16166
874 2051 989 2106 titulove
1014 2055 1056 2102 ter
1073 2048 1136 2117 enit,
1156 2051 1208 2102 aed
1224 2049 1274 2118 qui
1290 2048 1478 2118 spirtualiter
1496 2048 1623 2102 66116116
1642 2048 1846 2103 melamaaticat

155 2133 299 2187 cernebiat
321 2134 409 2188 nullo.
450 2134 589 2198 Quoniam
612 2154 667 2191 non
690 2144 730 2191 eet
746 2137 987 2193 6616616ιὶ116-
1013 2135 1201 2198 fundamenta
1222 2135 1365 2205 relinquit.
1406 2136 1468 2189 Noa
1487 2134 1560 2189 enim
1578 2136 1613 2188 ab
1631 2135 1692 2188 illie
1713 2133 1845 2204 (6616616)

155 2237 218 2272 riam
245 2219 384 2288 16666616,
420 2239 508 2290 neque
528 2239 583 2291 per
608 2223 745 2279 hominem
772 2224 855 2279 illam
877 2226 988 2296 accepi·
1014 2221 1119 2274 emmae
1137 2238 1264 2292 corpore,
1282 2221 1330 2275 illi
1344 2222 1409 2287 ride.
1440 2218 1527 2275 Hisce
1542 2219 1700 2291 praeceptis
1719 2226 1846 2277 steten

155 2313 229 2361 runt.
269 2306 352 2360 Abrit
380 2315 473 2361 tamen
493 2326 549 2377 per
569 2310 765 2365 revelationem
782 2311 854 2365 1666
874 2311 989 2377 Christi,
1015 2307 1070 2378 plia
1097 2305 1194 2363 moniti
1217 2306 1254 2362 ab
1278 2306 1453 2363 idololatrian
1479 2305 1597 2363 ecclesia
1613 2305 1741 2363 1166666
1763 2307 1845 2364 disce

156 2394 208 2446 sed
236 2393 327 2461 asaph
354 2401 381 2447 et
406 2395 508 2464 abacue
536 2396 635 2464 616116,
670 2404 701 2450 ut
725 2395 852 2465 Spiritus
875 2406 989 2452 6666166
1016 2393 1112 2449 denter
1139 2410 1195 2449 non
1222 2391 1332 2449 Sionem
1362 2392 1548 2461 deseruimus,
1576 2392 1625 2448 sed
1648 2410 1683 2448 ex
1703 2393 1846 2465 Babylone

152 2479 313 2548 praeemit,
334 2497 389 2549 per
414 2480 613 2534 immirrienem
632 2489 659 2536 ct
676 2483 812 2548 fraudem
829 2485 989 2540 6166666616
1015 2479 1154 2552 fugimus3
1175 2496 1231 2536 non
1250 2479 1394 2536 eccleciam
1414 2479 1557 2546 66161666,
1576 2480 1626 2536 666
1645 2480 1727 2535 Pauli
1743 2481 1846 2536 lactum

155 2582 218 2619 ram
236 2569 287 2622 etc.
327 2570 351 2618 3.
373 2564 434 2630 Quo
453 2583 535 2622 sensu
552 2572 582 2622 61
599 2575 728 2638 respectu
747 2568 870 2625 dicamur
885 2569 989 2625 Luthe
1016 2565 1045 2621 16
1061 2565 1180 2622 66616616
1197 2566 1340 2637 Ephesiae
1357 2566 1445 2622 secuti
1463 2566 1528 2623 Act
1550 2573 1594 2632 19,
1610 2585 1634 2622 6.
1656 2572 1681 2623 6.
1699 2566 1845 2638 diacipulns

156 2649 232 2711 rani.
254 2649 369 2706 16166166
388 2651 582 2707 declarabitur.
621 2651 650 2709 Si
671 2654 810 2710 Lutberus
823 2654 988 2711 hamaticum
1016 2652 1217 2721 separavimusr
1241 2666 1298 2707 non
1321 2651 1409 2709 altere
1433 2658 1531 2708 666166
1552 2652 1640 2710 altare
1658 2653 1785 2725 exemplo
1803 2652 1846 2709 de

156 2735 297 2808 quandam
314 2737 464 2793 novitatem
484 2737 521 2793 ab
538 2739 655 2811 antiqua
670 2738 728 2804 666
741 2739 879 2797 catholica
888 2741 989 2798 616666-
1015 2737 1139 2794 roboami
1164 2738 1208 2792 661
1226 2737 1437 2795 Donatistarum
1455 2738 1604 2807 66661666,
1627 2739 1678 2794 666
1693 2738 1776 2795 611661
1792 2739 1845 2795 Da

155 2829 269 2894 pentem
287 2820 496 2892 introduxisset,
520 2830 551 2878 ut
567 2824 693 2880 fecerunt
711 2826 810 2895 66166,
836 2827 988 2897 Nestorius,
1015 2824 1102 2879 66661
1120 2840 1153 2880 ex
1171 2823 1241 2879 6666
1256 2822 1368 2880 Domini
1386 2826 1474 2895 ejecto
1490 2842 1585 2881 verum
1603 2824 1729 2880 6161666
1745 2827 1846 2883 cultum

154 2907 296 2979 Eutyches
314 2908 407 2965 616111
425 2910 595 2982 complures,
616 2913 775 2984 66666661)
791 2912 889 2968 111666
906 2930 989 2970 sensu
1015 2909 1236 2966 instauravimus.

156 2993 310 3050 diceremur
326 2993 488 3065 Lutherani,
508 2996 617 3069 66661)
634 2997 988 3069 661661666661661661,
1052 3001 1107 3051 111.
1141 2995 1218 3050 Η616
1243 2994 1402 3066 Scripturas
1431 2994 1588 3053 testimonio
1615 2998 1763 3070 conjungit
1784 2998 1844 3056 aa·

155 3081 323 3138 aNestorio
347 3080 517 3152 Nestoriani,
544 3083 580 3140 ab
600 3084 729 3156 Eutyche
747 3085 917 3156 Eutychiani
935 3094 987 3143 ete.
1014 3081 1146 3138 larminna
1172 3081 1250 3137 66616
1274 3082 1350 3138 61616
1367 3088 1491 3154 patrum,
1517 3099 1589 3154 quae
1607 3089 1759 3154 1661666166,
1783 3086 1845 3140 hae

154 3174 222 3224 tunc
241 3167 380 3224 obtineret
398 3168 503 3241 aliquid
524 3177 718 3242 argumentum
735 3171 909 3244 Bellarminiq
939 3175 987 3231 sed
1014 3170 1113 3224 reticet
1140 3170 1176 3223 cb
1199 3169 1354 3224 hominibus
1376 3169 1534 3239 appellari,
1559 3169 1725 3224 catholicum
1750 3189 1845 3227 nemen

155 3253 293 3310 Luthcrus
315 3272 370 3311 nen
391 3255 543 3313 introduxit
567 3256 734 3312 haereticam
753 3259 893 3329 quandam
911 3260 987 3315 novi·
1013 3273 1096 3310 cerae
1120 3257 1252 3311 66616166
1277 3256 1407 3326 relinqui.
1450 3254 1505 3311 Sed
1527 3255 1706 3310 haecomnia
1724 3256 1844 3313 nihilad
1889 3312 1893 3319 .

154 3347 253 3411 16166,
282 3342 331 3397 666
356 3358 461 3398 errores
485 3343 599 3415 papales
616 3344 645 3397 in
663 3344 806 3401 meletiam
824 3345 987 3402 catholicam
1013 3359 1071 3398 rem
1093 3343 1213 3410 iaciunt,
1239 3347 1261 3399 1.
1288 3341 1356 3412 6616
1378 3347 1472 3412 patres
1490 3358 1545 3397 non
1563 3342 1715 3414 loquuntur
1735 3342 1770 3400 de
1788 3343 1845 3399 sole

155 3428 326 3484 introductos
349 3429 462 3484 sustulit
485 3437 514 3486 et
537 3429 621 3486 tidem
645 3431 788 3503 antiquam
812 3448 877 3488 6666
895 3433 988 3488 cathu-
1014 3429 1134 3497 nomine,
1150 3428 1198 3483 sed
1215 3427 1290 3500 quod
1309 3445 1366 3485 rem
1379 3427 1661 3499 conjunctamhabet.
1680 3429 1844 3485 616616661-

155 3514 236 3570 lieam
272 3532 305 3570 ex
342 3516 486 3571 catholicis
514 3516 712 3588 prophetarum
743 3525 772 3572 61
802 3520 988 3589 apestolorum
1015 3535 1076 3571 mus
1101 3514 1235 3586 superius.
1282 3514 1312 3572 si
1338 3515 1427 3570 solum
1449 3532 1548 3571 noman
1566 3514 1736 3571 catholicum
1755 3533 1773 3570 a
1791 3514 1846 3572 1166

156 3600 266 3670 scriptis
287 3601 389 3657 docuit.
423 3608 449 3657 4.
469 3601 528 3658 Nos
546 3620 601 3657 non
620 3604 827 3660 denominamus
845 3622 895 3660 nor
914 3605 989 3676 ipsos
1015 3601 1153 3658 catholica
1169 3601 1326 3672 sejunctum
1342 3601 1516 3672 judicassent
1535 3600 1677 3666 66166666,
1694 3619 1752 3659 666
1770 3609 1846 3659 16616

156 3685 339 3755 Lutberanns,
358 3687 407 3742 sed
425 3685 463 3741 ab
480 3688 645 3744 6666666116
663 3691 702 3745 116
715 3691 895 3761 appellamur,
913 3693 988 3764 quod
1014 3690 1167 3745 animorum
1196 3686 1372 3743 contentione
1393 3705 1444 3758 pro
1466 3685 1531 3743 fidei
1557 3686 1712 3745 catholicae
1737 3689 1846 3746 6166661·

155 3778 270 3828 6616666
287 3772 485 3843 permittimur,
503 3779 536 3829 ut
547 3774 621 3831 baec
638 3777 789 3848 appellatio
804 3778 842 3832 sit
856 3777 988 3834 indicium
1015 3781 1073 3832 tate
1102 3780 1199 3830 contra
1232 3773 1385 3829 haereticos
1423 3773 1627 3829 catholicorum
1662 3791 1763 3830 nomen
1796 3774 1847 3833 sibi

156 3874 323 3926 consensus,
360 3875 443 3930 quem
472 3866 584 3916 uestrae
614 3861 748 3918 ecclesiae
773 3862 900 3919 obtinent
926 3881 990 3919 cum
1016 3869 1176 3934 arrogantes
1208 3865 1388 3931 pugnassent.
1438 3860 1560 3932 (16611166
1591 3877 1655 3916 666
1677 3861 1781 3918 6616616.
1809 3867 1847 3919 i&

156 3946 282 4000 doctrina
305 3945 457 4002 orthodoxa
475 3953 503 4003 et
520 3947 671 4015 catholica,
697 3966 781 4020 quam
799 3951 936 4006 Lutherus
957 3967 990 4007 ex
1016 3948 1166 4014 docuisset,
1191 3963 1291 4002 nomen
1308 3947 1473 4001 catholicum
1491 3964 1550 4000 aare
1566 3947 1718 4016 proprium
1734 3956 1848 4004 cannae

155 4033 241 4087 sacris
266 4032 353 4088 literis
371 4033 524 4104 proposuit
562 4032 744 4091 Denominari
765 4036 851 4108 igitur
869 4054 920 4093 nos
941 4041 989 4109 pa·
1016 4035 1163 4102 66616666,
1181 4033 1341 4106 subjungit,
1363 4033 1506 4091 ecclesiam
1524 4033 1616 4088 vocari
1635 4033 1786 4103 καθολικὴν
1802 4032 1847 4090 dri

156 4120 240 4174 11666
255 4137 273 4175 6
291 4118 430 4190 Lethen,
453 4137 509 4176 non
526 4128 558 4176 61
578 4139 667 4179 novae
683 4122 747 4179 fidei
767 4124 922 4187 inventore,
940 4125 990 4180 ted
1015 4120 1045 4176 rh
1063 4120 1205 4176 διδάσκειν
1221 4112 1376 4181 cebalinum
1387 4123 1432 4174 ani
1444 4119 1594 4182 6661116616
1604 4120 1714 4176 ἅπαντα
1728 4126 1767 4183 etr
1778 4116 1862 4193 666ῶῖ

157 4205 343 4277 6166116666
366 4205 432 4264 6661
456 4215 592 4264 macriora
616 4214 645 4264 et
671 4209 804 4286 ecclesiae
826 4210 990 4266 6666611666
1016 4224 1062 4263 err
1079 4205 1238 4282 daupeinai
1255 4207 1350 4262 11166
1362 4205 1515 4279 ὀφείλοντα
1527 4207 1664 4281 δόγματα,
1684 4209 1753 4277 6616
1770 4211 1848 4264 docet

157 4292 318 4365 dogmatum
337 4292 546 4349 Pontificiorum
568 4303 764 4368 repurgatum,
791 4295 857 4352 inde
880 4314 991 4369 quoque
1016 4295 1151 4351 catholice
1179 4302 1205 4349 et
1226 4294 1351 4364 perfecte
1375 4294 1470 4347 omnia
1493 4297 1642 4363 66666616,
1670 4311 1848 4365 6666666666

157 4396 258 4436 66666
275 4379 423 4436 Christiani
444 4388 472 4436 et
492 4380 629 4437 Catholici
646 4399 702 4437 non
722 4383 916 4453 repudiamus,
938 4399 989 4440 nec
1015 4382 1139 4436 hominen
1171 4389 1296 4435 tenentur
1327 4398 1485 4448 apnercere.
1527 4380 1602 4453 Ergo
1627 4386 1742 4452 propter
1767 4381 1848 4438 6666

155 4465 289 4523 1666661161
311 4466 456 4537 66166666
482 4467 620 4539 dogmatis
643 4468 842 4539 approbatione
865 4485 899 4525 66
918 4469 988 4525 indi·
1015 4467 1182 4524 catholicam
1206 4466 1258 4522 hoc
1281 4482 1381 4522 nomen
1402 4465 1535 4522 eccleciae
1553 4467 1702 4523 convenire
1720 4469 1848 4538 ostendit,

155 4570 228 4625 gnos
245 4571 295 4608 noa
315 4553 470 4621 66661666,
488 4555 561 4610 61661
577 4554 719 4611 faciebant
735 4555 849 4621 Ariani,
867 4556 989 4613 Nestori-
1015 4554 1038 4610 si
1062 4571 1129 4627 ergo
1152 4552 1222 4609 fides
1245 4551 1382 4607 catholica
1403 4551 1439 4608 ab
1463 4554 1579 4609 66616616
1598 4554 1719 4625 quadam
1738 4555 1849 4623 6666161,

155 4641 215 4704 ani,
238 4639 409 4710 Eutychiani
433 4648 485 4698 etc.
513 4641 563 4695 aad
581 4657 604 4696 -6
629 4640 737 4698 Christo
755 4648 890 4714 1666666
908 4643 989 4698 66166
1015 4658 1072 4697 666
1095 4639 1215 4711 amphus
1238 4637 1291 4693 nisi
1308 4635 1464 4712 ὁμωνύμως
1481 4638 1534 4694 6611
1551 4639 1696 4697 catholica.
1732 4642 1848 4712 Chryso·

156 4725 221 4783 11661
240 4733 353 4782 6661666
369 4730 399 4781 61
417 4725 549 4798 magistro
571 4743 702 4782 vocamur
716 4727 877 4798 Christiani,
895 4745 913 4783 6
926 4746 989 4785 con·
1014 4734 1120 4784 616666
1138 4724 1209 4780 hom.
1231 4730 1255 4780 t.
1273 4724 1303 4779 16
1316 4723 1432 4779 Manu:
1456 4725 1490 4780 Si
1500 4726 1606 4780 rideris
1618 4727 1757 4782 heminam
1771 4728 1848 4783 Chri·

39 4834 41 4838 “
154 4830 239 4870 censu
257 4830 321 4868 cum
339 4811 395 4869 666
413 4812 552 4868 6611661166
569 4829 701 4869 vocamur
719 4812 872 4884 Catholici,
897 4830 915 4869 6
934 4815 989 4870 Lu-
1013 4814 1145 4877 ananum,
1163 4811 1320 4878 concidere,
1340 4811 1367 4864 ri
1385 4812 1525 4878 confertio
1544 4812 1605 4882 rjai
1624 4814 1771 4868 conueniat
1789 4831 1847 4869 cunr

156 4899 234 4957 116666
250 4906 282 4955 61
301 4907 435 4956 assertore
452 4916 486 4955 ac
504 4904 722 4971 propugnatore,
747 4899 907 4970 cumprimis
924 4916 990 4956 vero
1016 4898 1179 4969 Scripturs'a.
1216 4897 1251 4952 Si
1265 4898 1315 4966 cic,
1336 4905 1393 4953 tam
1410 4915 1491 4952 cerne
1511 4906 1552 4953 eat
1570 4896 1755 4970 0161616666,
1775 4900 1848 4972 quod

156 4993 188 5043 61
204 4987 384 5042 reformatore
403 4985 536 5060 divinitus
553 4992 673 5041 excitate
692 4985 809 5042 dicimur
827 4987 989 5041 [61166661.
1014 4984 1117 5056 6666111
1141 4983 1213 5041 bom.
1239 4989 1281 5042 ³3.
1305 4984 1335 5039 16
1351 4983 1432 5040 Acta.
1468 4983 1547 5039 Idem
1567 4983 1684 5039 dicimus
1701 4985 1737 5043 66
1756 4987 1848 5042 661166

156 5079 180 5129 5.
204 5072 344 5129 Pontificii
370 5087 435 5128 vero
458 5071 663 5128 Catholioorum
684 5073 795 5127 nomina
812 5089 841 5127 ae
860 5072 989 5145 indignos
1015 5072 1077 5134 lico,
1096 5070 1163 5141 6616
1181 5071 1364 5126 Β6116661666
1383 5075 1529 5143 utrumque
1549 5071 1679 5126 hocloco
1696 5072 1848 5146 conjungit

154 5160 336 5216 reddiderunt
358 5158 473 5230 papalia
494 5157 627 5229 dogmate
649 5166 746 5214 666166
770 5159 854 5215 6666
876 5130 1190 5228 carboli-'Augustinus
1217 5158 1252 5213 de
1276 5157 1344 5212 6611
1370 5156 1467 5213 eccles.
1494 5174 1518 5214 6.
1545 5163 1592 5213 lu:
1620 5159 1681 5213 Nee
1704 5160 1849 5216 cathotr'eia

155 5264 217 5303 cam
238 5247 437 5317 amplectentes
454 5262 538 5317 seque
555 5246 871 5301 Romano-Catholicae
889 5220 1154 5323 recen-{episcopie
1177 5245 1363 5311 credendam,
1387 5243 1525 5312 riquidem
1544 5245 1627 5310 sorte
1641 5245 1803 5315 falluntur,
1819 5252 1849 5300 ut

155 5338 212 5400 tes,
238 5337 271 5387 61
288 5332 403 5387 inferius
421 5331 664 5389 demonstrabitur.
697 5330 856 5386 lacinanus
874 5326 1115 5387 catholi·²centrc
1134 5329 1299 5399 Scripturas
1317 5330 1468 5383 canonicae
1485 5329 1599 5398 aliquid
1615 5331 1739 5401 rapiant.
1776 5337 1849 5405 Ergo

155 5434 219 5473 cum
236 5416 341 5483 666611,
358 5419 409 5486 qui
418 5435 501 5473 66666
513 5419 581 5482 fidei
594 5435 650 5472 non
657 5417 812 5487 praeponit
823 5418 989 5486 6616666666
1001 5364 1115 5485 166666
1134 5415 1263 5473 catholici
1280 5433 1314 5473 ex
1331 5415 1459 5471 doctrina
1476 5414 1691 5486 6666666666,
1716 5435 1769 5475 neo
1786 5419 1848 5474 sim·

155 5503 357 5560 amonentem.
411 5501 468 5559 Sed
498 5501 639 5559 Pontificii
672 5518 764 5573 papae
796 5502 990 5561 666166116166
1014 5501 1125 5574 pliciter
1149 5501 1208 5563 sine
1234 5502 1292 5557 6116
1318 5501 1443 5567 6666166
1464 5500 1520 5557 11116
1544 5503 1727 5568 credendum,
1754 5505 1803 5577 661
1819 5520 1849 5561 se

156 5592 332 5666 praeponunt
353 5586 524 5645 6666611661
556 5586 633 5663 Ergo
655 5604 711 5645 non
729 5593 796 5647 snat
811 5604 877 5647 rere
892 5586 987 5645 661166·
1014 5588 1166 5649 catholicos
1188 5594 1297 5647 666661.
1331 5593 1358 5645 1.
1374 5586 1481 5647 Nemea
1503 5588 1671 5649 6611611666
1692 5606 1750 5656 non
1765 5590 1847 5649 66116·
