4004 6022
172 225 178 244 '
270 250 332 313 soe
855 242 976 301 uocas
994 240 1196 301 visitemus
1213 242 1357 303 paruus

271 399 334 454 dial.
355 405 385 454 2:
406 400 607 467 Intellipantar
624 399 706 466 sipna
720 416 753 451 ea
773 415 837 467 esse,
857 415 927 467 qaae
943 399 1024 462 faeta
1039 407 1102 452 aunt
1132 419 1155 456 c.
1177 407 1224 472 ²73
1244 401 1387 472 requirunt
1396 400 1452 455 alia
1463 401 1612 471 complura,
1631 400 1666 455 de
1681 400 1789 471 quibus,
1810 415 1968 457 cumnemo

270 494 295 539 et
314 487 465 540 credantur
483 493 508 538 et
527 487 698 553 adorantur,
719 492 749 537 at
771 502 842 553 qnae
863 484 916 538 itta
936 486 1007 554 sint,
1033 503 1103 555 qaae
1129 495 1220 543 certus
1240 504 1299 542 esse
1317 487 1412 558 possit,
1432 503 1467 541 au
1487 488 1577 542 omnia
1596 493 1624 541 et
1642 486 1753 557 singula
1771 487 1800 541 iu
1821 503 1968 542 consecra-

271 574 428 626 crednatar.
476 569 674 638 (Tbeodoretus
705 569 808 626 ibidem
840 587 967 641 expresse
997 572 1104 638 asserit,
1128 575 1203 629 tione
1227 574 1332 642 adsint,
1358 574 1421 630 ideo
1444 573 1528 629 etiam
1552 590 1632 627 uerno
1658 579 1749 627 certus
1772 591 1833 628 esse
1852 573 1966 642 poterit,

270 658 395 727 symbola
412 665 524 710 esterna
542 673 653 710 manere
670 656 700 710 s'a
717 657 812 726 priore
829 657 994 725 substantia,
1010 659 1102 731 fipara
1129 659 1362 716 consecrationem
1379 677 1474 715 revera
1492 677 1551 714 esse
1568 658 1679 714 factam.
1716 657 1773 715 Nos
1791 666 1890 714 contra
1908 676 1965 714 uon
1978 667 2000 709 a

270 751 296 798 et
306 745 421 812 forma,
440 760 495 795 non
513 742 642 795 recedere
662 760 680 794 a
699 761 752 795 aaa
772 748 874 796 aeterra
894 748 945 797 etc.
964 742 1101 814 quomodo
1130 746 1302 817 aspirituali
1325 747 1445 818 quadam
1464 747 1582 801 ministri
1600 752 1750 816 potestate,
1774 746 1818 801 vel
1836 746 1963 815 ejusdcm

270 829 355 901 igitur
378 829 481 883 cultum
503 826 599 882 latriae
623 826 678 882 illis
701 827 878 882 deferendum
896 846 956 883 esse
974 828 1103 884 doceret?
1129 832 1294 898 intentione,
1318 834 1367 889 sed
1393 832 1528 888 aChristi
1549 832 1721 887 ordinatione
1741 837 1768 886 et
1786 831 1963 885 institutione

270 915 421 969 adorantur
440 914 537 986 igitur,
555 921 767 982 spernentem,
791 932 846 968 non
866 913 1037 989 tarpeiam,
1064 915 1103 970 ita
1128 919 1313 990 praesentiam
1337 920 1458 990 eorporis
1482 926 1509 973 et
1523 916 1676 989 sanguinis
1695 917 1783 989 ipsius
1802 917 1832 970 in
1850 934 1917 972 vero
1935 923 1965 972 et

269 1009 301 1056 ut
324 1001 439 1056 adorare
459 999 529 1055 nihil
546 1000 622 1055 aliud
643 999 678 1055 sit
696 1019 778 1074 quam
797 999 944 1071 honorare,
970 994 1108 1073 reiterari,
1128 1005 1253 1077 legitimo
1278 1023 1331 1061 usu
1357 1004 1512 1076 dependere
1539 1003 1699 1069 asserimus,
1726 1002 1843 1075 ideoque
1870 1009 1965 1057 nostra

269 1093 425 1143 reverenter
440 1087 594 1157 suscipere,
616 1086 645 1140 id
664 1088 737 1158 quod
755 1087 884 1158 subjecta
902 1093 1056 1158 αἰτιολογία
1075 1098 1103 1144 et
1129 1091 1283 1146 communio
1311 1090 1433 1163 periculo
1461 1088 1501 1145 illi
1526 1090 1638 1144 minime
1659 1088 1795 1160 subjacet.
1834 1096 1858 1143 2.
1887 1088 1965 1143 Inter

269 1172 419 1229 similitudo
442 1171 610 1243 comprobat.
647 1173 814 1244 Aderantur,
832 1181 863 1228 ut
881 1193 951 1246 quae
968 1174 1017 1229 illa
1037 1175 1101 1243 sint,
1130 1177 1316 1232 adorationem
1342 1185 1370 1234 et
1392 1176 1631 1231 manducationem
1651 1175 1732 1248 panis
1749 1175 1904 1230 consecrati
1921 1181 1964 1231 est

270 1277 340 1332 quae
369 1260 533 1327 creduntur,
564 1258 693 1314 videlicet
717 1266 829 1315 esterna
855 1261 982 1332 symbola
1003 1282 1101 1315 sarra·
1129 1281 1231 1336 magna
1253 1262 1417 1321 differentis.
1442 1264 1536 1323 ,Illam
1554 1262 1680 1319 Christus
1696 1279 1751 1317 uon
1769 1261 1892 1316 instituit
1911 1278 1962 1317 nec

269 1352 330 1408 nter
349 1345 470 1417 corporis
491 1352 519 1401 et
538 1346 680 1417 sanguinis
700 1345 810 1402 Christi.
847 1349 953 1413 Confer·
971 1367 1045 1417 erpo,
1062 1348 1102 1403 in-
1128 1351 1283 1422 praecepit,
1312 1352 1383 1406 hanc
1410 1369 1475 1407 vero
1498 1348 1619 1404 instituit
1643 1367 1676 1403 ac
1699 1347 1842 1421 praecepit
1866 1347 1962 1402 addita

270 1433 342 1504 quit,
364 1432 513 1501 imapinem
538 1450 598 1485 carn
623 1433 790 1502 eremplart',
817 1435 922 1487 viriebis
940 1436 1102 1488 sirnile‘tadi·
1129 1437 1324 1507 promissione,
1349 1438 1422 1507 quod
1441 1437 1521 1506 panis
1541 1435 1716 1505 benedictus,
1743 1434 1909 1489 distributus
1929 1449 1962 1488 ac

269 1537 339 1587 nem,
356 1526 463 1590 oportet
481 1518 553 1572 enim
568 1519 691 1588 fiparem
709 1535 767 1571 esse
785 1519 898 1573 ceritati
914 1521 1032 1574 eirnr'lem
1050 1527 1101 1576 etc.
1129 1525 1309 1579 manducatus
1334 1530 1371 1579 sit
1393 1531 1522 1578 narrante
1551 1521 1672 1594 eorporis
1695 1521 1753 1590 sui,
1780 1519 1850 1576 fides
1876 1519 1961 1592 igitur

272 1606 305 1661 si
329 1623 395 1676 erpo
417 1606 515 1659 divina
533 1605 663 1673 mysteria
682 1623 791 1676 corpas,
810 1606 886 1674 qrrad
901 1624 964 1659 vere
984 1614 1038 1675 est,
1061 1625 1100 1660 re·
1128 1618 1203 1666 certa
1228 1618 1349 1665 statuere
1367 1616 1457 1682 potest
1474 1627 1508 1664 ac
1528 1609 1611 1664 debet
1629 1607 1795 1662 manducato
1813 1607 1961 1661 benedicto

265 1698 450 1764 praesentant
468 1696 519 1746 ete.
536 1698 566 1746 at
582 1690 766 1747 Bellarminns
786 1692 847 1762 ipse
867 1692 991 1764 disputat
1010 1693 1057 1748 lib.
1078 1700 1101 1750 2.
1129 1714 1200 1766 pane
1224 1697 1383 1752 manducari
1407 1712 1506 1767 corpus
1523 1693 1644 1767 ¹Christi,
1670 1693 1719 1749 sed
1742 1693 1777 1748 de
1800 1692 1962 1747 adoratione

271 1781 306 1837 de
332 1779 445 1853 imagin.
469 1784 557 1834 sanet.
584 1795 606 1833 c.
626 1783 667 1834 24.
688 1778 855 1848 imapr'nr'bns
874 1797 907 1831 ne
927 1782 1039 1849 quidem
1057 1800 1102 1834 ra·
1129 1781 1207 1852 panis
1232 1781 1384 1837 consecrati
1410 1799 1472 1835 cum
1496 1780 1602 1835 nullum
1629 1785 1718 1834 exstet
1742 1779 1871 1845 verbum,
1898 1777 1961 1831 ideo

270 1869 345 1923 tiene
372 1865 519 1920 relationis
532 1882 587 1936 per
605 1883 634 1920 se
652 1873 677 1918 et
690 1866 810 1935 proprie
827 1867 924 1920 deberi
940 1869 1043 1920 caltam
1061 1868 1179 1943 la·,nec
1205 1867 1274 1924 fides
1298 1869 1333 1923 de
1356 1867 1405 1923 ills
1429 1868 1589 1922 adoratione
1612 1873 1704 1938 potest
1724 1869 1859 1931 statuere,
1886 1862 1960 1936 quod

270 1952 351 2009 triae.
388 1951 495 2007 Eodem
515 1952 596 2007 modo
615 1967 683 2006 voce
700 1950 869 2007 adorationis
888 1953 977 2007 utitur
994 1953 1102 2009 Tertul-
1114 1946 1117 1973 ¹
1129 1955 1165 2010 sit
1188 1956 1279 2010 cultus
1297 1955 1357 2010 Deo
1382 1954 1503 2025 placens.
1535 1960 1557 2009 3.
1575 1952 1711 2007 Adoratio
1736 1970 1791 2006 nou
1816 1952 1906 2006 solum
1927 1968 1960 2005 ex

269 2040 359 2095 lianus
382 2039 445 2092 adv.
470 2037 600 2109 Hermog.
620 2054 643 2090 c.
664 2042 712 2093 22:
739 2039 840 2091 Adoro
860 2038 1024 2109 Scripturae
1041 2041 1101 2110 pie·
1114 2108 1117 2115 1
1130 2043 1279 2098 intentione
1297 2041 1476 2107 aestimanda,
1493 2039 1543 2094 sed
1564 2039 1646 2095 etiam
1665 2056 1699 2093 ex
1710 2038 1794 2093 verbo
1805 2037 1859 2092 Dei
1872 2037 1961 2092 Israii·

269 2126 432 2182 situdinem.
485 2122 659 2196 Augustinus
695 2123 774 2193 epist.
812 2129 873 2179 146:
924 2127 1193 2205 Baptismnmplitae
1212 2127 1327 2182 vitulum
1346 2145 1459 2181 aureum
1477 2127 1624 2181 adorantes
1644 2126 1798 2196 potuissent
1815 2123 1868 2178 hoc
1885 2122 1960 2177 sche-

270 2210 383 2280 Chrs'sts',
401 2211 556 2280 ubicunque
573 2211 623 2277 sit,
641 2227 813 2264 rencramar.
835 2210 870 2265 dc
890 2210 993 2267 catech.
1012 2213 1102 2268 rudib.
1114 2208 1117 2265 l
1129 2222 1201 2269 mate
1220 2221 1248 2269 et
1266 2219 1409 2284 praetextu
1423 2213 1605 2268 idololatriam
1618 2229 1695 2266 snam
1708 2210 1866 2280 defendere,
1885 2209 1961 2281 quod

269 2317 292 2354 c.
312 2305 357 2356 26:
385 2301 432 2353 De
449 2305 640 2366 sacramento,
667 2300 742 2368 qnod
758 2300 867 2368 accepit
884 2300 1103 2364 catechumenus,
1128 2300 1261 2356 haberent
1271 2300 1450 2355 intentionem
1463 2299 1515 2369 ipsi
1524 2300 1584 2354 Deo
1591 2298 1751 2369 praestandi
1761 2296 1835 2351 hunc
1846 2295 1960 2367 cultum,

269 2364 417 2441 diceridam
441 2385 481 2455 es',
507 2385 657 2454 sipnaeala
683 2384 794 2453 quidem
821 2402 916 2438 rernm
941 2386 1100 2440 divinarem
1128 2388 1181 2443 imo
1203 2387 1321 2459 gentiles
1342 2404 1398 2440 uon
1417 2393 1575 2453 creaturas,
1602 2385 1649 2439 sed
1671 2384 1760 2439 Deum
1780 2382 1809 2436 in
1825 2382 1960 2438 creaturis

269 2490 326 2528 esse
350 2470 490 2540 visibilia,
512 2473 565 2525 sed
579 2489 624 2524 res
644 2471 722 2539 meaa
741 2470 893 2525 invisibiles
912 2474 942 2525 in
960 2473 1000 2526 eis
1017 2474 1101 2527 bono·
1128 2491 1157 2528 se
1181 2474 1296 2528 adorate
1324 2473 1546 2543 praetenderunt.
1590 2471 1700 2543 Ergone
1722 2469 1859 2535 dicemus,
1885 2468 1960 2538 ipsas

267 2559 343 2624 rari,
365 2576 415 2612 nee
437 2559 479 2611 sic
505 2557 659 2611 habendam
682 2573 738 2611 esse
757 2557 839 2610 illam
856 2559 974 2627 speciem
993 2559 1101 2612 benedi·
1127 2560 1234 2631 proprie
1261 2565 1289 2614 et
1316 2559 1468 2614 formaliter
1494 2558 1585 2614 Deum
1613 2556 1762 2612 adorasse?
1801 2562 1825 2610 4.
1845 2555 1959 2610 Nullum

268 2647 358 2700 ctione
375 2646 588 2711 sanctificatam,
606 2645 839 2714 quernadmodnm
857 2644 886 2697 in
906 2664 959 2698 asu
973 2645 1100 2715 quolibet.
1128 2653 1217 2701 exstat
1236 2646 1358 2716 verbum,
1377 2645 1452 2717 quod
1467 2644 1568 2715 jubeat
1587 2661 1635 2698 uos
1653 2642 1773 2710 credere,
1792 2659 1892 2724 panem
1913 2659 1959 2696 eu-

269 2730 332 2788 Lib.
351 2731 385 2786 de
404 2730 489 2785 doctr.
508 2728 607 2784 Christ
627 2747 650 2783 c.
672 2735 701 2784 9:
736 2729 792 2792 Qut
812 2738 861 2785 aut
882 2739 1028 2800 operatur,
1052 2740 1101 2785 ant
1127 2733 1272 2786 charistiae
1285 2749 1340 2785 non
1354 2750 1413 2788 esse
1425 2748 1535 2802 panem,
1555 2729 1603 2785 sed
1615 2728 1762 2797 Christum,
1784 2721 1867 2783 etia'm
1882 2741 1959 2784 extra

268 2825 417 2873 venantur
435 2815 503 2869 utile
521 2816 640 2885 aliqrrod
658 2815 766 2884 sipnam
785 2817 920 2870 divinitas
937 2818 1100 2888 institutam,
1127 2837 1207 2872 usum
1220 2819 1350 2872 divinitus
1362 2819 1526 2872 institutum.
1555 2816 1630 2887 Ergo
1647 2814 1772 2868 adoratio
1784 2815 1873 2885 panis,
1887 2832 1958 2886 qnae

269 2904 352 2973 cujas,
368 2902 424 2957 vs'm
442 2901 727 2973 stpntmatmmmqae
746 2902 894 2973 intellipit,
913 2921 969 2957 non
989 2904 1039 2958 hoe
1058 2922 1100 2957 oe·
1126 2904 1179 2959 hae
1206 2902 1352 2974 hypothesi
1378 2903 1458 2957 unice
1480 2901 1591 2972 nititur,
1623 2918 1678 2955 non
1703 2907 1794 2971 potest
1818 2900 1957 2970 proficisci

268 2999 397 3060 noratur,
424 2991 501 3061 qaod
522 2990 634 3044 videtur
655 2998 681 3042 et
698 2991 812 3059 transit,
840 2992 894 3044 aed
909 2991 985 3045 ittae
996 2981 1160 3061 potinasex
1178 2989 1241 3058 fide,
1260 3009 1293 3044 ac
1309 2989 1424 3061 proinde
1441 2988 1501 3043 Deo
1519 3005 1574 3042 non
1592 2987 1690 3058 placet
1719 2992 1742 3042 5.
1755 2985 1872 3041 Frustra
1885 2988 1959 3042 bona

269 3097 323 3149 qno
341 3078 414 3134 talia
433 3085 530 3131 cancta
548 3078 702 3142 referenda
720 3085 790 3130 sanet.
1113 3077 1196 3151 ,fides
1222 3083 1250 3131 et
1271 3077 1344 3132 bona
1361 3076 1477 3130 intentio
1496 3075 1560 3129 huic
1580 3072 1731 3128 adorationi
1749 3078 1958 3143 praetexuntur,

142 3176 214 3218 asse·
305 3170 363 3222 209.
395 3164 581 3236 Argumenta,
611 3178 681 3233 quae
701 3179 750 3231 pro
770 3161 974 3218 confirmatione
991 3155 1190 3219 nosnaeieum
1216 3164 1285 3218 fides
1310 3170 1338 3218 et
1361 3163 1477 3217 verbum
1495 3162 1551 3215 siut
1568 3161 1665 3229 relata,
1692 3159 1808 3231 proinde
1827 3161 1902 3231 quod
1922 3161 1956 3214 de

142 3231 231 3320 {²:1⁰1}ss
270 3251 422 3308 sententiae
444 3248 569 3320 superius
587 3247 764 3315 adduximus,
785 3247 968 3303 Bellarminns
987 3267 1042 3302 uon
1061 3254 1101 3303 at·
1128 3259 1298 3305 sacramento
1324 3250 1396 3305 bona
1420 3247 1473 3304 fide
1492 3248 1631 3303 adorando
1649 3247 1834 3302 Bellarminus
1853 3245 1957 3318 scribit,

142 3329 240 3423 ”ww
271 3338 369 3410 tingit,
392 3338 428 3392 ad
449 3336 531 3400 illud,
559 3334 634 3406 quod
654 3334 689 3390 de
705 3332 878 3390 idololatriae
895 3335 1016 3407 periculo
1035 3336 1102 3391 diri-
1113 3338 1116 3417 ff
1129 3338 1178 3408 bct
1197 3352 1260 3392 man
1279 3336 1326 3404 anf
1340 3336 1410 3392 seen
1423 3336 1476 3392 unb
1490 3336 1612 3393 &leuben
1626 3333 1760 3405 bissinam
1776 3334 1889 3403 banbeln
1903 3334 1957 3403 lod,

142 3393 207 3485 :Aah
270 3443 345 3493 mus,
371 3423 489 3497 regerit,
508 3422 535 3475 si
554 3429 745 3490 arpnmentam
765 3422 950 3490 innecteret,
979 3424 1156 3487 amitten-,id
1176 3422 1237 3479 aliis
1257 3424 1374 3492 accinat,
1391 3440 1446 3477 non
1465 3422 1552 3491 nobis,
1574 3420 1621 3492 qui
1635 3420 1835 3474 fidemcertnm
1845 3419 1956 3492 aliquod

141 3491 224 3527 Νη
271 3513 337 3564 dam*
361 3528 419 3563 esse
442 3528 497 3562 non
517 3508 607 3562 solum
628 3508 834 3577 adorationem,
859 3509 912 3562 sed
932 3508 1015 3562 etiam
1031 3504 1242 3565 eone-iverbum
1261 3514 1289 3562 et
1305 3508 1511 3579 promissionem
1529 3509 1668 3579 requirere
1686 3507 1842 3563 didicimus.

268 3596 438 3662 munionem,
465 3611 536 3664 qaae
561 3593 658 3647 itidem
681 3594 806 3663 exposita
828 3595 1011 3663 reperiente
1029 3597 1101 3649 acci·

268 3681 366 3752 piendi
390 3697 496 3734 meram
513 3696 616 3749 panem
630 3697 688 3748 pro
707 3696 824 3749 corpore
847 3681 954 3736 Christi
969 3684 1022 3736 sed
1040 3683 1101 3736 nal-
1435 3716 1640 3727 —-—---

268 3770 326 3825 lum
347 3767 457 3839 (iuquit)
483 3776 523 3820 eet
540 3766 699 3835 pericnlum
724 3768 908 3822 idololatriae
930 3769 960 3822 in
981 3786 1024 3837 ec,
1052 3770 1103 3838 qai

268 3855 435 3926 simpliciter
461 3861 486 3907 et
507 3853 577 3908 bona
597 3855 653 3919 tide
671 3862 873 3910 sacramentam
890 3856 1007 3926 adorat,
1032 3858 1100 3909 ado·
1387 3867 1408 3929 ο
1426 3867 1454 3927 A
1470 3867 1494 3927 1>
1513 3867 1541 3926 11
1557 3869 1582 3927 ‘p
1617 3867 1690 3930 χχ

267 3945 342 3997 ratio
360 3940 433 3994 enim
452 3958 484 3994 es
502 3941 653 3994 intentione
666 3941 842 4010 potissimam
855 3943 968 4011 pendet.
1007 3942 1100 4005 Quare

267 4029 338 4083 sierd
374 4027 416 4097 ie,
456 4027 507 4097 qai
539 4043 642 4095 panem
678 4045 734 4080 non
769 4034 960 4081 consecratam
990 4028 1099 4096 e'np'nrt'a
1147 4008 1211 4073 DE
1244 4007 1368 4075 FINE
1400 4007 1461 4072 ΕΤ
1492 4007 1695 4074 FRUCTU
1725 4006 1923 4074 SACRAE

268 4117 397 4186 afficeret
414 4121 521 4184 putans
539 4122 730 4166 consecratam
748 4130 821 4182 esse,
847 4113 1011 4183 pravissime
1034 4132 1099 4185 pcc·
1431 4109 1647 4177 COENAE,

268 4209 344 4255 earet
368 4200 398 4253 in
425 4197 564 4253 Christum
570 4220 581 4270 ;
612 4200 652 4252 sie
677 4199 760 4254 ctiam
787 4209 899 4271 contra,
932 4203 981 4270 qui
995 4212 1098 4272 panem

268 4288 383 4343 eandem
406 4288 524 4351 adorat,
542 4294 697 4354 propterea
724 4291 801 4356 qamt
823 4294 897 4342 certo
921 4291 1018 4343 eradat
1042 4308 1097 4345 pon
1160 4285 1218 4336 210.
1237 4280 1352 4352 Egimus
1372 4278 1504 4334 hactenus
1525 4279 1559 4334 de
1576 4295 1661 4333 causa
1674 4276 1819 4346 efficiente,
1839 4279 1983 4338 materian

267 4394 325 4430 erne
339 4391 453 4444 panem,
473 4374 525 4426 aed
541 4370 691 4442 Chr-istam,
711 4373 735 4426 in
755 4377 871 4445 pragma
892 4383 916 4428 et
932 4376 1096 4442 formaliter
1124 4372 1152 4421 et
1169 4366 1257 4420 forma
1274 4366 1356 4436 hujus
1374 4367 1545 4429 sacramenti,
1564 4371 1657 4432 restat,
1669 4374 1700 4420 ut
1712 4365 1747 4420 de
1760 4364 1822 4436 fine,
1840 4374 1954 4437 propter
1966 4351 2002 4441 ἒξ

269 4462 410 4517 Christum
429 4461 541 4527 adorat,
561 4477 616 4511 nan
631 4476 741 4528 panem
779 4459 1000 4531 Respondemus:
1023 4463 1096 4519 1.Ex
1124 4470 1205 4525 quem
1222 4451 1345 4508 Christus
1370 4452 1398 4506 id
1423 4452 1512 4522 ipsum
1536 4453 1698 4519 instituerit,
1724 4469 1805 4522 porro
1829 4470 1953 4524 agamus,
1966 4455 2002 4545 ξτιυ

266 4545 468 4620 hypothesibus
494 4544 648 4601 Pontificiis
680 4562 735 4599 non
766 4545 854 4600 salum
881 4534 1020 4617 adoratio,
1048 4549 1095 4604 sed
1123 4558 1157 4595 ex
1174 4556 1206 4594 *³0
1226 4539 1297 4594 enim
1322 4546 1479 4609 pr0mptum
1503 4538 1555 4593 erit
1578 4539 1723 4610 colligere,
1753 4556 1821 4609 qnos
1847 4539 1953 4593 fructus
1966 4568 1993 4598 eo

267 4635 349 4691 etiam
382 4630 536 4688 commuuio
563 4631 687 4702 exposita
717 4639 759 4685 est
789 4631 912 4702 periculo
942 4633 1096 4706 accipiendi
1125 4643 1156 4681 er
1176 4624 1289 4680 salutari
1305 4625 1389 4696 hujus
1409 4626 1573 4680 sacramenti
1592 4643 1644 4680 usu
1662 4625 1881 4681 verecredentes
1893 4643 1953 4696 per-

255 4738 372 4789 ,merum
400 4734 501 4791 panem
530 4734 580 4788 pro
606 4733 720 4788 corpore
747 4716 864 4783 Christi,
899 4718 1034 4791 siquidem
1060 4720 1096 4774 ad
1124 4713 1228 4784 cipiaut
1239 4711 1346 4783 sibique
1358 4712 1481 4782 polliceri
1494 4712 1608 4782 possint.
1633 4711 1827 4766 *iPhotiniani
1840 4718 1954 4783 negant,

268 4805 500 4864 consecrationem
533 4808 561 4858 et
588 4800 922 4860 transsubstantiationem
954 4805 1097 4878 requirunt
1122 4804 1204 4864 finam
1229 4801 1412 4853 euvhart'tit'ass
1440 4816 1498 4854 ‘³⁶⁸⁶
1521 4801 1590 4864 fidei
1605 4799 1849 4867 contestationem.
1888 4800 1954 4857 Vid.

268 4888 438 4965 spiritualem
475 4895 640 4962 potestatem
675 4889 842 4958 sacerdotis,
881 4907 963 4962 quam
1000 4891 1097 4949 dicunt
1123 4886 1253 4942 Sociuum
1271 4885 1299 4939 in
1316 4884 1363 4940 lib.
1382 4887 1456 4957 quod
1475 4903 1573 4957 evang.
1593 4885 1750 4956 Assurguut
1762 4885 1829 4955 ipsis
1840 4885 1955 4955 quidam

268 4996 326 5034 esee
357 4978 494 5033 occatam
525 4984 549 5029 et
574 4976 672 5044 potine
708 4992 786 5044 epere
809 4977 871 5045 fide
901 4985 933 5031 nt
963 4980 1096 5033 credatur
1123 4989 1156 5038 er
1174 4971 1349 5036 Calviuianis,
1368 4973 1411 5027 vel
1424 4972 1592 5026 Armiuianis
1605 4972 1705 5041 potius.
1737 4970 1879 5025 Arminius
1893 4973 1955 5042 ipse

266 5066 369 5129 inesse,
408 5083 491 5134 qaam
519 5070 550 5116 nt
582 5063 644 5132 ipsa
661 5062 758 5131 fidem
786 5060 854 5116 aliis
881 5063 963 5117 rebus
993 5051 1152 5157 saciat,[in
1169 5064 1220 5113 art.
1238 5058 1369 5129 perpend.
1387 5079 1414 5132 p.
1431 5066 1476 5115 38:
1496 5061 1736 5126 Perpendendam,
1756 5077 1793 5111 an
1806 5059 1955 5127 prosimus

266 5150 448 5206 Bellarminus
486 5148 534 5206 lib.
571 5155 595 5204 4.
633 5148 666 5202 de
696 5146 774 5203 euch.
807 5165 830 5202 c
863 5153 901 5205 16⁴.
929 5145 961 5224 ξ.
983 5151 1095 5206 secund.
1108 5198 1111 5227 Ι
1124 5154 1149 5198 et
1169 5146 1287 5198 maxime
1304 5147 1453 5217 proprias,
1478 5146 1595 5212 ideoque
1615 5145 1792 5198 innnediatas
1810 5145 1874 5207 finis
1895 5163 1957 5199 eae·

266 5235 314 5292 lib.
337 5242 358 5291 1.
379 5238 412 5292 de
430 5244 502 5310 grat.
521 5242 548 5291 et
565 5231 613 5292 lib.
634 5233 714 5289 arbit.
734 5251 758 5290 c.
778 5241 816 5290 14.
841 5229 868 5310 ξ.
908 5234 964 5291 Seu
988 5235 1176 5308 facilis;:nae
1193 5232 1361 5287 Dominieae
1386 5241 1443 5285 tarn
1468 5247 1523 5298 aaa
1540 5231 1698 5299 institutas,
1724 5238 1781 5283 tam
1798 5248 1854 5300 qna
1873 5251 1955 5286 resar-

266 5320 409 5393 requirunt
429 5325 605 5377 intentionem
623 5321 747 5375 ministri
763 5340 818 5375 non
836 5323 926 5376 solam
945 5322 976 5376 s'n
993 5341 1094 5394 ponere
1108 5302 1205 5388 ipatus
1231 5337 1286 5372 non
1310 5320 1347 5372 ait
1371 5316 1504 5373 rnsnroria
1527 5332 1574 5368 sen
1597 5317 1819 5371 conmemoratio
1839 5316 1882 5369 vel
1902 5336 1954 5371 an·

267 5408 403 5476 faciendi,
419 5408 716 5481 quodfaciteceless‘a,
729 5407 875 5462 sedetiam
888 5408 1095 5479 inspeciecon·
1122 5405 1259 5458 narstiatr'o
1287 5407 1384 5461 mortis
1404 5402 1521 5458 Domini
1541 5410 1567 5455 et
1585 5405 1696 5472 quidem
1716 5422 1776 5455 cnm
1794 5405 1956 5472 pretiorum

266 5493 381 5567 (tetendi
397 5496 604 5568 cucharistiam,
621 5492 806 5579 Benarminm
820 5491 871 5551 lib.
892 5500 914 5551 1.
932 5493 967 5551 de
979 5512 1095 5553 sacram.
1122 5492 1231 5547 actione
1246 5510 1302 5562 pra
1323 5509 1364 5563 aa,
1383 5490 1460 5561 qaod
1477 5488 1559 5542 Dens
1578 5488 1685 5543 Filiam
1703 5508 1783 5543 snam
1796 5508 1854 5559 pra
1873 5491 1956 5547 noba
