3998 6024
708 293 1081 354 nnmomoonua
1383 300 1386 305 ‘
1686 309 1746 371 235

66 467 81 505 s
105 449 228 520 peccatis
258 448 387 504 conversi·
407 448 603 505 beneficiorum
631 449 732 505 Christi
762 454 790 504 et
816 448 891 504 vitae
919 452 1023 506 dictum
1048 452 1217 510 manducant
1232 459 1262 509 et
1280 472 1314 510 ex
1333 454 1421 512 calice
1439 455 1621 511 eucharistico
1640 456 1748 512 bibunt.

66 540 188 591 aeternae
213 551 264 606 por
288 534 371 591 fidem
391 535 539 607 participes
557 536 727 592 reddantur..
752 534 889 601 Quemad·
919 536 975 593 Sed
998 537 1149 610 spiritualis
1171 539 1293 610 corporis
1315 539 1418 595 Christi
1443 542 1621 598 manducatio
1638 549 1667 598 et
1686 560 1749 598 san·

65 623 172 678 nodum
196 621 338 695 igiturex
362 621 511 678 universali
530 622 736 694 praedicatione
753 620 891 694 evangelii
919 623 1010 696 guinis
1028 624 1115 696 ipsius
1133 625 1232 681 bibitio
1251 625 1371 698 pertinet
1389 626 1427 681 sd
1445 627 1517 683 solos
1529 629 1680 695 medentes,
1701 631 1749 701 qui

62 712 132 763 recte
148 707 299 780 colligitur,
318 707 453 764 beneficia
464 707 566 763 Christi
583 708 709 765 omnibus
727 707 833 776 offerri3
851 707 892 761 ita
918 726 984 765 vera
1006 709 1061 766 fids
1083 711 1240 767 salutariter
1264 712 1434 766 manducant
1450 717 1478 767 et
1494 711 1612 784 bibunt,
1635 731 1670 768 ao
1686 730 1749 785 pro·

60 810 168 865 quoqne
187 810 222 849 er
239 793 411 849 institutione
430 810 525 850 sacrae
542 811 645 850 coenae
656 801 732 850 recte
744 794 891 867 colligitur,
918 796 983 852 inde
1008 804 1138 852 aromate
1169 803 1197 853 et
1221 796 1332 868 proprie
1358 797 1509 869 loquendo,
1538 797 1633 871 legata
1650 801 1679 854 in
1695 800 1759 856 hoc*

59 880 121 952 quia
139 879 270 935 Christus
288 880 428 936 mediante
444 881 591 936 benedicto
608 897 680 949 pene
699 897 779 935 suum
791 896 891 951 corpus
917 887 1082 938 wstsmento
1098 883 1229 939 fidelibus
1246 883 1396 954 promissa,
1426 889 1490 938 sunt
1513 884 1649 940 beneficia
1666 902 1749 941 even-

58 971 84 1020 st
102 965 246 1021 mediante
260 966 407 1022 benedicto
418 966 483 1022 vino
495 984 576 1021 suum
588 966 751 1038 sanguinem
763 965 891 1021 omnibus
917 969 984 1040 gelii
1000 969 1124 1041 propria,
1151 969 1280 1024 videlicet
1295 969 1420 1025 remissio
1438 975 1630 1040 peccatorum,
1658 971 1749 1044 gratia

57 1053 139 1123 hujus
159 1052 288 1108 coelestis
305 1053 423 1107 convivii
442 1052 597 1124 hospitibus
615 1051 839 1107 manducandum
858 1068 891 1106 ac
918 1055 985 1120 Dei,
1010 1054 1086 1110 salus
1112 1061 1225 1110 aeterna
1249 1061 1304 1110 eto.
1339 1054 1446 1126 Corpus
1466 1063 1495 1111 et
1514 1057 1627 1128 sanguis
1646 1056 1748 1114 Christi

56 1132 210 1194 bibendur'n
237 1138 360 1207 exhibet,
384 1139 447 1195 ideo
470 1138 614 1195 neminem.
629 1138 738 1194 illorum
764 1138 892 1194 absoluto
918 1146 983 1196 sunt
1007 1140 1099 1212 sigilla
1121 1141 1329 1210 promissionem
1346 1141 1424 1196 illam
1441 1141 1617 1214 obsignantia
1635 1148 1664 1198 et
1683 1159 1747 1199 oon·

57 1224 109 1281 Dei
141 1225 208 1281 odio
234 1243 252 1280 a
278 1224 419 1280 beneficiis
445 1224 546 1280 Christi
573 1225 731 1292 exclusum,
746 1242 814 1281 esse.
862 1223 891 1280 si
918 1224 1062 1283 firmantia.
1102 1226 1176 1284 Vide
1206 1243 1240 1282 ea
1270 1244 1341 1298 quse
1369 1227 1487 1282 diximus
1514 1227 1639 1300 superius
1667 1225 1696 1303 ξ
1722 1236 1745 1284 5.

56 1312 149 1382 deas,
173 1317 206 1367 nt
227 1311 362 1367 beneficia
388 1311 525 1385 evangelii
541 1312 695 1367 offeruntur
713 1311 826 1383 quidem
842 1311 891 1366 im-
917 1329 964 1383 qu.
987 1316 1011 1368 ³.

55 1396 273 1470 poenitentibus,
295 1415 471 1469 nequaquam
489 1415 554 1453 vcro
571 1398 758 1469 applicentur,
776 1397 817 1452 ita
833 1413 891 1452 cor·
952 1404 1010 1455 245.
1047 1404 1071 1456 6.
1098 1399 1181 1463 Quod
1201 1400 1327 1456 Christus
1341 1400 1488 1470 probibet.
1511 1402 1572 1469 ipss
1590 1418 1645 1455 noa
1657 1402 1745 1469 feeit,
1757 1406 1885 1450 totusue

55 1503 106 1556 pus
139 1490 167 1540 ct
194 1483 483 1555 sanguinem-Christi
506 1484 536 1538 in
560 1501 639 1539 sacra
660 1501 746 1540 coena
770 1483 891 1555 indignis
917 1486 1007 1554 Atqui
1025 1486 1154 1556 probibet
1179 1489 1251 1541 dors
1274 1488 1446 1556 margaritas
1459 1487 1558 1556 possis
1577 1496 1603 1541 et
1620 1497 1745 1543 sanctum
1758 1460 1864 1552 ἓξὲξ

55 1571 168 1643 quidem
196 1570 302 1639 offerri,
328 1587 384 1625 non
408 1575 501 1626 tamen
524 1570 561 1625 ab
585 1571 653 1643 ipsis
678 1570 838 1625 manducari
858 1587 891 1625 ac
918 1571 1032 1625 casibus
1049 1573 1152 1627 Mottls.
1173 1575 1195 1640 7,
1212 1590 1236 1626 e.
1255 1575 1279 1626 6.
1300 1573 1380 1642 Ergo
1393 1590 1494 1642 corpus
1505 1593 1586 1628 mam
1599 1575 1747 1629 sondobit
1758 1563 1864 1654 ffigss'·

54 1656 126 1724 bibi;
159 1658 373 1727 respondemus,
401 1657 435 1713 de
462 1657 597 1729 spirituali
621 1657 833 1713 manducatione
858 1673 890 1711 ac
917 1658 1049 1727 indignis.
1084 1657 1308 1730 Respondemus:
1327 1659 1395 1730 quid
1410 1659 1869 1757 iudigniinsaoraooenslsgbt

55 1743 206 1806 bibitione,
232 1759 302 1815 quse
319 1743 351 1798 st
368 1742 440 1812 fise,
459 1743 609 1799 maasias
627 1744 656 1798 ts
669 1743 763 1812 mee,
781 1743 892 1799 inerim
919 1744 1076 1799 maerent
1094 1761 1127 1799 ac
1144 1744 1257 1810 siens,
1279 1745 1314 1800 rs
1333 1761 1366 1800 00
1384 1764 1440 1801 non
1454 1745 1637 1816 assensum
1655 1753 1697 1803 ee
1713 1763 1747 1802 οι
1759 1728 1780 1757 ’·

54 1837 149 1885 umen
176 1835 210 1884 nt
231 1835 340 1900 praeter
364 1831 490 1885 auditum
516 1830 653 1902 evangelii
673 1831 811 1886 internum
829 1847 891 1885 cum
918 1830 1121 1901 consequentiis
1137 1832 1250 1887 abunde
1266 1832 1369 1902 petitis,
1388 1832 1436 1887 sed
1453 1849 1487 1887 er
1504 1832 1674 1889 institutione
1691 1833 1748 1888 Do-

56 1915 111 1971 fide
139 1921 168 1972 et
200 1931 314 1971 msensu
341 1919 521 1988 conjunctum
549 1921 591 1972 est
617 1915 728 1971 auditus
754 1922 893 1984 externus,
919 1915 1021 1971 minica
1044 1922 1072 1972 et
1094 1917 1245 1974 assertione
1267 1918 1419 1990 apostolica
1439 1924 1460 1973 l.
1479 1917 1542 1975 Cor.
1563 1924 1604 1975 11.
1624 1917 1748 1974 Christus

56 2003 99 2056 ita
120 2007 232 2072 master
254 2001 389 2056 internam
413 2009 441 2057 et
465 2001 635 2073 spiritualem
651 2002 892 2058 manducationem
920 2009 1031 2074 propter
1055 2003 1195 2059 hominum
1213 2004 1435 2060 incredulitatem
1452 2010 1537 2076 atque
1556 2004 1750 2076 indignitatem

58 2103 93 2142 ac
112 2086 275 2153 bibitionem
286 2089 545 2144 estsaoramentalis
558 2088 735 2143 manducatio
748 2087 892 2142 cohibitio
920 2105 975 2142 non
993 2095 1081 2143 mutat
1097 2106 1176 2144 suam
1195 2090 1407 2154 institutionem,
1432 2091 1481 2145 sed
1501 2090 1618 2145 abusum
1635 2092 1749 2145 sanctis·

58 2172 186 2228 omnibus
207 2190 301 2228 sacrae
320 2191 423 2231 coenae
441 2175 596 2245 hospitibus
615 2175 775 2232 communis.
920 2175 981 2228 sind
1003 2174 1086 2247 hujus
1110 2176 1234 2246 mysterii
1252 2177 1281 2230 in
1298 2177 1419 2248 indignis
1438 2176 1600 2248 maissime
1619 2176 1750 2231 vindicat.

10 2266 34 2297 ¹⁰
59 2264 63 2269 ⁴
94 2266 152 2316 att.
194 2267 219 2317 5.
241 2262 332 2317 Nemo
355 2270 451 2332 potest
473 2263 586 2332 aliquid
608 2263 736 2332 cresbere
757 2279 791 2316 er
813 2269 893 2317 tuta·
920 2259 965 2315 Sic
984 2259 1110 2316 Christus
1126 2269 1253 2328 noverat,
1280 2262 1384 2319 Judsm
1402 2279 1461 2318 esse
1477 2262 1635 2333 indignum,
1658 2278 1749 2332 neque

10 2359 22 2399 ι
58 2352 149 2400 mesto
166 2347 309 2416 Romano,
333 2348 391 2401 aiei
408 2349 445 2402 sit
462 2349 530 2402 cion
546 2350 698 2403 Romanas.
732 2348 823 2418 Impii
837 2366 893 2403 noo
919 2351 1010 2402 tamen
1029 2347 1065 2402 ab
1084 2366 1137 2403 usu
1156 2347 1338 2404 eucharistias
1355 2365 1418 2404 sum
1435 2352 1521 2411 meet,
1540 2346 1584 2401 vel
1595 2345 1678 2402 aliam
1688 2363 1749 2401 coe·

10 2419 123 2502 {nest
148 2433 221 2485 esses
237 2434 410 2503 respublicae
429 2435 612 2489 camaenas.
647 2435 727 2504 Ergo
744 2452 801 2488 oon
820 2435 892 2489 occi-
919 2451 982 2488 nam
1001 2434 1076 2490 nudo
1094 2450 1166 2506 pane
1186 2440 1213 2491 et
1229 2435 1294 2491 vino
1312 2440 1485 2490 constantem
1503 2451 1553 2504 pro
1564 2432 1612 2490 illo
1622 2433 1749 2498 institrrit,
1816 2479 1818 2482 .

53 2519 141 2589 pinet
159 2518 272 2587 aliquast
289 2538 322 2574 se
340 2529 502 2576 testamento
522 2521 637 2576 Christi.
674 2520 731 2574 Alii
748 2538 891 2592 argumen-
919 2521 968 2575 ssd
984 2512 1134 2590 praemissa
1151 2521 1230 2593 gravi
1249 2527 1277 2576 et
1295 2521 1367 2575 seria
1380 2518 1570 2574 dehortatione
1584 2535 1602 2573 a
1615 2525 1748 2588 concepto

10 2576 120 2662 ilatum
137 2606 179 2660 sic
195 2603 357 2661 insumant:
381 2609 470 2663 Nemo
491 2608 597 2677 acecpit
615 2607 709 2676 legato
727 2609 893 2677 testamenti,
919 2607 1022 2662 scelere
1049 2624 1105 2661 una
1130 2625 1194 2663 oum
1220 2606 1334 2678 reliquis
1357 2623 1418 2662 eum
1442 2604 1577 2673 admittit,
1605 2604 1747 2677 indignam
1779 2680 1781 2685 Ι

10 2672 23 2709 ²
59 2693 118 2747 aiei
139 2691 281 2762 emersis
303 2694 391 2748 aestu
412 2695 450 2751 sit
472 2693 630 2748 nominatus
653 2695 740 2748 berea
774 2695 893 2762 Iodipss'
919 2710 983 2747 vero
1000 2693 1242 2748 manducationem
1258 2691 1465 2748 acbibitionem
1478 2689 1751 2763 gremminepostea

10 2790 14 2800 ·
61 2787 88 2834 st
103 2777 248 2834 maesti
265 2795 321 2831 nou
341 2789 403 2831 suot
421 2782 452 2832 is
468 2781 586 2845 foedere
603 2780 725 2848 madae,
749 2796 800 2833 seo
816 2781 892 2834 b'ere-
919 2778 1048 2835 undicat.
1090 2779 1137 2832 Sic
1161 2777 1288 2835 Christus
1311 2795 1342 2833 ss
1365 2777 1456 2848 ipsum
1475 2777 1562 2831 tradit
1578 2778 1608 2831 in
1625 2783 1749 2844 mortem,

60 2868 112 2920 dee
126 2862 287 2919 marsos
307 2862 447 2918 bonosum.
478 2867 558 2935 Ergo
576 2885 632 2920 soa
646 2866 787 2936 accipiunt
798 2866 894 2934 legato
919 2865 1027 2919 Pilatus
1044 2871 1072 2920 et
1093 2865 1182 2921 Judas
1199 2865 1295 2920 itidem
1312 2881 1376 2920 eum
1395 2864 1423 2918 in
1440 2870 1555 2920 mortem
1565 2863 1749 2918 tradiderunt.

59 2951 220 3007 semesi
240 2948 401 3016 Dominio,
430 2965 530 3018 eorpus
552 2954 658 3007 scilicet
681 2960 708 3007 st
731 2952 901 3021 messium·
920 2952 950 3006 Si
975 2951 1038 3023 quis
1059 2951 1189 3024 colligere
1208 2952 1289 3008 velit:
1313 2951 1404 3007 Pilato
1421 2955 1450 3007 et
1468 2950 1563 3006 Judae
1581 2949 1750 3020 prohibitum

61 3038 178 3095 christ
219 3034 381 3091 Witalrarus
408 3034 442 3090 de
465 3034 563 3090 eccles.
590 3055 617 3104 q.
643 3045 666 3095 1.
689 3056 714 3095 o.
737 3045 763 3099 9.
789 3055 848 3110 arg.
867 3044 892 3094 4.
919 3038 973 3093 fuit
990 3038 1130 3095 Christum
1148 3043 1246 3110 utpote
1262 3038 1436 3094 innocentem
1455 3037 1485 3093 in
1503 3040 1619 3091 monem
1629 3037 1749 3101 tradere,

58 3122 288 3196 Respondemus:
309 3127 331 3178 t.
349 3120 500 3192 propositio
518 3121 638 3176 deducta
656 3132 746 3181 estex
761 3125 826 3197 jure
839 3123 892 3179 fori
920 3141 987 3197 ergo
1007 3142 1064 3180 non
1084 3131 1126 3182 est
1142 3124 1305 3195 verisimile,
1325 3124 1401 3196 qnod
1419 3122 1546 3179 Christus
1563 3123 1701 3194 seipsum
1720 3123 1750 3176 in

58 3210 192 3279 humani,
215 3207 290 3281 quod
314 3224 370 3262 non
393 3205 568 3278 praejudicat
591 3200 757 3261 institutioni
775 3210 892 3267 divinae.
919 3217 1033 3267 mortem
1055 3211 1214 3279 tradiderit3
1241 3211 1360 3283 quilibet
1378 3210 1485 3266 videbit
1500 3209 1656 3281 argumenti
1676 3207 1750 3263 infir-

60 3303 84 3355 2.
109 3295 224 3367 Indiga
251 3293 358 3351 etiamsi
389 3309 444 3348 non
469 3292 526 3346 sint
548 3307 614 3346 vara
637 3295 666 3346 et
687 3289 752 3345 vira
772 3296 894 3362 corporis
919 3299 1050 3353 mitatem.
1091 3298 1254 3355 ii‘Ursinus
1277 3297 1306 3352 in
1328 3296 1432 3354 catech.
1455 3313 1484 3366 p.
1505 3301 1564 3352 593.
1583 3312 1617 3350 cr
1635 3294 1750 3350 historia

60 3382 167 3439 Chrisfi
187 3380 299 3455 mystici
314 3380 455 3455 membra„
480 3383 574 3433 umen
590 3380 655 3432 sunt
672 3375 746 3431 aives
763 3375 894 3434 ecclesiae
919 3382 1083 3439 Gananaeae
1105 3383 1202 3438 hletth
1223 3389 1262 3439 15.
1280 3387 1472 3454 argumentum
1488 3380 1603 3437 format:
1626 3382 1692 3435 Noa
1708 3389 1749 3433 est

57 3467 186 3525 risibilis.
215 3472 241 3523 3.
254 3465 421 3522 Inverumns
431 3464 518 3536 igitur
532 3467 740 3534 argumentum}
757 3460 894 3525 Qutmtd·
919 3467 1060 3523 tenestem
1075 3487 1178 3539 ponem
1195 3469 1318 3535 filioram
1329 3468 1475 3539 projicere
1487 3467 1609 3521 combas.
1641 3465 1749 3537 Corpus

58 3555 175 3611 modum
196 3553 314 3609 hebetur
339 3569 390 3624 pro
415 3550 476 3606 cire
494 3550 621 3605 Romano
646 3553 674 3602 et
696 3546 790 3618 legata
811 3550 895 3601 testa·
922 3545 1025 3607 Gbrtssi
1045 3563 1085 3609 m
1103 3556 1191 3625 pant,
1214 3556 1351 3624 filiorum,
1374 3554 1457 3625 impis·
1478 3571 1544 3608 wo
1570 3561 1634 3608 ms
1657 3569 1748 3607 caea.

60 3641 150 3698 menti
165 3639 285 3696 Romul
301 3638 411 3708 accipit,
428 3635 477 3709 qul
493 3635 582 3691 ulitur
594 3635 659 3705 jure
676 3640 704 3689 et
717 3632 828 3705 leglblffl
841 3632 895 3687 RO-
922 3633 1001 3701 Erqo
1027 3641 1108 3700 ltsapii
1134 3650 1160 3696 gt
1187 3641 1299 3709 indigni
1322 3658 1379 3694 non
1395 3639 1575 3710 participant
1597 3656 1699 3709 corpus
1725 3646 1751 3693 et

59 3727 159 3793 mania
173 3725 349 3783 etiamsinon
362 3723 398 3778 sit
409 3722 513 3794 probus
525 3722 601 3789 civis,
614 3721 655 3776 ita
665 3720 773 3791 indigni
788 3718 896 3774 etiamsi
920 3717 1085 3789 sanguinem
1099 3720 1201 3782 Uermi
1213 3730 1244 3782 i„
1256 3745 1351 3783 com,
1385 3727 1608 3798 Roepondffinm:
1628 3733 1649 3784 ι,
1662 3726 1752 3782 σω

58 3832 117 3871 son
140 3813 199 3869 sint
219 3828 286 3868 sera
311 3818 340 3867 et
361 3810 424 3864 viva
451 3808 596 3864 invisibilis
614 3805 747 3863 ecclesiae
765 3804 897 3873 membra,
922 3805 1034 3878 proprie
1049 3803 1102 3859 hoo
1111 3802 1169 3860 loos
1177 3829 1234 3866 non
1242 3813 1636 3886 dicuntnrimpiiinocclssiss
1645 3813 1750 3886 mensio

57 3907 155 3958 tamus
172 3899 240 3972 quia
256 3904 322 3953 sunt
338 3896 412 3952 cives
430 3894 563 3952 ecclesiae
582 3893 712 3958 visibilis,
732 3892 848 3949 verbum
869 3897 897 3948 et
922 3891 1079 3960 constituti,
1102 3889 1151 3946 sed
1174 3897 1303 3962 gentiles,
1328 3900 1376 3969 qui
1398 3906 1464 3954 sunt
1488 3905 1565 3955 extra
1590 3899 1750 3968 ecclesiam

58 3991 236 4045 nannents
254 4001 318 4041 oum
336 3984 407 4038 veris
428 3982 590 4039 Ghrhtianis
609 3980 714 4036 habent
732 3978 896 4036 communia.
924 3987 949 4036 t.
970 3978 1051 4051 panis
1075 3994 1131 4034 non
1155 3982 1230 4035 notat
1246 3999 1346 4049 eorpus
1366 3984 1468 4041 chriffi
1485 3986 1515 4040 in
1532 4002 1619 4043 coena
1637 4002 1750 4041 moen.

59 4082 84 4132 4.
112 4072 202 4130 Verbi
233 4071 344 4128 iuditii!
375 4069 494 4125 exterior
519 4067 671 4123 communit
698 4072 740 4121 est
763 4065 843 4122 bonis
868 4071 897 4122 ei
924 4066 998 4136 dum,
1017 4066 1067 4122 sed
1085 4062 1277 4119 miraculorum
1294 4067 1469 4132 gratim-2.
1487 4088 1570 4127 mes
1588 4088 1653 4125 vere
1664 4072 1751 4126 edunt

58 4158 238 4231 malis,rerbi
256 4157 368 4213 auditus
384 4155 498 4211 interior
515 4161 544 4210 et
561 4153 689 4209 salutaris
707 4152 773 4208 solis
784 4152 897 4208 creden·
923 4170 1024 4225 panem
1042 4151 1109 4206 licet
1126 4149 1260 4204 immerito
1277 4149 1416 4220 objectum
1436 4154 1464 4204 et
1480 4147 1545 4202 filiis
1558 4161 1752 4220 praeceptum

57 4249 138 4304 tibus
153 4245 295 4309 cousenit3
312 4244 352 4298 ita
369 4241 546 4298 manducatio
557 4239 762 4296 sacramentalis
774 4239 897 4310 corporis
925 4247 949 4296 9.
967 4258 1026 4296 rem
1037 4238 1132 4309 ¹ipsam
1151 4226 1284 4290 habemns
1300 4236 1329 4290 in
1348 4254 1370 4290 s.
1386 4233 1473 4290 literis
1485 4250 1650 4304 expressam,
1666 4253 1751 4306 quam

60 4331 183 4400 Christi,
203 4346 275 4402 quae
294 4329 332 4384 ad
350 4326 526 4385 eucharistici
542 4324 707 4382 sacramenti
725 4324 897 4379 &minuma-
924 4344 980 4382 non
997 4327 1089 4397 potest
1106 4326 1227 4377 evertere
1247 4325 1437 4393 argumentum
1455 4337 1489 4376 ex
1506 4319 1549 4375 his
1566 4319 1658 4375 verbis
1679 4323 1751 4378 male

61 4421 171 4475 tionem
187 4415 320 4488 pertinet,
341 4430 397 4469 non
416 4413 507 4468 minus
526 4412 653 4468 omnibus
670 4410 754 4483 hujus
772 4409 898 4466 eoelestis
923 4410 1070 4484 applicatis
1090 4412 1217 4461 sumtum.
1251 4406 1361 4462 Consid.
1382 4405 1544 4464 commones.
1558 4422 1584 4476 p.
1597 4409 1656 4462 893.
1667 4413 1751 4479 atque

61 4504 186 4563 eonsisii
204 4503 360 4574 hospitibus
386 4506 429 4557 est
457 4499 622 4565 communis,
652 4499 702 4554 sed
719 4495 898 4554 manducatio
925 4497 1042 4556 Ursinus
1062 4496 1089 4549 in
1107 4492 1214 4548 catech.
1234 4509 1261 4563 p.
1280 4499 1337 4549 594.
1359 4494 1400 4548 sic
1423 4492 1605 4548 concludunt:
1632 4493 1752 4561 Isdipss'

61 4589 220 4663 spiritualis
249 4606 283 4643 ao
310 4587 439 4644 salutaris
466 4587 530 4642 solis
557 4584 737 4641 credentibus
761 4581 898 4639 convenit
924 4587 1009 4639 edant
1027 4579 1172 4650 indiciam.
1202 4580 1281 4646 Ergo
1300 4597 1470 4649 nosco-pus
1485 4578 1597 4635 Chr-isti.
1625 4578 1750 4650 Respon-

63 4685 90 4735 5.
116 4675 198 4732 Idem
220 4675 269 4746 jus
299 4673 436 4729 obtineret
460 4672 489 4726 in
516 4671 669 4742 baptismo,
696 4676 724 4727 et
747 4669 788 4725 sic
809 4668 897 4723 adulti
924 4671 1035 4726 demus:
1067 4664 1248 4720 subordinate
1272 4682 1329 4721 non
1352 4671 1418 4720 sunt
1444 4665 1617 4736 opponenda
1660 4664 1751 4721 Edere

61 4762 230 4835 hypocritae
252 4779 308 4817 non
334 4761 510 4832 perciperent
533 4758 674 4832 integrum
698 4756 839 4828 baptisma
864 4770 898 4810 ac
923 4773 1022 4827 corpus
1049 4751 1150 4808 Christi
1179 4751 1413 4808 sacramentaliter
1441 4757 1470 4807 et
1500 4751 1582 4807 edere
1612 4751 1749 4822 judicium

59 4849 181 4923 proinde
192 4854 284 4905 esseut
295 4848 494 4920 rebaptizandi.
519 4847 660 4918 6.Legata
671 4849 897 4900 testamentorum
921 4846 992 4897 teste
1018 4836 1140 4909 apostolo
1165 4854 1221 4892 non
1239 4844 1304 4892 sunt
1318 4836 1462 4894 contraria.
1493 4837 1533 4892 At
1550 4837 1632 4892 edere
1649 4854 1750 4909 corpus

58 4937 98 4991 de
124 4936 188 5005 jure
214 4935 355 5006 pertinent
377 4934 414 4989 sd
438 4951 485 4989 eos
502 4933 604 5003 solum,
629 4930 723 5015 quioin
740 4928 896 4986 testamenti
920 4924 1023 4979 Christi
1042 4922 1221 4994 spiritualiter
1244 4928 1274 4978 et
1297 4921 1379 4978 edere
1390 4922 1528 4993 judicium
1544 4923 1682 4979 contrarie
1701 4940 1748 4995 op-

57 5020 169 5078 tabulie
185 5027 251 5076 suut
268 5020 411 5089 nominati,
432 5020 481 5075 sed
500 5019 535 5075 de
544 5017 620 5074 facto
631 5034 716 5089 saepe
727 5015 895 5073 nomiman·
921 5013 1067 5079 ponnntnr,
1084 5025 1157 5081 quae
1174 5007 1257 5062 simul
1275 5008 1425 5063 consistere
1436 5010 1618 5080 nequeunffl
1650 5009 1693 5063 Ex
1705 5009 1748 5064 his

58 5115 110 5165 tur
134 5106 173 5162 ad
197 5106 273 5163 alios.
308 5107 400 5178 Legat
424 5106 487 5178 quis
511 5105 541 5160 in
561 5105 724 5159 oestamento
748 5096 894 5167 pecuniam
922 5096 957 5151 dc
967 5094 1079 5167 reliquis
1090 5093 1261 5165 argumentis
1272 5093 1354 5148 facile
1364 5100 1455 5165 potest
1465 5094 1525 5150 tisri
1533 5093 1678 5165 judicium.
1701 5095 1748 5151 Sic

57 5195 121 5253 suis
144 5193 240 5250 liberis
264 5199 314 5249 ant
337 5192 508 5265 propinquis
550 5190 616 5242 Jam
639 5184 662 5238 si
687 5183 789 5253 praedo
812 5198 895 5253 pecu·
920 5181 1030 5251 quando
1045 5179 1152 5234 dicunt:
1183 5182 1206 5236 7.
1219 5179 1270 5233 Aa
1288 5180 1615 5251 infidslssaonpsrtiaet
1624 5183 1747 5251 promis·
1760 5190 1786 5231 κ.
1799 5189 1845 5234 tot

56 5283 136 5339 niam
147 5280 224 5336 illam
235 5279 385 5350 intercipit,
396 5292 452 5331 non
464 5272 565 5329 desinit
579 5288 639 5327 esse
647 5267 775 5340 pecunia,
786 5267 894 5323 etiamsi
919 5267 963 5321 ss'o
982 5266 1099 5334 gratias.
1132 5267 1212 5335 nepo
1235 5281 1285 5320 seo
1307 5265 1432 5335 sipilhm
1444 5266 1642 5335 promissionis
1661 5285 1747 5322 coena
1758 5247 1874 5342 afflin-

56 5371 101 5426 illi
118 5366 276 5424 nonfuerit
294 5363 441 5418 destinata.
477 5368 501 5417 7.
520 5354 753 5415 Sacramentalem
774 5354 894 5425 corporis
921 5353 1088 5423 Desinite,
1117 5352 1330 5425 respondemus:
1358 5352 1508 5409 adversarii
1537 5353 1659 5427 sigillum
1683 5371 1745 5425 pro·
1757 5363 1874 5445 ἔπινον·-

56 5455 105 5512 sni
126 5450 367 5510 manducationem
392 5463 426 5503 ao
450 5445 596 5519 sanguinis
612 5443 656 5498 sui
674 5440 837 5496 bibitionem
854 5440 894 5493 in·
921 5439 1056 5495 missionis
1074 5443 1201 5494 statuunt
1217 5455 1273 5494 non
1290 5453 1390 5510 eorpus
1407 5443 1436 5494 et
1453 5439 1616 5511 sanguinem
1635 5438 1745 5510 Christi,
1759 5414 1862 5496 mhsthm

56 5541 153 5598 seuit
170 5538 297 5595 Christus
309 5530 620 5604 omnibuslihristianis,
639 5526 687 5600 qni
699 5542 798 5598 panem
812 5523 894 5582 bene·
921 5524 970 5580 sed
990 5530 1105 5582 externa
1128 5530 1236 5582 muttum
1252 5524 1404 5594 clenssnta,
1425 5531 1458 5581 ut
1473 5531 1589 5582 constat.
1624 5525 1700 5601 Ergo
1717 5528 1746 5584 ri
1759 5508 1850 5557 “⁸²¹²‘'
