4004 6022
263 298 302 362 ss
786 237 788 243 ,
866 300 987 362 rocus
1004 286 1207 362 moremus
1225 297 1368 363 ramus

260 459 346 520 pacta
357 453 440 508 calna
445 455 507 524 fids
520 457 645 509 dubitari
649 473 743 525 passe,
756 459 823 528 quin
833 457 893 511 illis
902 459 1022 514 aterius
1031 477 1092 529 spe·
1123 459 1188 514 solis
1215 462 1349 531 apostolis
1375 461 1480 516 dictum
1505 461 1607 524 fuisse,
1635 460 1722 516 bibite
1742 476 1776 514 cx
1795 459 1849 514 hoc
1868 476 1965 515 omnes

262 538 480 597 ciciconunmsio
490 544 656 597 adsalutem
664 546 798 614 sufficiat.
821 544 1095 601 NametsiClrristus
1120 562 1144 600 c.
1161 550 1202 602 25.
1220 563 1292 618 resp.
1310 546 1347 600 ad
1363 546 1456 601 locum
1474 547 1641 613 meandum,
1673 545 1723 600 sed
1744 542 1889 601 Gerardus
1910 543 1963 600 Lo·

262 626 403 680 Dominus
423 628 453 680 in
473 629 573 683 ultuma
594 644 681 683 caena
693 631 852 685 venerabile
867 628 918 686 iac
935 643 1094 688 reuomen-
1120 631 1186 687 ricb
1205 632 1241 689 de
1259 633 1344 688 missa
1362 639 1442 688 vocat
1457 632 1509 688 hoc
1528 632 1737 702 blasphemiam.
1770 631 1863 686 Locus
1877 631 1964 704 paulo

261 717 318 764 tum
336 711 367 765 in
385 714 473 782 panis
493 721 518 768 st
535 715 596 769 uini
612 717 756 785 spaciatus
772 718 894 772 instituit
914 727 939 772 st
959 719 1095 788 apostolis
1121 718 1247 789 superius
1271 724 1314 773 cst
1341 719 1451 773 citatus.
1489 725 1512 774 5.
1533 706 1672 789 Begcs'et
1690 717 1830 788 principes
1850 717 1881 771 in
1900 733 1963 772 con-

261 797 391 868 tradidit,
406 816 462 853 uon
479 807 571 855 tamen
588 802 643 856 illa
660 803 798 858 institutio
818 811 845 858 et
862 805 1026 860 traditiose
1039 813 1094 858 ten·
1120 804 1184 860 cilio
1210 804 1374 860 Tridentino
1401 806 1607 861 concessionem
1641 804 1733 859 calicis
1765 821 1815 874 per
1840 809 1965 860 oratores

261 886 344 948 dunt,
370 893 401 939 ut
423 902 516 940 omncs
542 887 650 943 Obristi
666 891 770 959 fideles
793 899 896 946 matuta
917 892 1036 946 Domini
1053 893 1095 945 ad
1121 890 1179 947 sive
1203 892 1311 964 legatos
1336 908 1401 946 suos
1425 899 1454 946 ct
1478 910 1496 945 a
1518 890 1648 962 pontifice
1666 908 1716 961 per
1733 890 1828 945 literas
1853 889 1965 962 flagita·

260 979 405 1041 utramqru
430 973 549 1042 speciem
580 975 775 1046 accipiendum
800 979 1015 1047 adstrinpantur
1042 981 1094 1032 etc.
1120 982 1197 1046 runt,
1233 978 1282 1032 sed
1318 975 1504 1032 Bellarminus
1535 995 1559 1032 c.
1586 982 1626 1031 24.
1654 976 1761 1046 aliquot
1786 977 1964 1031 incommoda

260 1055 329 1129 Cap.
348 1063 378 1112 2:
406 1059 511 1113 Sancta
533 1068 622 1114 mater
645 1064 762 1117 ccclesia
785 1082 938 1134 aquescens
964 1082 1044 1118 suam
1064 1065 1094 1116 in
1120 1069 1255 1132 numerat,
1283 1080 1356 1134 quae
1376 1070 1557 1135 sequerentur
1577 1079 1610 1116 ex
1629 1062 1794 1116 necessitate
1816 1062 1963 1133 utriusque

260 1144 503 1200 administratione
530 1155 771 1203 sacramentorum
790 1152 1000 1217 auctoritatem,
1029 1151 1094 1204 ticet
1120 1149 1232 1220 speciei.
1268 1149 1371 1204 Mirum
1387 1166 1473 1217 vero„
1492 1148 1722 1220 prudentissimos
1740 1147 1808 1201 istos
1828 1148 1965 1218 dynastas

260 1230 296 1283 al
330 1230 410 1284 initio
444 1232 623 1289 Christianae
654 1236 803 1304 relicianir
837 1254 894 1290 non
928 1237 1094 1306 infrequens
1119 1235 1293 1292 incommoda
1313 1237 1361 1292 illa
1385 1254 1441 1292 non
1465 1252 1623 1309 agnoscere.
1663 1233 1964 1289 t.1uconcilioTri·

259 1315 403 1387 turiusque
420 1320 526 1388 speciei
544 1336 611 1374 usus
621 1321 735 1389 fuisset,
756 1329 848 1376 tamen
861 1338 1017 1393 proprsssu
1028 1330 1093 1376 tcm-
1120 1321 1234 1378 dentino
1251 1324 1340 1394 major
1357 1323 1528 1378 eruditorum
1547 1320 1741 1392 episcoporum
1759 1336 1848 1392 eaque
1871 1322 1965 1392 potior

256 1404 338 1471 poris
355 1404 492 1460 latusime
504 1407 569 1476 jam
588 1414 696 1462 mutata
715 1408 769 1462 sila
787 1410 986 1464 consuetudins
1001 1409 1093 1476 praui·
1119 1424 1183 1478 pars
1202 1409 1231 1462 in
1250 1426 1311 1464 eam
1331 1408 1495 1464 sententiam
1515 1425 1630 1462 concors
1650 1406 1769 1477 pedibus
1788 1407 1845 1473 ivit,
1862 1413 1895 1461 ut
1912 1406 1962 1462 lai·

260 1489 309 1542 bus
327 1498 353 1544 ct
364 1491 456 1560 justis
475 1493 789 1548 cousisadductalrunc
803 1497 1029 1550 cmsuctudincm
1043 1495 1094 1548 sub
1119 1494 1159 1549 cis
1186 1495 1301 1551 calicem
1327 1513 1387 1550 esse
1412 1494 1621 1550 concedendum
1642 1493 1797 1565 judicaret,
1824 1492 1963 1548 referente

259 1576 352 1630 altera
375 1578 468 1648 specie
494 1581 720 1635 communicandi
745 1582 926 1651 approbavit,
948 1599 1007 1650 pro
1032 1581 1093 1651 lcpc
1120 1581 1276 1636 Cassandro
1295 1582 1451 1652 inpraefat.
1467 1581 1531 1636 libri
1547 1580 1581 1635 de
1590 1597 1689 1635 comm.
1698 1578 1750 1634 sub
1759 1583 1879 1648 ubsque
1891 1579 1961 1633 editi

259 1663 414 1717 latendum
432 1666 561 1731 demerit,
581 1683 664 1736 quam
683 1669 836 1737 reprobare
856 1677 905 1721 aut
924 1669 984 1722 sinc
1003 1668 1093 1737 ipsius
1120 1667 1251 1722 Coloniae
1275 1684 1348 1722 anno
1376 1673 1448 1723 1561.
1474 1666 1527 1722 hoc
1551 1671 1645 1720 tamen
1668 1680 1724 1719 non
1750 1664 1879 1720 obstante
1902 1665 1960 1720 cdi·

259 1749 394 1803 ecclesiae
418 1753 585 1806 arrmmitate
608 1769 663 1822 pro
687 1753 777 1807 libero
804 1762 912 1808 mutare
937 1772 993 1807 non
1021 1752 1178 1832 licetqtum
1218 1760 1260 1807 est
1303 1753 1446 1808 decretum
1488 1752 1524 1808 de
1565 1751 1757 1806 communione
1796 1749 1851 1805 sub
1894 1766 1959 1806 una

259 1834 326 1891 (lan.
349 1841 375 1891 1:
403 1837 437 1890 Si
454 1839 517 1906 quis
535 1840 653 1909 dissert,
676 1857 708 1893 ce
729 1842 789 1895 Dei
806 1847 959 1911 praecepto
984 1841 1027 1894 cel
1047 1857 1092 1893 ne·
1120 1846 1142 1895 1.
1155 1839 1259 1893 Paulus
1278 1837 1330 1892 111.
1351 1838 1476 1909 pontifex
1488 1839 1631 1893 Romanus
1649 1854 1700 1908 per
1717 1837 1826 1909 legatos
1847 1836 1876 1891 in
1888 1835 1959 1892 Ger·

260 1922 388 1977 cessitate
414 1924 515 1978 solutis
540 1942 633 1979 omnes
663 1934 688 1979 ct
714 1927 839 1994 stapulas
865 1928 971 1980 Christi
993 1926 1093 1995 fideles
1118 1925 1239 1978 maniam
1263 1925 1361 1978 missos
1385 1925 1420 1980 de
1443 1923 1557 1980 consilio
1578 1928 1606 1979 et
1624 1940 1738 1978 assensu
1756 1924 1879 1978 omnium
1898 1940 1958 1978 car·

259 2015 403 2078 utramque
435 2011 553 2080 speeiem
590 2014 761 2066 resumant
793 2012 964 2066 sacramenti
994 2013 1093 2065 eucta-
1119 2010 1252 2064 dinalim
1270 2011 1432 2065 mandatum
1451 2011 1538 2079 dedit,
1557 2017 1588 2064 ut
1607 2009 1833 2081 permittentibus
1848 2009 1962 2066 sibica·

259 2093 357 2148 rr'stiac
384 2113 492 2150 sumere
520 2098 633 2166 delere,
657 2100 806 2152 anatliema
830 2100 874 2153 sit.
916 2098 984 2154 Can.
1004 2104 1033 2153 2:
1059 2097 1094 2151 Si
1118 2097 1200 2152 licem
1223 2115 1279 2153 non
1305 2100 1484 2169 denegarent.
1526 2098 1632 2152 Eadem
1659 2097 1799 2154 concessio
1823 2097 1900 2152 facta
1918 2104 1963 2153 est

260 2181 322 2249 quis
340 2182 457 2251 diberit,
480 2192 607 2238 eandam
624 2186 771 2239 secusiam
790 2186 956 2239 catholicam
975 2202 1030 2238 non
1044 2185 1093 2253 ju·
1118 2200 1169 2254 per
1195 2183 1295 2239 librum
1314 2183 1436 2240 Interim.
1473 2184 1530 2239 Sed
1547 2184 1698 2239 cardinalis
1718 2183 1822 2239 Hosius
1841 2184 1870 2239 in
1892 2184 1961 2240 dial.

259 2267 310 2321 stis
333 2269 369 2321 de
396 2270 490 2324 causis
519 2279 544 2324 et
569 2271 725 2325 rationibus
749 2274 902 2326 adductam
921 2272 1032 2339 sauss,
1064 2279 1094 2323 nt
1119 2268 1154 2324 de
1168 2287 1265 2324 comm.
1280 2270 1333 2326 sub
1351 2277 1469 2342 unaque
1487 2271 1579 2341 specis
1599 2269 1735 2325 referente
1749 2268 1912 2325 Chsmnicio
1931 2269 1960 2325 in

259 2354 350 2408 laicos
366 2364 449 2426 atquc
469 2358 552 2410 etium
569 2359 688 2412 clericos
705 2377 761 2413 non
779 2361 955 2428 conficientes
974 2359 1025 2411 sab
1040 2375 1093 2426 pa·
1119 2370 1205 2410 exam.
1225 2355 1321 2410 concil.
1341 2356 1418 2410 Trid.
1439 2362 1510 2428 part.
1522 2363 1545 2413 2.
1566 2356 1608 2411 tit.
1629 2357 1664 2410 de
1683 2371 1752 2413 com.
1771 2355 1824 2411 snb
1840 2362 1962 2428 utraque
1975 2368 2001 2409 ι

259 2441 304 2494 nis
322 2445 513 2498 tantummodo
531 2444 621 2512 specie
639 2447 866 2509 communicaret,
885 2453 934 2498 aut
952 2445 982 2496 in
1000 2461 1031 2497 co
1050 2461 1093 2496 cr·
1119 2441 1211 2511 specie
1227 2459 1254 2512 p.
1277 2448 1331 2497 199.
1350 2441 1455 2511 scribit,
1473 2444 1501 2495 si
1518 2442 1603 2496 laicis
1624 2441 1700 2494 calis
1720 2449 1746 2494 ct
1765 2443 1961 2497 sacerdotibus

259 2544 345 2590 rasse,
366 2530 515 2583 anatliema
533 2532 577 2584 sit.
1118 2545 1219 2582 utores
1241 2529 1456 2597 permittantur,
1479 2537 1620 2598 papatum
1647 2529 1804 2581 uniuersum
1833 2545 1962 2584 seersum

130 2632 224 2674 nurse·
295 2620 336 2670 49.
381 2614 537 2670 Tridentini
570 2616 679 2671 concilii
716 2624 843 2672 strenuos
875 2622 1093 2687 propugnatores
1119 2615 1166 2669 iri.
1203 2619 1227 2670 8.
1250 2614 1435 2670 Bellarminus
1459 2632 1483 2672 c.
1505 2622 1545 2671 21.
1567 2611 1594 2688 ξ
1614 2622 1751 2683 ceterum,
1781 2621 1809 2670 et
1831 2615 1962 2688 plerique

132 2695 246 2785 2222„
259 2707 349 2771 agunt
366 2700 491 2756 lesuitac
509 2709 537 2758 et
556 2703 604 2756 alii
623 2703 769 2774 scriptores
780 2702 927 2768 Pontificii,
944 2702 984 2755 ita
1000 2709 1093 2755 tamen
1119 2717 1213 2756 omues
1233 2699 1375 2755 Pontificii
1392 2706 1562 2772 agnoscunt,
1590 2701 1810 2756 communionem
1828 2700 1882 2755 sub
1904 2716 1963 2758 una

175 2795 200 2836 x.
214 2795 246 2838 tt
259 2792 292 2840 nt
322 2803 377 2841 non
409 2792 538 2843 tucantur
569 2806 731 2844 consensum
754 2789 835 2844 toties
860 2788 1093 2858 depraedicatam.
1118 2786 1210 2856 specie
1235 2786 1264 2841 in
1292 2786 1407 2842 concilio
1434 2785 1641 2841 Constantiensi
1670 2784 1791 2858 primunr
1811 2784 1962 2853 decretam,

132 2866 234 2948 332¹ss
264 2879 284 2927 1.
310 2872 474 2929 communio
501 2875 554 2929 sub
584 2891 641 2929 una
671 2875 763 2946 specie
796 2874 893 2929 nititur
922 2873 1093 2945 potissimum
1120 2873 1169 2928 sed
1186 2872 1289 2929 Hosius
1308 2872 1337 2926 in
1357 2871 1428 2927 libro
1446 2871 1590 2943 praedicto
1604 2870 1709 2937 scribit
1726 2872 1852 2928 fortassis
1867 2873 1962 2945 Ephe·

129 2958 232 3061 :³¹:3⁸
261 2956 480 3014 constantiensis
500 2960 699 3017 etBasiliensis
717 2960 826 3017 concilii
843 2960 1015 3017 auctoritate.
1048 2959 1093 3017 Sic
1121 2959 1174 3013 sini
1192 2959 1302 3014 concilii
1321 2958 1488 3014 auctoritate
1506 2975 1587 3012 usum
1601 2957 1746 3029 utriusque
1759 2957 1963 3029 spedeifuism

131 3072 190 3111 prs.
261 3045 332 3100 euim
350 3044 447 3101 scribit
465 3047 647 3104 Bellarminus
665 3047 712 3103 lib.
727 3054 750 3103 t.
769 3046 805 3104 de
824 3048 901 3103 euch.
923 3064 946 3102 c.
960 3052 1001 3104 26.
1020 3062 1093 3118 resp.
1120 3046 1303 3118 abrogatum,
1328 3051 1393 3101 acta
1416 3051 1509 3101 autem
1535 3045 1609 3099 illius
1635 3043 1745 3099 concilii
1768 3060 1825 3100 non
1850 3052 1963 3103 exstare

130 3115 238 3164 ΝΜ*
260 3133 296 3185 ad
315 3132 433 3204 primum
452 3133 587 3205 Cypriani
608 3133 726 3190 dictum:
755 3135 790 3190 Si
814 3142 937 3204 tempore
955 3133 1095 3204 Oppriani
1119 3134 1242 3204 integra,
1271 3133 1374 3205 quibus
1399 3132 1451 3188 hoc
1470 3132 1559 3203 possit
1576 3131 1652 3186 clarc
1670 3131 1812 3201 evincere,
1829 3131 1879 3188 sod
1898 3141 1961 3188 tarr-

258 3219 418 3274 tabuisssnt
435 3220 505 3274 laici
515 3221 566 3290 jus
573 3221 694 3291 petendi
704 3221 827 3286 calicem,
848 3229 921 3276 certa
933 3221 1093 3276 taluumnt
1118 3224 1178 3275 tum
1204 3219 1407 3293 fragmentum
1434 3217 1517 3275 affert
1535 3222 1629 3275 autern
1654 3236 1710 3274 non
1732 3218 1899 3290 rejiciendas
1920 3224 1963 3287 (ut

258 3323 290 3360 sa
316 3307 513 3362 conmstudine
538 3306 617 3362 illius
643 3308 791 3378 temporis,
819 3324 886 3377 erqo
906 3325 968 3362 curn
986 3310 1025 3362 sit
1041 3309 1092 3362 loc
1118 3307 1178 3379 ipse
1204 3307 1285 3374 dicit)
1309 3306 1499 3377 conjecturas,
1526 3305 1628 3376 quibus
1649 3306 1761 3374 doceat,
1786 3304 1963 3377 Ephesium

259 3401 381 3465 tempore
413 3394 559 3448 contraria
591 3397 761 3449 consuetudo
795 3395 959 3448 introducta
993 3404 1019 3448 et
1047 3395 1092 3448 lca
1118 3393 1265 3449 concilium
1291 3392 1345 3448 hoc
1371 3392 1508 3447 statuisse.
1557 3397 1581 3448 9.
1610 3390 1795 3446 Bellarminus
1821 3408 1885 3462 cap.
1916 3397 1960 3450 24.

253 3489 405 3550 pradum
428 3482 458 3533 in
473 3481 652 3549 ameralilus
671 3481 799 3534 comediis
812 3482 1010 3550 promulqata,
1035 3497 1091 3534 non
1117 3486 1170 3536 ret.
1192 3486 1215 3536 t.
1244 3478 1364 3551 probare
1392 3484 1526 3546 conatur,
1556 3477 1641 3533 ctiam
1667 3476 1696 3530 in
1723 3476 1810 3532 veteri
1839 3477 1962 3536 ecclesia

257 3567 359 3621 tatem
377 3565 502 3636 amplius
519 3568 572 3635 jus
596 3567 674 3621 illud
691 3566 768 3621 laici.
801 3565 856 3623 Sed
874 3565 1007 3622 Albertus
1027 3565 1091 3637 Pig-
1117 3572 1182 3621 ante
1200 3565 1348 3620 concilium
1360 3564 1573 3620 Constantisnse
1589 3563 1810 3619 communionem
1827 3563 1880 3618 sub
1899 3581 1961 3622 una

256 3652 320 3723 gius
343 3650 373 3706 in
395 3651 530 3708 hierarch.
547 3650 630 3715 dicit,
656 3653 734 3720 quod
757 3652 825 3706 baec
844 3653 966 3706 concilia
985 3654 1014 3705 in
1032 3653 1091 3722 qui·
1118 3652 1209 3724 specie
1237 3652 1322 3706 fuisse
1349 3651 1489 3711 usitatam.
1514 3669 1538 3707 c.
1566 3657 1607 3707 25.
1632 3667 1704 3722 resp.
1734 3650 1771 3704 ad
1801 3651 1960 3708 secundum

156 3796 163 3812 ⁹
257 3739 376 3791 ludam
403 3745 502 3792 conta
526 3737 614 3806 lcpcm
635 3745 769 3805 naturas,
798 3745 897 3792 contra
923 3739 1091 3806 manifestas
1117 3739 1286 3810 postulatum
1312 3737 1424 3807 scribit,
1449 3738 1562 3806 inipso
1588 3739 1672 3790 ctiam
1696 3735 1812 3807 patrico
1830 3745 1911 3791 roan
1927 3739 1960 3792 ia

257 3824 437 3895 Scripturas,
465 3831 563 3878 contra
581 3824 724 3878 uetustatis
741 3825 933 3878 auctoritatem
952 3833 977 3879 et
994 3833 1091 3878 contra
1118 3826 1228 3894 templis
1258 3827 1308 3878 sut
1339 3841 1398 3877 una
1424 3823 1516 3891 specie
1538 3823 1636 3891 fuisse
1664 3822 1897 3877 communicatem
1926 3824 1960 3879 iss

258 3909 421 3965 Catholicae
443 3911 576 3965 ecclesias
597 3911 687 3977 fidem
713 3911 892 3967 decreverint.
936 3916 961 3967 2.
987 3910 1091 3965 Bellar-
1118 3912 1314 3980 antiquissima
1336 3911 1463 3968 molesia.
1507 3908 1562 3965 Sed
1585 3909 1686 3964 Petrus
1710 3924 1728 3962 a
1750 3908 1816 3966 Soto
1838 3913 1868 3964 ot
1891 3908 1960 3966 Cas·

256 3996 347 4052 minus
372 3997 483 4065 statuit,
511 3996 540 4050 in
562 3995 680 4051 ecclesia
706 3996 859 4066 apostolica
883 3997 989 4052 licitam
1005 3997 1091 4052 fuisse
1118 3999 1219 4053 sandor
1246 4003 1373 4052 statuunt
1393 3997 1569 4052 contrarium.
1606 3995 1702 4051 Verba
1718 4011 1814 4050 eorum
1833 3997 1961 4068 exposita

255 4083 475 4140 communionem
493 4083 545 4137 sub
563 4087 682 4153 ubsque
701 4082 802 4153 specie
839 4083 886 4138 Sic
904 4082 978 4137 enim
996 4082 1092 4138 scribit
1118 4091 1183 4139 suut
1201 4084 1335 4155 superius.
1376 4082 1509 4137 Latomus
1527 4082 1662 4136 adversus
1680 4081 1819 4137 Bucerum
1838 4081 1868 4136 in
1887 4082 1961 4141 ham

255 4186 316 4241 cap.
336 4176 376 4226 25.
399 4187 471 4241 resp.
495 4170 532 4224 ad
556 4185 614 4240 arg.
631 4173 709 4225 tert:
732 4170 864 4223 Ecclesia
883 4167 1092 4223 Corinthiorum
1118 4171 1245 4242 prorupit
1262 4169 1361 4225 verba:
1382 4168 1451 4223 Cum
1468 4169 1562 4222 adbuc
1581 4169 1664 4221 rudis
1682 4177 1752 4222 esset
1761 4169 1959 4239 primacocls-

255 4258 384 4310 utebatur
406 4263 526 4326 utraque
549 4256 655 4324 specie,
683 4256 751 4324 quia
777 4256 886 4309 Paulus
910 4256 953 4308 ecl
974 4256 1093 4310 Domini
1117 4258 1273 4324 cimelium
1294 4274 1313 4308 a
1326 4255 1437 4309 Christo
1453 4254 1588 4307 traditum
1607 4254 1848 4325 relipiosstenuit,
1867 4258 1960 4312 donoc

256 4343 380 4413 sacntplo
405 4342 451 4396 ccl
478 4342 596 4395 aliunde
625 4343 746 4395 odendit
771 4348 797 4396 ct
822 4342 956 4408 tradidit,
986 4342 1092 4395 licitam
1119 4347 1203 4400 docta
1227 4362 1246 4395 a
1269 4343 1399 4412 patritus
1417 4341 1569 4408 intellexit,
1588 4348 1736 4412 utramque
1754 4342 1876 4411 speciem
1893 4361 1960 4399 eoa·

256 4446 316 4484 csse
333 4430 550 4484 communionem
569 4430 619 4482 sub
633 4436 756 4497 utraque
773 4429 883 4498 specie,·
905 4427 971 4498 quin
991 4427 1044 4482 imo
1063 4429 1091 4482 in
1118 4431 1212 4483 uenire
1231 4429 1435 4491 sacerdotibus,
1455 4427 1545 4479 laicos
1564 4435 1656 4480 autam
1676 4427 1738 4481 solo
1749 4445 1828 4498 pauc
1845 4436 1961 4484 mnu·-

256 4516 353 4572 eodsm
381 4532 403 4570 c.
431 4511 647 4589 §.Videndum
676 4513 787 4580 statuit,
814 4514 978 4566 mandatum
1001 4515 1092 4577 fnisse
1118 4526 1161 4571 tos
1184 4534 1241 4570 esse
1261 4531 1352 4583 posse.
1404 4519 1442 4566 10.
1469 4510 1606 4583 Theologi
1632 4511 1735 4568 Gallici
1763 4530 1827 4568 com
1849 4530 1868 4568 a
1889 4531 1961 4588 rego

255 4602 409 4674 apostolis,
435 4607 466 4654 ut
491 4616 506 4655 s
531 4601 620 4656 calice
637 4602 769 4654 biberent.
806 4598 862 4656 Sed
878 4598 960 4654 Vitas
979 4598 1092 4655 Miletus
1119 4603 1185 4673 ipsis
1205 4601 1345 4672 objectum
1366 4597 1472 4664 fuisset,
1495 4596 1606 4652 Galliae
1627 4598 1741 4670 regibus
1760 4599 1961 4659 summatim

255 4689 284 4744 in
302 4689 406 4759 scripto
425 4687 546 4758 quodam
560 4686 727 4743 Germanico
743 4702 858 4741 causam
877 4691 905 4741 et
922 4686 1033 4759 culpam
1045 4688 1093 4743 ab·
1118 4687 1304 4743 administrari
1321 4691 1418 4752 totam,
1436 4684 1646 4754 responderunt,
1663 4701 1744 4756 rages
1757 4699 1846 4757 seque
1857 4693 1962 4744 unctos

256 4774 413 4847 negationis
439 4773 517 4829 Petri
548 4779 576 4829 et
603 4772 689 4845 fugae
718 4771 930 4842 discipulorum,
959 4790 1015 4845 qua
1046 4774 1091 4828 de
1119 4792 1178 4830 esse
1196 4791 1229 4828 ac
1247 4771 1405 4828 sacerdotes
1424 4775 1453 4825 et
1467 4770 1639 4841 scripturam
1657 4770 1735 4843 loqui
1754 4771 1961 4832 desmerdotio

256 4866 401 4918 emerunt
431 4859 596 4926 Dominum,
632 4857 778 4913 manifeste
815 4856 923 4912 confert
953 4859 982 4913 in
1012 4877 1091 4912 usum
1119 4861 1213 4932 regali.
1262 4860 1302 4913 At
1333 4859 1358 4912 si
1388 4857 1506 4912 exterior
1536 4859 1631 4914 unctio
1663 4857 1818 4914 chrismatis
1847 4864 1962 4918 tautum

256 4946 506 5018 utriusquepartis
523 4962 634 5001 cocnae.
673 4943 746 4999 Vide
766 4944 801 4998 D.
820 4943 964 4998 Hunnium
982 4952 1048 5001 tom.
1070 4953 1091 5000 1.
1119 4946 1263 5018 dignitatis
1283 4945 1392 5000 confert
1411 4944 1539 5015 regibus,
1558 4950 1590 4999 ut
1607 4943 1802 5001 eucharistiam
1819 4944 1984 5018 integrm,

256 5051 371 5105 operum
389 5052 417 5105 p.
434 5037 510 5089 1243.
543 5036 566 5087 3.
586 5029 771 5085 Bellarminus
790 5029 900 5094 statuit,
920 5031 993 5085 nibil
1008 5033 1092 5101 spiri·
1120 5033 1219 5087 merito
1237 5031 1386 5102 accipiant,
1403 5038 1507 5102 quanto
1525 5031 1615 5102 magis
1633 5029 1748 5101 interior
1764 5030 1940 5088 unctio

256 5121 344 5175 tualis
361 5122 479 5188 frustm
497 5118 563 5188 capi
580 5134 613 5170 sn
632 5117 742 5170 duabus
760 5117 917 5187 speciebus.
943 5122 1020 5188 quod
1037 5138 1091 5173 non
1119 5126 1164 5174 tus
1182 5118 1296 5190 reliquis
1314 5116 1445 5173 fidelibus
1463 5136 1543 5172 usum
1564 5118 1689 5190 integrae
1707 5114 1893 5175 munuum
1908 5118 1960 5176 im·

257 5209 389 5279 capiamur
400 5223 433 5260 cc
444 5222 510 5274 una,
531 5220 555 5258 c.
568 5208 610 5259 23.
622 5219 732 5274 propos.
747 5203 857 5272 ultima,
872 5204 921 5260 sed
935 5205 1093 5261 Alexander
1119 5212 1230 5276 patrare
1248 5204 1352 5260 debet?
1390 5204 1507 5268 Quando
1525 5205 1626 5258 Petrus
1650 5212 1672 5262 1.
1690 5205 1770 5276 epist.
1790 5222 1814 5260 c.
1834 5211 1859 5261 2.
1878 5223 1960 5280 rega-
1980 5214 1986 5223 “

257 5279 369 5351 Alebsis
387 5293 417 5347 in
433 5299 458 5349 4.
475 5295 557 5364 psus
574 5304 642 5347 sun
666 5307 693 5361 q.
713 5296 753 5346 53.
772 5290 885 5345 membr.
912 5296 935 5346 1.
954 5290 1093 5362 Casparus
1119 5292 1153 5347 lis
1172 5290 1320 5347 sacerdotii
1342 5292 1511 5346 mentionem
1531 5290 1608 5356 facit,
1627 5307 1683 5347 non
1701 5290 1737 5347 de
1755 5291 1821 5346 solis
1834 5293 1960 5365 regibus,
1995 5338 1998 5345 .

257 5379 398 5438 Cassalius
424 5377 444 5434 l.
461 5382 489 5435 2.
515 5377 553 5432 ds
575 5391 663 5432 coena
679 5380 709 5430 et
727 5376 814 5431 calice
831 5392 856 5432 c.
876 5383 917 5433 25.
937 5377 1093 5433 Cassander
1121 5380 1170 5435 sed
1188 5379 1224 5434 de
1242 5378 1369 5435 omnibus
1387 5376 1518 5433 fidelibus
1535 5376 1665 5448 loquitur,
1684 5377 1712 5430 vi
1730 5394 1798 5450 ergo
1817 5379 1901 5452 hujus
1914 5399 1958 5439 ar·

257 5468 287 5523 in
300 5463 764 5534 consultdecommsubutraque
777 5464 1090 5519 statiuntcontrarium.
1119 5466 1243 5537 gumsnri
1261 5464 1345 5521 etiam
1363 5464 1441 5519 laicis
1459 5462 1532 5518 calix
1551 5470 1624 5520 esset
1641 5464 1758 5520 dandus.
1797 5471 1836 5522 11.
1849 5467 1959 5525 Bellar-

258 5561 284 5623 t.
301 5551 487 5616 Bellmmium
505 5550 613 5626 aliquot
634 5548 805 5675 ηεέωοιιὶίι
831 5550 947 5624 probare
965 5557 1090 5620 conatur,
1119 5551 1210 5607 minus
1224 5568 1248 5607 c.
1262 5550 1455 5625 comperimus.
1469 5548 1533 5607 dist.
1549 5555 1574 5608 2.
1585 5549 1622 5608 de
1634 5566 1755 5609 consecr.
1769 5551 1902 5627 intelligit
1920 5555 1958 5615 ds
