3998 6024
752 285 805 344 nn
819 260 1012 345 recusem
1666 298 1728 357 ιιι

21 445 99 519 legis
116 441 284 500 horribiliter
301 447 362 499 erat
378 449 522 514 corrupta,
545 441 700 498 docebatur
717 442 804 511 enim,
822 457 866 497 ex·
895 447 923 496 et
941 441 1040 499 laban.
1066 443 1102 499 de
1120 443 1332 499 Turrecremata
1352 443 1401 500 lib.
1424 451 1446 498 1.
1468 443 1504 499 de
1524 443 1622 500 eccles.
1642 462 1667 501 c.
1686 450 1728 501 33.

22 536 136 587 ternam
160 531 298 584 duntaxat
320 528 508 584 obedientiam
532 529 561 583 in
589 529 652 600 lege
672 528 791 599 requiri,
818 527 866 581 do·
894 532 923 582 et
947 526 995 583 lib.
1017 534 1040 584 3.
1069 547 1092 585 a
1119 535 1161 586 tl.
1191 529 1301 599 dicunt,
1329 531 1360 584 in
1381 531 1517 600 passione
1535 532 1655 587 Domini
1671 548 1729 585 non

24 616 119 671 ctrina
142 615 179 671 de
199 615 301 670 Messio
319 623 349 670 et
366 614 506 670 beneficiis
523 615 582 671 fere
598 615 710 686 penitus
731 615 867 670 exstincta
894 614 1029 668 mammae
1054 632 1148 669 ueram
1175 618 1261 682 fidem
1286 617 1343 670 nisi
1368 618 1399 669 in
1424 618 1603 671 sanctissima
1619 617 1729 687 sirpins

24 707 99 768 erat,
113 701 267 757 docebatur
279 701 363 769 enim,
382 718 498 771 regnum
516 703 577 772 ejus
596 700 656 757 fore
673 701 815 772 corporale
833 717 866 755 ac
894 699 1009 768 Maria,
1034 701 1118 770 idque
1141 702 1301 770 cipnifieari
1316 704 1434 755 credam
1449 721 1507 755 una
1525 703 1580 757 illa
1598 704 1727 768 candela,

23 794 166 844 ananum
193 793 247 842 etc.
292 785 349 843 Ubi
377 791 444 840 tunc
469 787 587 842 inveniri
614 791 725 857 poterat
751 786 866 841 illustris
892 803 964 854 quae
981 787 1045 840 sola
1063 804 1182 841 ascensu
1201 796 1383 842 conservatur
1394 790 1424 841 in
1436 789 1533 844 triduo
1544 798 1608 843 ante
1616 791 1729 861 parebo

24 873 123 945 aliqua
146 879 175 929 et
197 872 314 926 visibilis
336 871 454 926 ecclesis
473 890 544 942 puro
563 880 592 927 et
608 872 768 943 incorrupto
787 872 865 927 verbi
893 872 922 924 in
952 873 1049 941 officio
1076 880 1219 927 nocturno.
1256 873 1442 929 Bellarminus
1462 874 1510 930 lib.
1528 881 1552 930 3.
1570 877 1605 931 de
1629 876 1728 934 eccles.

24 959 179 1015 ministerio
209 964 238 1013 et
267 956 375 1012 sincero
399 957 490 1012 cultus
515 958 602 1013 divini
626 958 756 1013 exercitio
775 957 865 1028 splen·
893 974 915 1011 c.
939 963 978 1014 ll.
996 957 1066 1012 illud
1084 959 1231 1029 improbat,
1249 961 1424 1029 quianam,
1443 962 1492 1030 qest
1508 963 1624 1015 admont
1641 980 1661 1015 a
1678 963 1728 1016 Je-

26 1045 118 1102 dens‘l
163 1044 291 1100 Ecclesia
320 1049 388 1097 tunc
415 1049 481 1099 'erat
507 1044 536 1098 in
561 1043 658 1115 paucis
686 1049 714 1099 et
741 1043 866 1098 obscuris
891 1044 1025 1113 maalein,
1044 1045 1199 1098 batuerrmt
1217 1063 1310 1099 veram
1322 1047 1426 1117 fldem·
1443 1047 1553 1103 interim
1570 1053 1663 1102 tamen
1680 1064 1728 1102 ue·

26 1131 198 1204 quibusdam
218 1129 390 1198 hominibus,
407 1129 437 1183 in
454 1129 593 1200 dumpho,
611 1129 708 1199 Maria,
730 1129 865 1195 Simeone,
892 1129 953 1201 gari
977 1147 1032 1184 non
1058 1135 1164 1201 potest,
1190 1137 1299 1187 coetum
1316 1132 1425 1187 illorum
1444 1132 1530 1189 fuisse
1551 1133 1680 1206 exiguum
1700 1139 1729 1189 et

26 1217 188 1289 pastoribus
202 1215 439 1292 Bethlehemiticis
455 1221 507 1272 etc,
538 1215 609 1271 Cum
621 1215 747 1271 Christus
766 1217 865 1272 docere
892 1221 1069 1285 contemtum,
1087 1234 1138 1273 nec
1158 1218 1333 1274 constituisse
1351 1218 1489 1274 visibilem
1507 1220 1629 1291 aliquem
1642 1221 1728 1275 eccle

25 1303 178 1375 inciperet,
210 1303 341 1374 exiguum
372 1308 400 1358 ct
426 1308 597 1358 contemtum
623 1321 716 1360 secum
744 1303 865 1360 ducebat
893 1301 961 1355 siam
986 1302 1134 1373 splendore
1157 1309 1269 1359 externo
1287 1304 1436 1369 illustrem,
1463 1305 1606 1376 pontifices
1626 1314 1729 1375 conns,

25 1395 153 1458 coetum,
180 1391 319 1460 numquid
337 1406 369 1443 ee
387 1391 567 1462 principibus
591 1391 698 1460 aliquis
721 1391 811 1445 eradit
834 1391 864 1444 in
891 1385 1005 1442 Scribae
1024 1394 1052 1442 et
1069 1388 1211 1444 Pharisaei
1234 1389 1345 1444 titulum
1365 1397 1393 1446 ct
1411 1390 1576 1462 dignitatem
1595 1394 1728 1448 ecclesiae

26 1478 114 1531 mm!
133 1476 243 1542 (dicunt
259 1476 403 1531 Pharisaei
420 1476 484 1533 Joh.
504 1483 534 1542 7,
558 1495 584 1531 r.
607 1477 678 1546 43),
705 1479 757 1532 sed
780 1477 863 1531 turba
891 1489 993 1544 magna
1010 1475 1102 1545 specie
1122 1475 1174 1529 sibi
1192 1477 1368 1548 arrogabant.
1403 1477 1555 1549 Gregorius
1568 1479 1602 1533 de
1614 1479 1726 1536 Valent.

26 1564 112 1632 laec,
134 1578 207 1631 quae
223 1580 279 1616 non
296 1565 372 1618 nouit
389 1564 487 1631 tepens,
505 1564 653 1618 maledieti
669 1572 748 1633 sunt,·
777 1568 805 1619 et
822 1563 863 1617 ni·
890 1563 956 1612 tom.
987 1564 1010 1614 3.
1037 1565 1183 1616 comment.
1211 1561 1241 1616 in
1268 1562 1365 1617 Thom.
1393 1565 1445 1620 col.
1477 1570 1532 1619 173.
1562 1567 1727 1621 seutentiam

26 1648 178 1705 hilominus
197 1648 314 1720 exigam
333 1655 361 1704 et
380 1654 535 1705 contemtus
551 1650 600 1707 ille
618 1655 714 1706 coetus
735 1649 803 1705 Luc.
825 1655 864 1718 ¹2,
891 1645 1003 1700 Aliensis
1026 1650 1054 1701 et
1070 1645 1297 1703 'l'urrecrcmutee
1320 1649 1418 1704 itidem
1442 1649 1594 1721 improbat,
1619 1652 1728 1708 interim

26 1752 52 1790 r.
73 1740 116 1791 ³2.
138 1739 198 1790 erat
217 1751 283 1790 sera
300 1735 425 1790 ecclesia.
463 1736 628 1801 Pontifices,
646 1736 774 1806 Scribae,
793 1736 865 1791 Pha·
891 1738 984 1787 tamen
1004 1732 1132 1787 concedit
1148 1733 1204 1788 tale
1224 1734 1365 1804 quiddam,
1387 1737 1462 1807 quod
1479 1743 1601 1792 nostram
1621 1745 1729 1795 senten-

25 1821 124 1890 rinei,
150 1821 290 1893 principes
309 1822 483 1877 sacerdotum
502 1827 529 1878 et
548 1823 682 1890 seniores,
709 1822 757 1894 qui
777 1822 864 1878 ecele-
892 1817 959 1872 tiam
983 1817 1129 1872 manifeste
1152 1819 1304 1875 confirmat.
1341 1821 1388 1877 Sic
1409 1823 1481 1877 enim
1501 1823 1541 1878 ibi
1560 1822 1668 1880 scribit:
1697 1826 1732 1880 δι’

27 1906 84 1962 siue
104 1906 217 1962 titulum
234 1907 289 1962 sibi
308 1907 493 1979 arrogabant,
511 1909 561 1980 qui
578 1909 729 1981 dignitate,
748 1909 865 1965 auctori·
891 1905 1010 1959 maxime
1032 1920 1126 1959 omncs
1148 1913 1212 1959 tunc
1231 1909 1356 1977 apostoli
1367 1910 1457 1976 fldem
1475 1910 1651 1980 adJcee'csent,
1673 1929 1730 1965 non

26 1999 93 2061 tute,
105 1994 251 2064 sapientis,
260 1995 394 2065 potentia,
403 1996 566 2051 eruditionis
577 2002 605 2053 et
614 1997 727 2067 pietatis
736 1996 865 2067 opinione
891 1992 958 2045 inde
984 1993 1184 2062 consequitur,
1198 1993 1229 2047 in
1250 1994 1329 2048 nullo
1342 2003 1545 2065 praeterquam
1562 1998 1592 2050 in
1610 1998 1648 2055 Β.
1669 1998 1731 2051 Vir·

10 2079 147 2136 rillnstres
165 2087 252 2149 mant,
269 2081 339 2135 uihil
353 2083 444 2137 minus
467 2089 546 2138 erunt
564 2100 648 2155 quam
661 2100 728 2139 vera
740 2083 865 2152 ecclesia,
891 2079 956 2148 pins
972 2080 1057 2144 fidem
1070 2081 1271 2149 permansisse.
1303 2080 1458 2135 Potuerunt
1476 2083 1550 2136 enim
1567 2083 1623 2137 alii
1634 2101 1730 2154 perse·

27 2166 81 2222 imo
106 2183 202 2221 reram
221 2167 367 2222 ecclesiam
393 2169 595 2240 oppugnabant
618 2175 646 2226 et
663 2170 864 2241 persequeban-
889 2182 989 2220 oerore
999 2165 1106 2233 fideles,
1119 2166 1172 2219 etsi
1181 2167 1218 2220 de
1229 2165 1290 2220 illis
1299 2167 1412 2235 quidem
1419 2176 1536 2223 tacetur.
1555 2168 1592 2222 Et
1602 2169 1653 2226 col,
1666 2176 1728 2226 174:

26 2259 77 2308 tur.
120 2252 184 2308 Hoc
209 2260 403 2324 argumentum
429 2255 475 2310 vel
499 2255 617 2312 maxime
641 2255 786 2311 confirmat
804 2273 865 2312 sen·
892 2253 971 2306 Licet
993 2253 1117 2322 apostoli
1138 2254 1222 2318 fidem
1248 2255 1368 2308 ceterius
1392 2272 1448 2309 non
1471 2256 1581 2319 sutrini
1600 2258 1732 2326 proferri

26 2337 145 2394 unusne
172 2345 296 2394 umnam
320 2345 349 2396 et
374 2342 474 2396 evertit
497 2343 580 2412 plane
600 2342 756 2414 opinionem
771 2342 865 2398 Ponti·
891 2345 916 2391 a
932 2339 1099 2393 scandulum
1111 2340 1195 2409 passi
1209 2339 1281 2404 aas,
1308 2343 1404 2410 moad
1422 2348 1563 2395 externam
1581 2343 1652 2405 fidei
1666 2361 1729 2397 coo·

27 2421 161 2482 finiorum.
210 2423 240 2481 Si
267 2425 342 2480 enim
368 2427 397 2480 in
421 2427 474 2482 hoc
503 2429 650 2498 splendore
677 2433 804 2498 externo,
835 2430 865 2484 in
889 2426 1055 2490 fossionem,
1077 2426 1204 2494 potuisse
1228 2427 1367 2480 tamenin
1385 2428 1480 2481 anima
1495 2429 1584 2498 fidem
1601 2429 1728 2484 retinere.

26 2511 210 2580 mcccssione,
227 2510 257 2565 in
274 2511 469 2581 amplitudine,
488 2513 517 2568 in
535 2513 617 2568 titulo
634 2520 686 2572 etc.
706 2517 865 2587 quaerenda
891 2511 979 2581 (Idem
998 2517 1026 2567 tt
1043 2527 1093 2566 110⁶
1112 2509 1239 2575 dicimus,
1260 2511 1312 2565 tub
1329 2519 1435 2584 papatu
1450 2514 1584 2584 quosdam
1597 2513 1626 2567 in
1638 2513 1730 2570 anima
1840 2556 1842 2561 -

29 2597 164 2666 ecclesia,
190 2605 251 2652 tum
271 2597 396 2654 Christus
421 2616 485 2655 cum
508 2600 565 2654 suis
588 2617 643 2655 uon
662 2608 722 2657 eret
739 2603 864 2671 ecclesia,
891 2597 1039 2654 retinuisse
1056 2597 1149 2666 tidem,
1168 2597 1235 2653 lieet
1252 2598 1287 2652 de
1300 2597 1355 2652 illis
1372 2602 1518 2666 taceatur.)
1551 2599 1654 2655 teum
1667 2606 1730 2672 post

30 2683 76 2740 sad
95 2682 254 2756 pontifices,
271 2684 385 2742 Scribae
403 2691 431 2740 et
448 2685 592 2742 Pharisaei
609 2703 673 2741 cum
690 2688 747 2742 suis
767 2706 864 2760 sequa·
890 2682 991 2739 Christi
1015 2683 1043 2737 iu
1069 2683 1160 2739 coelos
1179 2683 1389 2740 adscensionem
1407 2683 1526 2740 ecclesia
1542 2685 1614 2741 inter
1631 2692 1730 2758 gentes

30 2768 117 2828 chus.
153 2770 340 2827 Bellsrminns
364 2771 437 2827 sicco
462 2773 535 2844 pede
553 2772 625 2826 illud
643 2779 865 2846 praetergressus
891 2775 1047 2842 propagata
1065 2776 1145 2840 esset,
1164 2775 1291 2843 tempore
1303 2770 1400 2826 decem
1411 2771 1636 2843 persecutionum
1648 2773 1730 2830 valde

29 2862 80 2922 at,
101 2856 281 2928 Stspletonus
298 2858 346 2913 lib.
365 2865 389 2914 2.
409 2860 444 2914 de
462 2860 549 2931 pn'nc.
568 2859 684 2915 doctrin.
702 2876 728 2918 c.
749 2867 789 2918 11.
808 2861 863 2916 vim
889 2856 944 2911 fuit
966 2857 1115 2912 obscurata
1141 2859 1224 2913 etad
1242 2858 1411 2930 paucitatem
1430 2874 1463 2913 ac
1483 2865 1650 2915 contemtum
1667 2876 1729 2930 spe·

30 2942 101 2999 illius
122 2942 277 3015 infringere
294 2951 410 3000 conatus
432 2961 464 3000 co
483 2946 634 3016 impietatis
654 2947 810 3012 descendit,
832 2954 865 3002 nt
890 2944 961 2998 ciem
977 2943 1101 3000 redacta
1136 2942 1212 3016 Ergo
1232 2961 1288 3000 uon
1303 2951 1346 3001 est
1360 2951 1525 3018 perpetuum
1540 2963 1573 3002 ac
1586 2945 1729 3018 proprium

31 3035 147 3101 datust,
165 3047 278 3101 poeseos
303 3032 370 3086 ellos
397 3038 424 3087 et
448 3032 580 3087 otsmros
599 3034 739 3098 homines,
765 3035 816 3104 qui
834 3035 863 3087 in
889 3030 1023 3086 ecclesiae
1048 3030 1197 3102 splendore
1221 3036 1335 3088 externo
1353 3049 1413 3088 esse
1430 3033 1574 3088 illustrem.
1610 3034 1728 3089 Antece-

32 3115 171 3173 l'tristum
186 3118 370 3173 credide-unt
387 3135 501 3188 eumque
514 3120 604 3172 secuti
615 3127 686 3183 sant,
704 3137 759 3174 non
770 3121 864 3186 fnisse
890 3117 981 3172 dentis
999 3118 1101 3173 veritas
1120 3135 1153 3173 ex
1164 3117 1295 3185 Eusebio,
1315 3118 1424 3175 Zonara
1435 3125 1463 3176 et
1475 3118 1536 3173 nliis
1548 3118 1728 3191 scriptoribus

34 3205 184 3273 acicam,
217 3206 270 3258 sed
295 3213 382 3259 totam
409 3205 492 3259 illam
515 3207 622 3277 populi
648 3207 862 3275 multitudinem,
888 3203 1036 3260 manifesta
1052 3211 1103 3262 est.
1175 3230 1177 3234 ⁸

35 3308 97 3361 quae
120 3307 292 3360 synupopam
319 3299 346 3345 st
371 3293 504 3362 templum
531 3294 716 3347 venerabatur
741 3301 767 3347 et
790 3311 862 3364 mace
895 3305 897 3309 ’

34 3378 214 3448 pontificibus,
240 3377 348 3432 Scribis
368 3386 393 3431 et
411 3380 579 3434 Pharisaeus
597 3380 626 3432 in
645 3381 776 3434 doctrina
795 3382 865 3443 ades·

39 3472 178 3520 umorum
198 3465 415 3535 obtemperabat.
456 3465 518 3520 Hoc
542 3482 607 3521 vero
630 3467 713 3537 plane
732 3467 863 3522 antichri-

40 3549 145 3605 slitnum
168 3555 225 3619 est,
249 3568 315 3604 num
341 3551 413 3605 enim
438 3551 493 3605 illis
511 3568 592 3608 verse
612 3552 745 3608 ecclesiae
762 3570 863 3608 nomen

42 3634 113 3689 tribui
129 3642 230 3706 potest,
249 3637 298 3708 qui
317 3635 457 3691 Christum
477 3646 685 3709 oppugnarunt,
703 3639 789 3694 verbo
802 3641 862 3711 ejus

44 3721 188 3778 rutiterunt
207 3729 237 3778 et
252 3722 423 3778 confessores
441 3723 517 3778 illius
537 3725 674 3794 persecuti
693 3726 777 3780 sunt?
796 3744 863 3781 num
1879 3794 1882 3798 Δ
1955 3789 1958 3795 ,

47 3811 126 3863 muts
147 3808 283 3864 ecclesium
303 3825 403 3864 nomen
423 3809 477 3863 illis
498 3810 709 3882 derogabimus,
738 3811 785 3882 qui
804 3812 863 3869 fue-
890 3807 1275 3878 utBapt.Mantuanuscanit.
1295 3806 1402 3864 Ultima
1411 3806 1483 3861 inter
1491 3805 1587 3861 decem
1596 3823 1725 3877 persecu·
1740 3819 1777 3862 11.
1791 3817 1837 3864 tm

48 3898 98 3946 rut
111 3909 179 3950 ores·
189 3893 292 3951 Christi
311 3900 340 3950 et
357 3894 472 3951 verbum
491 3898 552 3967 ejus
568 3894 624 3949 fide
641 3901 707 3951 sunt
723 3896 863 3969 amplexi?
888 3894 976 3949 tiones
995 3893 1048 3948 sub
1065 3893 1239 3949 Diocletiano
1256 3900 1314 3947 tum
1335 3892 1523 3963 immanitate,
1542 3898 1602 3946 tum
1621 3894 1726 3949 diutur-

49 3972 131 4033 llosius
149 3997 181 4036 eo
199 3980 387 4052 impudentiae
404 3983 592 4054 progreditur,
609 3987 642 4037 ut
658 3982 707 4039 lib.
722 3989 746 4041 2.
766 3990 864 4039 contra
889 3979 976 4035 nitate
993 3979 1114 4051 reliquas
1132 3995 1232 4034 novem
1251 3979 1400 4050 superarit,
1418 3978 1446 4032 in
1459 3995 1494 4034 ea
1505 3979 1611 4049 ubique
1623 3986 1727 4050 templa

52 4057 170 4121 bennum
182 4072 295 4136 minat,
314 4069 464 4124 concilium
481 4070 558 4125 illud
565 4070 739 4140 pontificum,
757 4071 862 4125 Pluri-
890 4082 999 4133 eversa,
1024 4063 1163 4136 episcopi,
1189 4064 1345 4136 presbyteri
1363 4081 1396 4119 ac
1414 4063 1522 4118 diaconi
1541 4063 1680 4120 interlecti
1698 4072 1726 4121 et

54 4162 165 4221 mmm,
186 4154 353 4209 Smibarum
372 4163 398 4209 et
418 4155 566 4226 senionem,
585 4155 787 4226 pulchrarum
799 4176 863 4213 con·
890 4151 973 4206 variis
1002 4150 1155 4222 iisdemque
1184 4150 1327 4223 exquisitis
1353 4150 1552 4221 suppliciorum
1577 4151 1726 4223 generibus

56 4233 209 4310 densarunt,
227 4239 334 4306 'sumac
368 4242 513 4296 eeclesiam
540 4245 863 4314 repraesentetiaam'et
889 4238 1038 4294 inolesti
1062 4237 1234 4293 confessores
1259 4236 1410 4305 saevitum,
1433 4236 1504 4292 adeo
1523 4247 1552 4290 ut
1569 4239 1647 4294 intra
1667 4241 1727 4294 dies

57 4324 176 4380 emollitum
199 4328 352 4399 lepits'mum
370 4336 397 4382 et
417 4329 557 4399 Spiritum
576 4349 598 4385 a.
618 4331 665 4384 illi
684 4332 803 4386 concilio
821 4331 862 4385 in.
888 4326 1006 4395 tripinta
1026 4324 1211 4395 septendecim
1229 4322 1323 4377 millia
1344 4323 1569 4379 Christianorum
1587 4328 1727 4381 oduario

58 4408 163 4472 ittsuiue
180 4432 215 4468 ae
228 4414 402 4484 premisse.
888 4412 1030 4482 supplicia
1049 4409 1207 4464 scribantur
1223 4418 1318 4480 rapta,
1339 4408 1476 4465 Damasus
1497 4410 1526 4464 in
1541 4411 1599 4465 vita
1611 4412 1725 4469 Marcel·

10 4499 45 4591 ξ.
110 4496 306 4556 -Τιιιιιιιιιιιιι
327 4501 363 4555 ad
378 4507 480 4556 statum
496 4499 721 4556 ecclesiaeNsl'.
749 4502 861 4559 l'I'em-
888 4498 945 4552 lini
981 4500 1023 4553 Ac
1042 4497 1158 4551 miratur
1169 4495 1365 4568 Hieronymus,
1382 4515 1432 4552 ruo
1450 4498 1542 4552 adbuc
1555 4500 1724 4554 aemulorels'·

119 4585 246 4652 nunionis
260 4582 371 4653 Christi,
390 4601 527 4656 quaenam
548 4592 608 4640 erat
620 4586 754 4642 ecclesiae
766 4587 860 4658 facies,
888 4585 970 4654 quiae
990 4585 1215 4640 Christianorum
1239 4584 1330 4648 fuisse
1352 4590 1479 4653 repertos
1503 4586 1537 4638 ob
1556 4588 1725 4654 perseeutio-

925 3326 996 3378 Tum
1015 3324 1112 3395 Cujus,
1128 3327 1178 3395 qui
1190 3325 1311 3395 praesul
1328 3332 1390 3378 erat
1407 3325 1561 3388 Ronlanum,
1578 3325 1609 3377 in
1623 3324 1691 3379 altis

923 3411 1048 3465 Delituit
1065 3412 1170 3480 crypts's
1189 3418 1241 3467 etc.

926 3497 996 3550 Tum
1013 3498 1145 3568 plerique
1158 3505 1260 3565 putres
1279 3497 1378 3560 saneti,
1398 3500 1460 3549 cum
1479 3495 1536 3549 talo
1552 3496 1680 3551 viderent

923 3577 1059 3647 Eritium,
1076 3585 1177 3650 supere
1194 3584 1277 3636 urbes
1296 3590 1322 3658 el
1338 3598 1415 3636 more
1432 3583 1563 3642 ferarum

923 3671 982 3724 Per
1000 3673 1112 3724 deserta
1130 3671 1196 3738 oapi
1213 3671 1302 3724 coecis
1321 3671 1428 3748 latuere
1446 3669 1575 3724 cavania
1664 3678 1671 3686 ·

10 4661 129 4745 *quino
143 4670 247 4726 emtus?
283 4670 442 4740 Pontifices,
462 4671 576 4728 Scribae
594 4678 622 4727 et
642 4673 792 4744 Pharisaei,
811 4677 859 4746 qui
887 4690 952 4725 num
976 4672 1197 4725 antecedentiam
1216 4671 1423 4735 immanitatem
1460 4669 1556 4726 Refert
1573 4671 1668 4737 Fulco,
1686 4681 1724 4741 ty·

10 4764 27 4796 ¹
10 4713 139 4808 fillium
160 4756 293 4813 ecclesiae
318 4756 371 4811 sibi
396 4759 567 4830 arrogabant
585 4763 613 4813 et
634 4759 669 4813 de
688 4761 861 4817 successione
887 4760 1140 4829 ranncsquoedam
1154 4758 1293 4826 plamaton
1307 4774 1372 4820 esse,
1386 4775 1486 4810 nomen
1500 4756 1724 4813 Christianorum

10 4818 164 4897 ,monle
180 4840 385 4914 gloriabantur,
405 4843 571 4899 Christum'
564 4863 592 4899 m
610 4846 728 4902 concilio
747 4847 860 4902 damna·
886 4864 905 4898 a
923 4861 952 4898 se
968 4845 1099 4910 fimclitur
1128 4845 1310 4915 exstirpatum
1335 4853 1360 4898 et
1382 4844 1488 4899 C'lsieti
1504 4846 1725 4915 superstitionem

58 4931 135 4996 sumt,
151 4927 240 4983 ludus
257 4928 427 4999 prodiderat,
447 4930 547 4986 Petrus
567 4939 726 5004 negaverat,
742 4935 860 5005 apostoli
886 4933 986 5001 uliqzm
1009 4931 1152 5000 deletam,
1169 4939 1199 4985 ut
1222 4948 1366 4985 marmora
1389 4934 1530 5001 quinariam
1549 4931 1726 4986 Salmantica

56 5005 131 5080 ltliqui
146 5014 326 5087 aufugerant,
352 5016 507 5072 latebant
499 5035 528 5070 ιιι
550 5017 713 5074 abscondito
736 5036 769 5074 ac
791 4992 1025 5079 serisitestentur.
1062 5017 1140 5073 Deus
1164 5022 1257 5072 tamen
1282 5015 1335 5070 sibi
1354 5017 1475 5072 servavit
1500 5017 1644 5071 ecclesiam
1664 5033 1724 5072 san·

55 5094 180 5155 elatus
200 5110 269 5173 prae
295 5106 372 5158 metu
396 5119 457 5159 sese
485 5103 705 5172 concludebant;
740 5090 974 5178 populus⁴ctam,
999 5121 1071 5176 quae
1096 5122 1152 5159 non
1176 5103 1230 5158 fuit
1252 5102 1352 5157 illustri
1377 5104 1497 5175 quodam
1515 5102 1661 5173 splendore
1681 5120 1725 5159 cx·

52 5186 187 5243 minum
223 5187 389 5259 pontificum
425 5190 630 5261 approbaverat
663 5198 691 5247 et
721 5191 860 5248 Christum
885 5201 964 5250 terno
989 5191 1153 5263 conspicua,
1168 5190 1227 5244 'sed
1250 5189 1278 5243 in
1304 5188 1411 5260 cryptis
1439 5195 1466 5244 et
1486 5188 1610 5243 cavernis
1630 5190 1725 5247 delite·
1794 5199 1795 5203 ’

49 5269 243 5346 cunigundam
261 5289 323 5330 esse
340 5276 449 5347 magnis
467 5275 634 5331 clamoribus
654 5276 859 5348 impetraverat
871 5227 966 5376 :scens
985 5279 1101 5333 occulta
1137 5275 1206 5343 Quis
1227 5276 1299 5331 enim
1313 5280 1478 5374 potestesse
1491 5273 1724 5347 ecclesiaesplen·

44 5356 108 5417 toln
123 5360 193 5418 ntro
211 5365 332 5434 p‘ersom
350 5363 483 5419 vilissima
502 5363 595 5419 Christ
584 5371 641 5419 tum
659 5363 860 5436 confitebatur3
888 5367 938 5420 dor
956 5370 1096 5432 externus,
1118 5379 1223 5436 queme
1242 5361 1392 5433 conspicua
1409 5361 1529 5430 claritas,
1548 5361 1659 5432 quando
1675 5380 1724 5434 pa-

40 5435 161 5521 loscpbus
178 5455 208 5506 et
224 5448 395 5506 Nicodemus
413 5450 536 5522 aliquam
550 5450 669 5522 speciem
682 5449 860 5506 confessionis
887 5458 974 5508 stores
1002 5450 1178 5506 trucidamur
1206 5457 1234 5505 et
1265 5464 1330 5503 oves
1361 5447 1578 5521 disperguntur?
1612 5448 1725 5519 quando

36 5535 209 5596 dentem
225 5535 293 5592 hinc
308 5536 388 5595 Alex.
401 5536 512 5592 Alensis
533 5542 642 5608 parte
661 5537 751 5608 q..ult
766 5542 859 5595 artt.
887 5537 945 5593 reri
974 5536 1143 5593 confessores
1167 5536 1212 5592 sel
1241 5532 1458 5606 interficiuntur,
1489 5534 1568 5591 vel
1561 5552 1589 5588 m
1612 5533 1724 5590 exilium

68 5630 241 5687 ‚efflue
255 5631 282 5676 V.
1356 5643 1390 5695 22
