<?xml version="1.0" encoding="UTF-8"?>
<!DOCTYPE html PUBLIC "-//W3C//DTD XHTML 1.0 Transitional//EN"
    "http://www.w3.org/TR/xhtml1/DTD/xhtml1-transitional.dtd">
<html xmlns="http://www.w3.org/1999/xhtml" xml:lang="en" lang="en">
 <head>
  <title>
</title>
<meta http-equiv="Content-Type" content="text/html;charset=utf-8" />
  <meta name='ocr-system' content='tesseract 3.04.00' />
  <meta name='ocr-capabilities' content='ocr_page ocr_carea ocr_par ocr_line ocrx_word'/>
</head>
<body>
  <div class='ocr_page' id='page_1' title='image "./locitheologicit03gerhgoog_0166.png"; bbox 0 0 4004 6022; ppageno 0'>
   <div class='ocr_carea' id='block_1_1' title="bbox 762 332 1788 401">
    <p class='ocr_par' dir='ltr' id='par_1_1' title="bbox 762 332 1788 401">
     <span class='ocr_line' id='line_1_1' title="bbox 762 332 1788 401; baseline 0.008 -8"><span class='ocrx_word' id='word_1_1' title='bbox 762 334 816 393; x_wconf 74' lang='lat' dir='ltr'>DE</span> <span class='ocrx_word' id='word_1_2' title='bbox 833 332 957 393; x_wconf 72' lang='lat' dir='ltr'>etone</span> <span class='ocrx_word' id='word_1_3' title='bbox 973 332 1110 391; x_wconf 66' lang='lat' dir='ltr'>COEM</span> <span class='ocrx_word' id='word_1_4' title='bbox 1727 343 1788 401; x_wconf 83' lang='lat' dir='ltr'>tbb</span> 
     </span>
    </p>
   </div>
   <div class='ocr_carea' id='block_1_2' title="bbox 52 487 1872 735">
    <p class='ocr_par' dir='ltr' id='par_1_2' title="bbox 52 487 1872 735">
     <span class='ocr_line' id='line_1_2' title="bbox 52 487 1788 587; baseline 0.001 -42"><span class='ocrx_word' id='word_1_5' title='bbox 52 494 116 550; x_wconf 72' lang='lat' dir='ltr'>fit</span> <span class='ocrx_word' id='word_1_6' title='bbox 145 509 209 545; x_wconf 84' lang='lat' dir='ltr'>cum</span> <span class='ocrx_word' id='word_1_7' title='bbox 234 489 353 558; x_wconf 65' lang='lat' dir='ltr'>dicim,</span> <span class='ocrx_word' id='word_1_8' title='bbox 377 491 428 554; x_wconf 73' lang='lat' dir='ltr'>fiat</span> <span class='ocrx_word' id='word_1_9' title='bbox 451 489 627 544; x_wconf 70' lang='lat' dir='ltr'>dilectissimi</span> <span class='ocrx_word' id='word_1_10' title='bbox 654 495 706 547; x_wconf 91' lang='lat' dir='ltr'>etc.</span> <span class='ocrx_word' id='word_1_11' title='bbox 737 491 822 546; x_wconf 74' lang='lat' dir='ltr'>nider</span> <span class='ocrx_word' id='word_1_12' title='bbox 851 488 1012 587; x_wconf 49' lang='lat' dir='ltr'>nobibilihr.</span> <span class='ocrx_word' id='word_1_13' title='bbox 1022 490 1058 546; x_wconf 90' lang='lat' dir='ltr'>de</span> <span class='ocrx_word' id='word_1_14' title='bbox 1068 489 1254 558; x_wconf 69' lang='lat' dir='ltr'>sacramentin</span> <span class='ocrx_word' id='word_1_15' title='bbox 1264 487 1446 548; x_wconf 82' lang='lat' dir='ltr'>Innocentius</span> <span class='ocrx_word' id='word_1_16' title='bbox 1458 488 1539 545; x_wconf 76' lang='lat' dir='ltr'>nne.</span> <span class='ocrx_word' id='word_1_17' title='bbox 1553 488 1680 559; x_wconf 85' lang='lat' dir='ltr'>demyst.</span> <span class='ocrx_word' id='word_1_18' title='bbox 1691 488 1788 546; x_wconf 71' lang='lat' dir='ltr'>nuris</span> 
     </span>
     <span class='ocr_line' id='line_1_3' title="bbox 56 573 1787 647; baseline 0.001 -17"><span class='ocrx_word' id='word_1_19' title='bbox 56 579 178 641; x_wconf 66' lang='lat' dir='ltr'>fimet,</span> <span class='ocrx_word' id='word_1_20' title='bbox 204 584 230 630; x_wconf 86' lang='lat' dir='ltr'>et</span> <span class='ocrx_word' id='word_1_21' title='bbox 255 577 306 630; x_wconf 84' lang='lat' dir='ltr'>boc</span> <span class='ocrx_word' id='word_1_22' title='bbox 325 584 386 631; x_wconf 86' lang='lat' dir='ltr'>tene</span> <span class='ocrx_word' id='word_1_23' title='bbox 403 576 529 647; x_wconf 84' lang='lat' dir='ltr'>(inquit),</span> <span class='ocrx_word' id='word_1_24' title='bbox 556 577 680 646; x_wconf 74' lang='lat' dir='ltr'>quamne</span> <span class='ocrx_word' id='word_1_25' title='bbox 706 577 798 646; x_wconf 76' lang='lat' dir='ltr'>niiora&#39;</span> <span class='ocrx_word' id='word_1_26' title='bbox 815 581 1010 641; x_wconf 70' lang='lat' dir='ltr'>teneamini.</span> <span class='ocrx_word' id='word_1_27' title='bbox 1044 575 1184 631; x_wconf 85' lang='lat' dir='ltr'>Honorius</span> <span class='ocrx_word' id='word_1_28' title='bbox 1196 576 1224 631; x_wconf 90' lang='lat' dir='ltr'>in</span> <span class='ocrx_word' id='word_1_29' title='bbox 1239 591 1350 647; x_wconf 85' lang='lat' dir='ltr'>gemma</span> <span class='ocrx_word' id='word_1_30' title='bbox 1361 573 1471 629; x_wconf 84' lang='lat' dir='ltr'>animae</span> <span class='ocrx_word' id='word_1_31' title='bbox 1488 573 1536 629; x_wconf 89' lang='lat' dir='ltr'>lib.</span> <span class='ocrx_word' id='word_1_32' title='bbox 1556 580 1577 630; x_wconf 89' lang='grc'>1.</span> <span class='ocrx_word' id='word_1_33' title='bbox 1595 593 1618 631; x_wconf 88' lang='lat' dir='ltr'>c.</span> <span class='ocrx_word' id='word_1_34' title='bbox 1636 576 1787 632; x_wconf 66' lang='lat' dir='ltr'>item-ia.</span> 
     </span>
     <span class='ocr_line' id='line_1_4' title="bbox 62 658 1872 735; baseline 0 -18"><span class='ocrx_word' id='word_1_35' title='bbox 62 663 261 717; x_wconf 82' lang='lat' dir='ltr'>contrarium</span> <span class='ocrx_word' id='word_1_36' title='bbox 287 669 313 715; x_wconf 87' lang='lat' dir='ltr'>et</span> <span class='ocrx_word' id='word_1_37' title='bbox 337 662 418 715; x_wconf 87' lang='lat' dir='ltr'>male.</span> <span class='ocrx_word' id='word_1_38' title='bbox 459 661 603 726; x_wconf 84' lang='lat' dir='ltr'>Quomodo</span> <span class='ocrx_word' id='word_1_39' title='bbox 626 662 679 716; x_wconf 90' lang='lat' dir='ltr'>hoc</span> <span class='ocrx_word' id='word_1_40' title='bbox 707 664 836 718; x_wconf 85' lang='lat' dir='ltr'>convenit</span> <span class='ocrx_word' id='word_1_41' title='bbox 862 661 1058 735; x_wconf 68' lang='lat' dir='ltr'>cumlsseleth.</span> <span class='ocrx_word' id='word_1_42' title='bbox 1075 661 1104 716; x_wconf 91' lang='lat' dir='ltr'>iu</span> <span class='ocrx_word' id='word_1_43' title='bbox 1123 661 1219 716; x_wconf 82' lang='lat' dir='ltr'>ration.</span> <span class='ocrx_word' id='word_1_44' title='bbox 1242 661 1278 717; x_wconf 87' lang='lat' dir='ltr'>de</span> <span class='ocrx_word' id='word_1_45' title='bbox 1295 660 1352 717; x_wconf 81' lang='lat' dir='ltr'>div.</span> <span class='ocrx_word' id='word_1_46' title='bbox 1368 658 1440 716; x_wconf 85' lang='lat' dir='ltr'>offic.</span> <span class='ocrx_word' id='word_1_47' title='bbox 1460 677 1485 716; x_wconf 91' lang='lat' dir='ltr'>c.</span> <span class='ocrx_word' id='word_1_48' title='bbox 1507 666 1548 716; x_wconf 75' lang='lat'>44.</span> <span class='ocrx_word' id='word_1_49' title='bbox 1567 660 1705 729; x_wconf 71' lang='lat' dir='ltr'>referum,</span> <span class='ocrx_word' id='word_1_50' title='bbox 1723 680 1786 717; x_wconf 82' lang='lat' dir='ltr'>oum</span> <span class='ocrx_word' id='word_1_51' title='bbox 1862 666 1872 675; x_wconf 86' lang='lat'><em>&#39;</em></span> 
     </span>
    </p>
   </div>
   <div class='ocr_carea' id='block_1_3' title="bbox 10 746 1899 5677">
    <p class='ocr_par' dir='ltr' id='par_1_3' title="bbox 68 746 1788 861">
     <span class='ocr_line' id='line_1_5' title="bbox 68 746 1788 861; baseline 0.001 -57"><span class='ocrx_word' id='word_1_52' title='bbox 68 764 132 812; x_wconf 71' lang='lat' dir='ltr'>eo,</span> <span class='ocrx_word' id='word_1_53' title='bbox 157 748 234 819; x_wconf 86' lang='lat' dir='ltr'>quod</span> <span class='ocrx_word' id='word_1_54' title='bbox 258 747 444 802; x_wconf 75' lang='lat' dir='ltr'>Bellen-minus</span> <span class='ocrx_word' id='word_1_55' title='bbox 469 747 521 803; x_wconf 90' lang='lat' dir='ltr'>hoc</span> <span class='ocrx_word' id='word_1_56' title='bbox 546 746 607 803; x_wconf 92' lang='lat' dir='ltr'>loco</span> <span class='ocrx_word' id='word_1_57' title='bbox 634 748 747 803; x_wconf 77' lang='lat' dir='ltr'><strong>scribit:</strong></span> <span class='ocrx_word' id='word_1_58' title='bbox 785 748 939 861; x_wconf 73' lang='lat' dir='ltr'>Catholici,</span> <span class='ocrx_word' id='word_1_59' title='bbox 946 749 1061 817; x_wconf 83' lang='lat' dir='ltr'>publice</span> <span class='ocrx_word' id='word_1_60' title='bbox 1071 748 1139 803; x_wconf 86' lang='lat' dir='ltr'>olim</span> <span class='ocrx_word' id='word_1_61' title='bbox 1147 749 1314 802; x_wconf 81' lang='lat' dir='ltr'>recitaretur</span> <span class='ocrx_word' id='word_1_62' title='bbox 1326 749 1502 802; x_wconf 72' lang='lat' dir='ltr'>canonmob</span> <span class='ocrx_word' id='word_1_63' title='bbox 1512 749 1638 802; x_wconf 81' lang='lat' dir='ltr'>omnibsss</span> <span class='ocrx_word' id='word_1_64' title='bbox 1643 765 1699 817; x_wconf 87' lang='lat' dir='ltr'>per</span> <span class='ocrx_word' id='word_1_65' title='bbox 1708 768 1788 805; x_wconf 74' lang='lat' dir='ltr'>mam</span> 
     </span>
    </p>

    <p class='ocr_par' dir='ltr' id='par_1_4' title="bbox 57 833 1899 4683">
     <span class='ocr_line' id='line_1_6' title="bbox 57 833 1789 904; baseline 0.002 -16"><span class='ocrx_word' id='word_1_66' title='bbox 57 836 225 902; x_wconf 77' lang='lat' dir='ltr'>jaterstnr,</span> <span class='ocrx_word' id='word_1_67' title='bbox 242 850 337 887; x_wconf 87' lang='lat' dir='ltr'>ueram</span> <span class='ocrx_word' id='word_1_68' title='bbox 357 849 415 886; x_wconf 86' lang='lat' dir='ltr'>esse</span> <span class='ocrx_word' id='word_1_69' title='bbox 432 834 675 896; x_wconf 84' lang='lat' dir='ltr'>consecrationem,</span> <span class='ocrx_word' id='word_1_70' title='bbox 695 851 767 901; x_wconf 77' lang='lat' dir='ltr'>auae</span> <span class='ocrx_word' id='word_1_71' title='bbox 783 835 853 887; x_wconf 86' lang='lat' dir='ltr'>solis</span> <span class='ocrx_word' id='word_1_72' title='bbox 865 852 925 888; x_wconf 87' lang='lat' dir='ltr'>uer·</span> <span class='ocrx_word' id='word_1_73' title='bbox 936 882 939 904; x_wconf 77' lang='grc'>,</span> <span class='ocrx_word' id='word_1_74' title='bbox 951 835 1084 896; x_wconf 85' lang='lat' dir='ltr'>sciretur,</span> <span class='ocrx_word' id='word_1_75' title='bbox 1108 841 1238 902; x_wconf 82' lang='lat' dir='ltr'>pastores</span> <span class='ocrx_word' id='word_1_76' title='bbox 1261 849 1322 885; x_wconf 86' lang='lat' dir='ltr'>eum</span> <span class='ocrx_word' id='word_1_77' title='bbox 1344 833 1374 886; x_wconf 91' lang='lat' dir='ltr'>in</span> <span class='ocrx_word' id='word_1_78' title='bbox 1394 851 1465 903; x_wconf 76' lang='lat' dir='ltr'>apro</span> <span class='ocrx_word' id='word_1_79' title='bbox 1483 850 1569 903; x_wconf 84' lang='lat' dir='ltr'>saper</span> <span class='ocrx_word' id='word_1_80' title='bbox 1586 851 1690 904; x_wconf 83' lang='lat' dir='ltr'>panem</span> <span class='ocrx_word' id='word_1_81' title='bbox 1707 842 1733 890; x_wconf 85' lang='lat' dir='ltr'>et</span> <span class='ocrx_word' id='word_1_82' title='bbox 1749 837 1789 891; x_wconf 81' lang='lat' dir='ltr'>n·-</span> 
     </span>
     <span class='ocr_line' id='line_1_7' title="bbox 79 917 1787 994; baseline -0.001 -19"><span class='ocrx_word' id='word_1_83' title='bbox 79 920 127 975; x_wconf 76' lang='lat' dir='ltr'>on</span> <span class='ocrx_word' id='word_1_84' title='bbox 152 918 336 974; x_wconf 82' lang='lat' dir='ltr'>institutionis</span> <span class='ocrx_word' id='word_1_85' title='bbox 354 918 459 987; x_wconf 71' lang='lat' dir='ltr'>fieret!</span> <span class='ocrx_word' id='word_1_86' title='bbox 492 917 530 971; x_wconf 86' lang='lat' dir='ltr'>Et</span> <span class='ocrx_word' id='word_1_87' title='bbox 546 935 570 972; x_wconf 90' lang='lat' dir='ltr'>c.</span> <span class='ocrx_word' id='word_1_88' title='bbox 591 923 632 974; x_wconf 81' lang='grc'>14.</span> <span class='ocrx_word' id='word_1_89' title='bbox 652 920 793 989; x_wconf 81' lang='lat' dir='ltr'>praeced:</span> <span class='ocrx_word' id='word_1_90' title='bbox 832 920 1016 994; x_wconf 57' lang='lat' dir='ltr'>Verbassnum</span> <span class='ocrx_word' id='word_1_91' title='bbox 1033 920 1153 982; x_wconf 68' lang='lat' dir='ltr'>dinero,</span> <span class='ocrx_word' id='word_1_92' title='bbox 1179 936 1213 972; x_wconf 86' lang='lat' dir='ltr'>oe</span> <span class='ocrx_word' id='word_1_93' title='bbox 1233 926 1298 972; x_wconf 89' lang='lat' dir='ltr'>tunc</span> <span class='ocrx_word' id='word_1_94' title='bbox 1317 925 1430 988; x_wconf 84' lang='lat' dir='ltr'>repente</span> <span class='ocrx_word' id='word_1_95' title='bbox 1448 936 1563 974; x_wconf 84' lang='lat' dir='ltr'>carnem</span> <span class='ocrx_word' id='word_1_96' title='bbox 1581 921 1787 989; x_wconf 68' lang='lat' dir='ltr'>memorarem</span> 
     </span>
     <span class='ocr_line' id='line_1_8' title="bbox 81 1004 1787 1076; baseline 0.001 -18"><span class='ocrx_word' id='word_1_97' title='bbox 81 1021 157 1076; x_wconf 75' lang='lat' dir='ltr'>qaae</span> <span class='ocrx_word' id='word_1_98' title='bbox 180 1004 350 1076; x_wconf 69' lang='lat' dir='ltr'>mhrpliciter</span> <span class='ocrx_word' id='word_1_99' title='bbox 366 1004 528 1058; x_wconf 74' lang='lat' dir='ltr'>recusaria</span> <span class='ocrx_word' id='word_1_100' title='bbox 544 1011 608 1058; x_wconf 73' lang='lat' dir='ltr'>enm</span> <span class='ocrx_word' id='word_1_101' title='bbox 625 1007 667 1058; x_wconf 87' lang='lat' dir='ltr'>ad</span> <span class='ocrx_word' id='word_1_102' title='bbox 683 1008 925 1071; x_wconf 75' lang='lat' dir='ltr'>eoruecrationem,</span> <span class='ocrx_word' id='word_1_103' title='bbox 951 1013 1015 1058; x_wconf 87' lang='lat' dir='ltr'>anto</span> <span class='ocrx_word' id='word_1_104' title='bbox 1034 1021 1064 1058; x_wconf 85' lang='lat' dir='ltr'>re</span> <span class='ocrx_word' id='word_1_105' title='bbox 1084 1005 1222 1059; x_wconf 85' lang='lat' dir='ltr'>inuenisse</span> <span class='ocrx_word' id='word_1_106' title='bbox 1241 1011 1325 1073; x_wconf 74' lang='lat' dir='ltr'>atque</span> <span class='ocrx_word' id='word_1_107' title='bbox 1341 1005 1409 1057; x_wconf 84' lang='lat' dir='ltr'>inde</span> <span class='ocrx_word' id='word_1_108' title='bbox 1427 1004 1560 1058; x_wconf 70' lang='lat' dir='ltr'>dioindus</span> <span class='ocrx_word' id='word_1_109' title='bbox 1576 1020 1726 1074; x_wconf 75' lang='lat' dir='ltr'>pomussos</span> <span class='ocrx_word' id='word_1_110' title='bbox 1745 1007 1787 1060; x_wconf 82' lang='lat' dir='ltr'>irs·</span> 
     </span>
     <span class='ocr_line' id='line_1_9' title="bbox 84 1089 1891 1159; baseline 0.001 -14"><span class='ocrx_word' id='word_1_111' title='bbox 84 1098 149 1145; x_wconf 68' lang='lat' dir='ltr'>eut</span> <span class='ocrx_word' id='word_1_112' title='bbox 172 1090 229 1145; x_wconf 78' lang='lat' dir='ltr'>illa</span> <span class='ocrx_word' id='word_1_113' title='bbox 248 1097 374 1144; x_wconf 70' lang='lat' dir='ltr'>mutum:</span> <span class='ocrx_word' id='word_1_114' title='bbox 410 1091 473 1144; x_wconf 86' lang='lat' dir='ltr'>Hoc</span> <span class='ocrx_word' id='word_1_115' title='bbox 493 1098 533 1143; x_wconf 81' lang='lat' dir='ltr'>est</span> <span class='ocrx_word' id='word_1_116' title='bbox 550 1107 653 1159; x_wconf 83' lang='lat' dir='ltr'>corpus</span> <span class='ocrx_word' id='word_1_117' title='bbox 671 1108 759 1145; x_wconf 74' lang='lat' dir='ltr'>ineam</span> <span class='ocrx_word' id='word_1_118' title='bbox 778 1100 804 1146; x_wconf 87' lang='lat' dir='ltr'>st</span> <span class='ocrx_word' id='word_1_119' title='bbox 821 1093 866 1145; x_wconf 83' lang='lat' dir='ltr'>bic</span> <span class='ocrx_word' id='word_1_120' title='bbox 884 1099 924 1146; x_wconf 85' lang='lat' dir='ltr'>est</span> <span class='ocrx_word' id='word_1_121' title='bbox 951 1090 1073 1157; x_wconf 84' lang='lat' dir='ltr'>teriirse,</span> <span class='ocrx_word' id='word_1_122' title='bbox 1097 1092 1256 1143; x_wconf 72' lang='lat' dir='ltr'>crederesne</span> <span class='ocrx_word' id='word_1_123' title='bbox 1275 1089 1351 1143; x_wconf 85' lang='lat' dir='ltr'>occis</span> <span class='ocrx_word' id='word_1_124' title='bbox 1370 1089 1520 1142; x_wconf 87' lang='lat' dir='ltr'>submissae</span> <span class='ocrx_word' id='word_1_125' title='bbox 1540 1090 1569 1142; x_wconf 85' lang='lat' dir='ltr'>ia</span> <span class='ocrx_word' id='word_1_126' title='bbox 1585 1107 1693 1144; x_wconf 85' lang='lat' dir='ltr'>conone</span> <span class='ocrx_word' id='word_1_127' title='bbox 1711 1099 1790 1147; x_wconf 83' lang='lat' dir='ltr'>ortus</span> <span class='ocrx_word' id='word_1_128' title='bbox 1879 1108 1891 1129; x_wconf 91' lang='grc'><strong><em>·</em></strong></span> 
     </span>
     <span class='ocr_line' id='line_1_10' title="bbox 85 1175 1788 1245; baseline 0.001 -15"><span class='ocrx_word' id='word_1_129' title='bbox 85 1177 202 1245; x_wconf 63' lang='lat' dir='ltr'>raam</span> <span class='ocrx_word' id='word_1_130' title='bbox 232 1193 320 1243; x_wconf 78' lang='lat' dir='ltr'>meas,</span> <span class='ocrx_word' id='word_1_131' title='bbox 356 1176 469 1245; x_wconf 77' lang='lat' dir='ltr'>relique</span> <span class='ocrx_word' id='word_1_132' title='bbox 499 1177 593 1231; x_wconf 75' lang='lat' dir='ltr'>mania</span> <span class='ocrx_word' id='word_1_133' title='bbox 623 1177 676 1230; x_wconf 81' lang='lat' dir='ltr'>etei</span> <span class='ocrx_word' id='word_1_134' title='bbox 712 1178 773 1231; x_wconf 87' lang='lat' dir='ltr'>dici</span> <span class='ocrx_word' id='word_1_135' title='bbox 806 1179 926 1232; x_wconf 69' lang='lat' dir='ltr'>debeam</span> <span class='ocrx_word' id='word_1_136' title='bbox 950 1178 996 1233; x_wconf 76' lang='lat' dir='ltr'>ert.</span> <span class='ocrx_word' id='word_1_137' title='bbox 1032 1183 1054 1231; x_wconf 79' lang='grc'>7.</span> <span class='ocrx_word' id='word_1_138' title='bbox 1079 1175 1159 1241; x_wconf 83' lang='lat' dir='ltr'>Quod</span> <span class='ocrx_word' id='word_1_139' title='bbox 1184 1193 1217 1228; x_wconf 80' lang='lat' dir='ltr'>en</span> <span class='ocrx_word' id='word_1_140' title='bbox 1234 1176 1389 1230; x_wconf 73' lang='lat' dir='ltr'>traditione</span> <span class='ocrx_word' id='word_1_141' title='bbox 1405 1176 1641 1230; x_wconf 74' lang='lat' dir='ltr'>cornecrationem</span> <span class='ocrx_word' id='word_1_142' title='bbox 1657 1186 1788 1232; x_wconf 74' lang='lat' dir='ltr'>conmare</span> 
     </span>
     <span class='ocr_line' id='line_1_11' title="bbox 81 1260 1872 1333; baseline 0.002 -16"><span class='ocrx_word' id='word_1_143' title='bbox 81 1264 167 1331; x_wconf 74' lang='lat' dir='ltr'>justa</span> <span class='ocrx_word' id='word_1_144' title='bbox 195 1278 330 1317; x_wconf 77' lang='lat' dir='ltr'>canonem</span> <span class='ocrx_word' id='word_1_145' title='bbox 357 1263 394 1316; x_wconf 93' lang='lat' dir='ltr'>ab</span> <span class='ocrx_word' id='word_1_146' title='bbox 419 1263 538 1317; x_wconf 74' lang='lat' dir='ltr'>walerio</span> <span class='ocrx_word' id='word_1_147' title='bbox 563 1263 719 1317; x_wconf 74' lang='lat' dir='ltr'>instinctum</span> <span class='ocrx_word' id='word_1_148' title='bbox 743 1271 769 1316; x_wconf 85' lang='lat' dir='ltr'>et</span> <span class='ocrx_word' id='word_1_149' title='bbox 787 1264 848 1317; x_wconf 87' lang='lat' dir='ltr'>sine</span> <span class='ocrx_word' id='word_1_150' title='bbox 857 1280 924 1332; x_wconf 86' lang='lat' dir='ltr'>pec·</span> <span class='ocrx_word' id='word_1_151' title='bbox 950 1270 1086 1316; x_wconf 86' lang='lat' dir='ltr'>asserunt.</span> <span class='ocrx_word' id='word_1_152' title='bbox 1121 1261 1265 1317; x_wconf 77' lang='lat' dir='ltr'>iohannes</span> <span class='ocrx_word' id='word_1_153' title='bbox 1295 1261 1441 1331; x_wconf 80' lang='lat' dir='ltr'>episeopus</span> <span class='ocrx_word' id='word_1_154' title='bbox 1463 1260 1602 1316; x_wconf 67' lang='lat' dir='ltr'>Mensis</span> <span class='ocrx_word' id='word_1_155' title='bbox 1625 1262 1655 1317; x_wconf 92' lang='lat' dir='ltr'>in</span> <span class='ocrx_word' id='word_1_156' title='bbox 1678 1263 1786 1321; x_wconf 77' lang='lat' dir='ltr'>defens.</span> <span class='ocrx_word' id='word_1_157' title='bbox 1869 1328 1872 1333; x_wconf 26' lang='lat'><strong>¹</strong></span> 
     </span>
     <span class='ocr_line' id='line_1_12' title="bbox 87 1344 1786 1420; baseline 0.002 -17"><span class='ocrx_word' id='word_1_158' title='bbox 87 1355 150 1403; x_wconf 84' lang='lat' dir='ltr'>coto</span> <span class='ocrx_word' id='word_1_159' title='bbox 174 1349 269 1402; x_wconf 71' lang='lat' dir='ltr'>omdti</span> <span class='ocrx_word' id='word_1_160' title='bbox 287 1366 342 1403; x_wconf 90' lang='lat' dir='ltr'>non</span> <span class='ocrx_word' id='word_1_161' title='bbox 355 1349 483 1417; x_wconf 75' lang='lat' dir='ltr'>porcine,</span> <span class='ocrx_word' id='word_1_162' title='bbox 508 1356 601 1402; x_wconf 82' lang='lat' dir='ltr'>tanren</span> <span class='ocrx_word' id='word_1_163' title='bbox 619 1365 675 1402; x_wconf 82' lang='lat' dir='ltr'>aon</span> <span class='ocrx_word' id='word_1_164' title='bbox 692 1356 756 1402; x_wconf 86' lang='lat' dir='ltr'>sunt</span> <span class='ocrx_word' id='word_1_165' title='bbox 774 1349 815 1402; x_wconf 86' lang='lat' dir='ltr'>ita</span> <span class='ocrx_word' id='word_1_166' title='bbox 832 1365 923 1402; x_wconf 83' lang='lat' dir='ltr'>neces·</span> <span class='ocrx_word' id='word_1_167' title='bbox 950 1347 1043 1418; x_wconf 84' lang='lat' dir='ltr'>regiae</span> <span class='ocrx_word' id='word_1_168' title='bbox 1074 1347 1232 1402; x_wconf 74' lang='lat' dir='ltr'>assertionis</span> <span class='ocrx_word' id='word_1_169' title='bbox 1260 1353 1333 1402; x_wconf 80' lang='lat' dir='ltr'>cont</span> <span class='ocrx_word' id='word_1_170' title='bbox 1359 1345 1406 1402; x_wconf 94' lang='lat' dir='ltr'>lib.</span> <span class='ocrx_word' id='word_1_171' title='bbox 1434 1344 1518 1403; x_wconf 73' lang='lat' dir='ltr'>Iasth.</span> <span class='ocrx_word' id='word_1_172' title='bbox 1538 1346 1573 1402; x_wconf 88' lang='lat' dir='ltr'>de</span> <span class='ocrx_word' id='word_1_173' title='bbox 1592 1355 1665 1418; x_wconf 81' lang='lat' dir='ltr'>capt</span> <span class='ocrx_word' id='word_1_174' title='bbox 1684 1348 1786 1420; x_wconf 83' lang='lat' dir='ltr'>Bahyl</span> 
     </span>
     <span class='ocr_line' id='line_1_13' title="bbox 87 1434 1787 1504; baseline 0.001 -15"><span class='ocrx_word' id='word_1_175' title='bbox 87 1435 182 1503; x_wconf 84' lang='lat' dir='ltr'>saria,</span> <span class='ocrx_word' id='word_1_176' title='bbox 195 1442 228 1488; x_wconf 80' lang='lat' dir='ltr'>ut</span> <span class='ocrx_word' id='word_1_177' title='bbox 245 1435 306 1488; x_wconf 63' lang='lat' dir='ltr'>sene</span> <span class='ocrx_word' id='word_1_178' title='bbox 324 1434 385 1489; x_wconf 81' lang='lat' dir='ltr'>iilis</span> <span class='ocrx_word' id='word_1_179' title='bbox 401 1435 576 1488; x_wconf 85' lang='lat' dir='ltr'>consecratio</span> <span class='ocrx_word' id='word_1_180' title='bbox 595 1453 651 1487; x_wconf 89' lang='lat' dir='ltr'>non</span> <span class='ocrx_word' id='word_1_181' title='bbox 668 1435 753 1499; x_wconf 72' lang='lat' dir='ltr'>fieret.</span> <span class='ocrx_word' id='word_1_182' title='bbox 789 1434 923 1490; x_wconf 90' lang='lat' dir='ltr'>Innocen-</span> <span class='ocrx_word' id='word_1_183' title='bbox 950 1435 990 1489; x_wconf 89' lang='lat' dir='ltr'>sic</span> <span class='ocrx_word' id='word_1_184' title='bbox 1008 1434 1119 1489; x_wconf 87' lang='lat' dir='ltr'>scribit:</span> <span class='ocrx_word' id='word_1_185' title='bbox 1136 1465 1138 1469; x_wconf 21' lang='grc' dir='ltr'><strong><em>Δ</em></strong></span> <span class='ocrx_word' id='word_1_186' title='bbox 1155 1435 1214 1490; x_wconf 81' lang='lat' dir='ltr'>Sed</span> <span class='ocrx_word' id='word_1_187' title='bbox 1226 1436 1312 1504; x_wconf 82' lang='lat' dir='ltr'>prius</span> <span class='ocrx_word' id='word_1_188' title='bbox 1329 1434 1407 1488; x_wconf 82' lang='lat' dir='ltr'>iilud</span> <span class='ocrx_word' id='word_1_189' title='bbox 1424 1435 1625 1501; x_wconf 69' lang='lat' dir='ltr'>eporediamur</span> <span class='ocrx_word' id='word_1_190' title='bbox 1643 1442 1670 1488; x_wconf 82' lang='lat' dir='ltr'>st</span> <span class='ocrx_word' id='word_1_191' title='bbox 1687 1438 1787 1491; x_wconf 83' lang='lat' dir='ltr'>docea-</span> 
     </span>
     <span class='ocr_line' id='line_1_14' title="bbox 88 1519 1787 1592; baseline 0 -15"><span class='ocrx_word' id='word_1_192' title='bbox 88 1522 141 1577; x_wconf 86' lang='lat' dir='ltr'>tias</span> <span class='ocrx_word' id='word_1_193' title='bbox 159 1519 215 1576; x_wconf 80' lang='lat' dir='ltr'>HL</span> <span class='ocrx_word' id='word_1_194' title='bbox 234 1520 392 1592; x_wconf 83' lang='lat' dir='ltr'>quaesitus,</span> <span class='ocrx_word' id='word_1_195' title='bbox 418 1537 482 1574; x_wconf 89' lang='lat' dir='ltr'>eum</span> <span class='ocrx_word' id='word_1_196' title='bbox 501 1519 688 1592; x_wconf 84' lang='lat' dir='ltr'>evangelistae</span> <span class='ocrx_word' id='word_1_197' title='bbox 705 1536 762 1575; x_wconf 90' lang='lat' dir='ltr'>non</span> <span class='ocrx_word' id='word_1_198' title='bbox 777 1524 923 1590; x_wconf 72' lang='lat' dir='ltr'>testentur,</span> <span class='ocrx_word' id='word_1_199' title='bbox 950 1539 1023 1587; x_wconf 76' lang='lat' dir='ltr'>snus,</span> <span class='ocrx_word' id='word_1_200' title='bbox 1053 1523 1129 1589; x_wconf 75' lang='lat' dir='ltr'>qnod</span> <span class='ocrx_word' id='word_1_201' title='bbox 1151 1522 1224 1574; x_wconf 88' lang='lat' dir='ltr'>citra</span> <span class='ocrx_word' id='word_1_202' title='bbox 1243 1527 1360 1589; x_wconf 69' lang='lat' dir='ltr'>patrium</span> <span class='ocrx_word' id='word_1_203' title='bbox 1384 1520 1640 1588; x_wconf 79' lang='lat' dir='ltr'>interpretationem</span> <span class='ocrx_word' id='word_1_204' title='bbox 1661 1529 1686 1575; x_wconf 85' lang='lat' dir='ltr'>et</span> <span class='ocrx_word' id='word_1_205' title='bbox 1706 1540 1787 1577; x_wconf 80' lang='lat' dir='ltr'>asum</span> 
     </span>
     <span class='ocr_line' id='line_1_15' title="bbox 89 1605 1786 1677; baseline -0.002 -14"><span class='ocrx_word' id='word_1_206' title='bbox 89 1605 229 1663; x_wconf 67' lang='grc' dir='ltr'>(Μιιιωπ</span> <span class='ocrx_word' id='word_1_207' title='bbox 246 1606 298 1660; x_wconf 86' lang='lat' dir='ltr'>boo</span> <span class='ocrx_word' id='word_1_208' title='bbox 315 1605 431 1673; x_wconf 71' lang='lat' dir='ltr'>amere,</span> <span class='ocrx_word' id='word_1_209' title='bbox 458 1607 535 1674; x_wconf 76' lang='lat' dir='ltr'>qnod</span> <span class='ocrx_word' id='word_1_210' title='bbox 552 1605 582 1658; x_wconf 91' lang='lat' dir='ltr'>in</span> <span class='ocrx_word' id='word_1_211' title='bbox 600 1622 706 1659; x_wconf 81' lang='lat' dir='ltr'>canone</span> <span class='ocrx_word' id='word_1_212' title='bbox 722 1607 824 1659; x_wconf 84' lang='lat' dir='ltr'>missae</span> <span class='ocrx_word' id='word_1_213' title='bbox 841 1605 922 1658; x_wconf 85' lang='lat' dir='ltr'>habe·</span> <span class='ocrx_word' id='word_1_214' title='bbox 950 1607 986 1658; x_wconf 89' lang='lat' dir='ltr'>ab</span> <span class='ocrx_word' id='word_1_215' title='bbox 1012 1607 1118 1660; x_wconf 85' lang='lat' dir='ltr'>eisdem</span> <span class='ocrx_word' id='word_1_216' title='bbox 1147 1607 1227 1661; x_wconf 86' lang='lat' dir='ltr'>nobis</span> <span class='ocrx_word' id='word_1_217' title='bbox 1250 1607 1387 1660; x_wconf 83' lang='lat' dir='ltr'>traditum</span> <span class='ocrx_word' id='word_1_218' title='bbox 1409 1622 1489 1659; x_wconf 88' lang='lat' dir='ltr'>nemo</span> <span class='ocrx_word' id='word_1_219' title='bbox 1506 1606 1641 1675; x_wconf 83' lang='lat' dir='ltr'>probabit</span> <span class='ocrx_word' id='word_1_220' title='bbox 1663 1622 1696 1660; x_wconf 81' lang='lat' dir='ltr'>ee</span> <span class='ocrx_word' id='word_1_221' title='bbox 1716 1608 1786 1677; x_wconf 78' lang='lat' dir='ltr'>spois</span> 
     </span>
     <span class='ocr_line' id='line_1_16' title="bbox 88 1691 1786 1762; baseline 0.001 -16"><span class='ocrx_word' id='word_1_222' title='bbox 88 1700 146 1757; x_wconf 83' lang='lat' dir='ltr'>tur,</span> <span class='ocrx_word' id='word_1_223' title='bbox 181 1693 321 1762; x_wconf 71' lang='lat' dir='ltr'>quomodo</span> <span class='ocrx_word' id='word_1_224' title='bbox 347 1691 453 1761; x_wconf 76' lang='lat' dir='ltr'>aliquis</span> <span class='ocrx_word' id='word_1_225' title='bbox 481 1707 642 1746; x_wconf 81' lang='lat' dir='ltr'>asseuerare</span> <span class='ocrx_word' id='word_1_226' title='bbox 671 1691 831 1759; x_wconf 81' lang='lat' dir='ltr'>tentaverit,</span> <span class='ocrx_word' id='word_1_227' title='bbox 861 1707 922 1744; x_wconf 90' lang='lat' dir='ltr'>enm</span> <span class='ocrx_word' id='word_1_228' title='bbox 952 1693 1034 1745; x_wconf 82' lang='lat' dir='ltr'>nudis</span> <span class='ocrx_word' id='word_1_229' title='bbox 1059 1692 1151 1745; x_wconf 83' lang='lat' dir='ltr'>verbis</span> <span class='ocrx_word' id='word_1_230' title='bbox 1174 1692 1329 1759; x_wconf 79' lang='lat' dir='ltr'>eoanpeiii,</span> <span class='ocrx_word' id='word_1_231' title='bbox 1353 1693 1529 1745; x_wconf 81' lang='lat' dir='ltr'>sacerdotem</span> <span class='ocrx_word' id='word_1_232' title='bbox 1559 1693 1717 1761; x_wconf 71' lang='lat' dir='ltr'>qnempiam</span> <span class='ocrx_word' id='word_1_233' title='bbox 1741 1692 1786 1748; x_wconf 82' lang='lat' dir='ltr'>bis</span> 
     </span>
     <span class='ocr_line' id='line_1_17' title="bbox 85 1775 1787 1848; baseline 0 -15"><span class='ocrx_word' id='word_1_234' title='bbox 85 1779 150 1848; x_wconf 73' lang='lat' dir='ltr'>pius</span> <span class='ocrx_word' id='word_1_235' title='bbox 167 1778 274 1833; x_wconf 62' lang='lat' dir='ltr'>Mese</span> <span class='ocrx_word' id='word_1_236' title='bbox 293 1795 377 1847; x_wconf 78' lang='lat' dir='ltr'>qaam</span> <span class='ocrx_word' id='word_1_237' title='bbox 395 1778 501 1846; x_wconf 77' lang='lat' dir='ltr'>aliquis</span> <span class='ocrx_word' id='word_1_238' title='bbox 519 1778 755 1845; x_wconf 67' lang='lat' dir='ltr'>evangelistarum</span> <span class='ocrx_word' id='word_1_239' title='bbox 777 1785 922 1832; x_wconf 78' lang='lat' dir='ltr'>amoveret.</span> <span class='ocrx_word' id='word_1_240' title='bbox 949 1777 1118 1847; x_wconf 75' lang='lat' dir='ltr'>temporibus</span> <span class='ocrx_word' id='word_1_241' title='bbox 1146 1793 1240 1830; x_wconf 86' lang='lat' dir='ltr'>reram</span> <span class='ocrx_word' id='word_1_242' title='bbox 1270 1775 1377 1830; x_wconf 81' lang='lat' dir='ltr'>Christi</span> <span class='ocrx_word' id='word_1_243' title='bbox 1412 1792 1528 1830; x_wconf 88' lang='lat' dir='ltr'>carnem</span> <span class='ocrx_word' id='word_1_244' title='bbox 1563 1783 1589 1831; x_wconf 81' lang='lat' dir='ltr'>et</span> <span class='ocrx_word' id='word_1_245' title='bbox 1620 1779 1787 1848; x_wconf 67' lang='lat' dir='ltr'>sanquinem</span> 
     </span>
     <span class='ocr_line' id='line_1_18' title="bbox 90 1861 1789 1933; baseline -0.001 -13"><span class='ocrx_word' id='word_1_246' title='bbox 90 1882 111 1920; x_wconf 91' lang='lat' dir='ltr'>c.</span> <span class='ocrx_word' id='word_1_247' title='bbox 133 1880 199 1920; x_wconf 84' lang='lat' dir='ltr'>cum</span> <span class='ocrx_word' id='word_1_248' title='bbox 216 1862 352 1919; x_wconf 80' lang='lat' dir='ltr'>Marthae.</span> <span class='ocrx_word' id='word_1_249' title='bbox 378 1869 456 1918; x_wconf 82' lang='lat' dir='ltr'>extra</span> <span class='ocrx_word' id='word_1_250' title='bbox 477 1862 511 1918; x_wconf 92' lang='lat' dir='ltr'>de</span> <span class='ocrx_word' id='word_1_251' title='bbox 530 1862 631 1919; x_wconf 75' lang='lat' dir='ltr'>oelebr.</span> <span class='ocrx_word' id='word_1_252' title='bbox 650 1863 795 1917; x_wconf 88' lang='lat' dir='ltr'>missarum</span> <span class='ocrx_word' id='word_1_253' title='bbox 813 1861 851 1916; x_wconf 87' lang='lat' dir='ltr'>ad</span> <span class='ocrx_word' id='word_1_254' title='bbox 868 1869 922 1918; x_wconf 74' lang='lat' dir='ltr'>tra</span> <span class='ocrx_word' id='word_1_255' title='bbox 948 1879 1120 1917; x_wconf 87' lang='lat' dir='ltr'>consecrare.</span> <span class='ocrx_word' id='word_1_256' title='bbox 1165 1861 1288 1917; x_wconf 79' lang='lat' dir='ltr'>Ibidemt</span> <span class='ocrx_word' id='word_1_257' title='bbox 1325 1862 1403 1915; x_wconf 89' lang='lat' dir='ltr'>Nam</span> <span class='ocrx_word' id='word_1_258' title='bbox 1429 1862 1482 1914; x_wconf 86' lang='lat' dir='ltr'>otri</span> <span class='ocrx_word' id='word_1_259' title='bbox 1507 1861 1634 1917; x_wconf 81' lang='lat' dir='ltr'>Christus</span> <span class='ocrx_word' id='word_1_260' title='bbox 1657 1880 1690 1917; x_wconf 83' lang='lat' dir='ltr'>en</span> <span class='ocrx_word' id='word_1_261' title='bbox 1709 1878 1789 1933; x_wconf 89' lang='lat' dir='ltr'>pane</span> 
     </span>
     <span class='ocr_line' id='line_1_19' title="bbox 90 1948 1788 2020; baseline -0.002 -15"><span class='ocrx_word' id='word_1_262' title='bbox 90 1949 221 2006; x_wconf 79' lang='lat' dir='ltr'>ditionem</span> <span class='ocrx_word' id='word_1_263' title='bbox 247 1948 389 2020; x_wconf 73' lang='lat' dir='ltr'>confugit,</span> <span class='ocrx_word' id='word_1_264' title='bbox 422 1948 520 2004; x_wconf 86' lang='lat' dir='ltr'>statuit</span> <span class='ocrx_word' id='word_1_265' title='bbox 549 1949 634 2020; x_wconf 88' lang='lat' dir='ltr'>igitur</span> <span class='ocrx_word' id='word_1_266' title='bbox 659 1948 799 2004; x_wconf 82' lang='lat' dir='ltr'>Christum</span> <span class='ocrx_word' id='word_1_267' title='bbox 824 1948 923 2005; x_wconf 88' lang='lat' dir='ltr'>iisdem</span> <span class='ocrx_word' id='word_1_268' title='bbox 949 1965 1062 2003; x_wconf 86' lang='lat' dir='ltr'>carnem</span> <span class='ocrx_word' id='word_1_269' title='bbox 1086 1966 1167 2002; x_wconf 76' lang='lat' dir='ltr'>mam</span> <span class='ocrx_word' id='word_1_270' title='bbox 1194 1956 1220 2002; x_wconf 87' lang='lat' dir='ltr'>et</span> <span class='ocrx_word' id='word_1_271' title='bbox 1244 1964 1276 2001; x_wconf 83' lang='lat' dir='ltr'>en</span> <span class='ocrx_word' id='word_1_272' title='bbox 1299 1948 1364 2002; x_wconf 85' lang='lat' dir='ltr'>uino</span> <span class='ocrx_word' id='word_1_273' title='bbox 1381 1948 1548 2016; x_wconf 73' lang='lat' dir='ltr'>sanquinem</span> <span class='ocrx_word' id='word_1_274' title='bbox 1564 1950 1701 2018; x_wconf 75' lang='lat' dir='ltr'>effecerit,</span> <span class='ocrx_word' id='word_1_275' title='bbox 1730 1968 1788 2006; x_wconf 75' lang='lat' dir='ltr'>noa</span> 
     </span>
     <span class='ocr_line' id='line_1_20' title="bbox 90 2033 1786 2107; baseline 0 -18"><span class='ocrx_word' id='word_1_276' title='bbox 90 2035 180 2091; x_wconf 78' lang='lat' dir='ltr'>verbis</span> <span class='ocrx_word' id='word_1_277' title='bbox 202 2053 297 2103; x_wconf 88' lang='lat' dir='ltr'>usum,</span> <span class='ocrx_word' id='word_1_278' title='bbox 322 2034 424 2107; x_wconf 89' lang='lat' dir='ltr'>quibus</span> <span class='ocrx_word' id='word_1_279' title='bbox 442 2035 471 2089; x_wconf 93' lang='lat' dir='ltr'>in</span> <span class='ocrx_word' id='word_1_280' title='bbox 491 2050 597 2090; x_wconf 86' lang='lat' dir='ltr'>canone</span> <span class='ocrx_word' id='word_1_281' title='bbox 613 2035 714 2090; x_wconf 87' lang='lat' dir='ltr'>missae</span> <span class='ocrx_word' id='word_1_282' title='bbox 734 2034 816 2090; x_wconf 88' lang='lat' dir='ltr'>hodie</span> <span class='ocrx_word' id='word_1_283' title='bbox 835 2051 922 2090; x_wconf 66' lang='lat' dir='ltr'>secer</span> <span class='ocrx_word' id='word_1_284' title='bbox 945 2037 983 2093; x_wconf 81' lang='lat' dir='ltr'>ab</span> <span class='ocrx_word' id='word_1_285' title='bbox 1003 2036 1036 2088; x_wconf 82' lang='lat' dir='ltr'>id</span> <span class='ocrx_word' id='word_1_286' title='bbox 1054 2034 1243 2103; x_wconf 81' lang='lat' dir='ltr'>consequitur,</span> <span class='ocrx_word' id='word_1_287' title='bbox 1270 2033 1372 2086; x_wconf 67' lang='lat' dir='ltr'>nutum</span> <span class='ocrx_word' id='word_1_288' title='bbox 1393 2033 1518 2102; x_wconf 71' lang='lat' dir='ltr'>merja</span> <span class='ocrx_word' id='word_1_289' title='bbox 1535 2034 1614 2088; x_wconf 83' lang='lat' dir='ltr'>uerbi</span> <span class='ocrx_word' id='word_1_290' title='bbox 1629 2035 1675 2089; x_wconf 86' lang='lat' dir='ltr'>bie</span> <span class='ocrx_word' id='word_1_291' title='bbox 1688 2037 1786 2105; x_wconf 79' lang='lat' dir='ltr'>positi,</span> 
     </span>
     <span class='ocr_line' id='line_1_21' title="bbox 91 2117 1795 2191; baseline -0.001 -14"><span class='ocrx_word' id='word_1_292' title='bbox 91 2121 139 2177; x_wconf 91' lang='lat' dir='ltr'>dos</span> <span class='ocrx_word' id='word_1_293' title='bbox 165 2121 268 2189; x_wconf 83' lang='lat' dir='ltr'>utitur,</span> <span class='ocrx_word' id='word_1_294' title='bbox 297 2120 363 2177; x_wconf 89' lang='lat' dir='ltr'>licet</span> <span class='ocrx_word' id='word_1_295' title='bbox 389 2120 578 2191; x_wconf 75' lang='lat' dir='ltr'>evengelistae</span> <span class='ocrx_word' id='word_1_296' title='bbox 604 2120 656 2175; x_wconf 93' lang='lat' dir='ltr'>hoc</span> <span class='ocrx_word' id='word_1_297' title='bbox 684 2137 740 2175; x_wconf 92' lang='lat' dir='ltr'>non</span> <span class='ocrx_word' id='word_1_298' title='bbox 760 2120 922 2191; x_wconf 86' lang='lat' dir='ltr'>exprimant.</span> <span class='ocrx_word' id='word_1_299' title='bbox 949 2122 1056 2189; x_wconf 78' lang='lat' dir='ltr'>quoties</span> <span class='ocrx_word' id='word_1_300' title='bbox 1076 2121 1109 2173; x_wconf 82' lang='lat' dir='ltr'>id</span> <span class='ocrx_word' id='word_1_301' title='bbox 1126 2120 1233 2189; x_wconf 76' lang='lat' dir='ltr'>nepotii</span> <span class='ocrx_word' id='word_1_302' title='bbox 1249 2117 1461 2185; x_wconf 78' lang='lat' dir='ltr'>tentaverimus,</span> <span class='ocrx_word' id='word_1_303' title='bbox 1480 2119 1513 2172; x_wconf 84' lang='lat' dir='ltr'>id</span> <span class='ocrx_word' id='word_1_304' title='bbox 1530 2120 1623 2188; x_wconf 66' lang='lat' dir='ltr'>msam</span> <span class='ocrx_word' id='word_1_305' title='bbox 1641 2123 1795 2191; x_wconf 68' lang='lat' dir='ltr'>effecturos</span> 
     </span>
     <span class='ocr_line' id='line_1_22' title="bbox 90 2198 1788 2277; baseline -0.001 -14"><span class='ocrx_word' id='word_1_306' title='bbox 90 2207 233 2272; x_wconf 80' lang='lat' dir='ltr'>Quomodo</span> <span class='ocrx_word' id='word_1_307' title='bbox 263 2198 350 2277; x_wconf 86' lang='lat' dir='ltr'>igitur</span> <span class='ocrx_word' id='word_1_308' title='bbox 379 2206 428 2261; x_wconf 88' lang='lat' dir='ltr'>illa</span> <span class='ocrx_word' id='word_1_309' title='bbox 458 2207 648 2260; x_wconf 86' lang='lat' dir='ltr'>tantummodo</span> <span class='ocrx_word' id='word_1_310' title='bbox 669 2207 754 2262; x_wconf 87' lang='lat' dir='ltr'>verba</span> <span class='ocrx_word' id='word_1_311' title='bbox 778 2212 859 2261; x_wconf 89' lang='lat' dir='ltr'>erunt</span> <span class='ocrx_word' id='word_1_312' title='bbox 887 2206 923 2262; x_wconf 91' lang='lat' dir='ltr'>de</span> <span class='ocrx_word' id='word_1_313' title='bbox 948 2212 1000 2261; x_wconf 87' lang='lat' dir='ltr'>etc.</span> <span class='ocrx_word' id='word_1_314' title='bbox 1028 2208 1094 2260; x_wconf 88' lang='lat' dir='ltr'>Non</span> <span class='ocrx_word' id='word_1_315' title='bbox 1102 2213 1196 2276; x_wconf 83' lang='lat' dir='ltr'>potest</span> <span class='ocrx_word' id='word_1_316' title='bbox 1207 2206 1295 2275; x_wconf 81' lang='lat' dir='ltr'>ipitnr</span> <span class='ocrx_word' id='word_1_317' title='bbox 1303 2222 1357 2274; x_wconf 89' lang='lat' dir='ltr'>per</span> <span class='ocrx_word' id='word_1_318' title='bbox 1369 2205 1459 2258; x_wconf 82' lang='lat' dir='ltr'>uliam</span> <span class='ocrx_word' id='word_1_319' title='bbox 1472 2204 1650 2274; x_wconf 77' lang='lat' dir='ltr'>Scriptorum</span> <span class='ocrx_word' id='word_1_320' title='bbox 1655 2209 1788 2277; x_wconf 63' lang='lat' dir='ltr'>motari,</span> 
     </span>
     <span class='ocr_line' id='line_1_23' title="bbox 90 2291 1788 2363; baseline -0.001 -15"><span class='ocrx_word' id='word_1_321' title='bbox 90 2292 246 2348; x_wconf 81' lang='lat' dir='ltr'>substantia</span> <span class='ocrx_word' id='word_1_322' title='bbox 276 2292 395 2360; x_wconf 86' lang='lat' dir='ltr'>formae,</span> <span class='ocrx_word' id='word_1_323' title='bbox 425 2309 497 2363; x_wconf 88' lang='lat' dir='ltr'>quae</span> <span class='ocrx_word' id='word_1_324' title='bbox 525 2292 561 2346; x_wconf 88' lang='lat' dir='ltr'>ab</span> <span class='ocrx_word' id='word_1_325' title='bbox 584 2291 762 2361; x_wconf 79' lang='lat' dir='ltr'>evangelistis</span> <span class='ocrx_word' id='word_1_326' title='bbox 790 2298 855 2346; x_wconf 90' lang='lat' dir='ltr'>sunt</span> <span class='ocrx_word' id='word_1_327' title='bbox 877 2292 921 2346; x_wconf 91' lang='lat' dir='ltr'>de·</span> <span class='ocrx_word' id='word_1_328' title='bbox 950 2294 1027 2360; x_wconf 78' lang='lat' dir='ltr'>quod</span> <span class='ocrx_word' id='word_1_329' title='bbox 1048 2300 1098 2346; x_wconf 84' lang='lat' dir='ltr'>aut</span> <span class='ocrx_word' id='word_1_330' title='bbox 1123 2293 1227 2353; x_wconf 72' lang='lat' dir='ltr'>lenm,</span> <span class='ocrx_word' id='word_1_331' title='bbox 1257 2299 1306 2344; x_wconf 75' lang='lat' dir='ltr'>aar</span> <span class='ocrx_word' id='word_1_332' title='bbox 1325 2292 1475 2357; x_wconf 85' lang='lat' dir='ltr'>sacerdos,</span> <span class='ocrx_word' id='word_1_333' title='bbox 1507 2292 1616 2359; x_wconf 73' lang='lat' dir='ltr'>quasia</span> <span class='ocrx_word' id='word_1_334' title='bbox 1632 2292 1666 2344; x_wconf 83' lang='lat' dir='ltr'>id</span> <span class='ocrx_word' id='word_1_335' title='bbox 1682 2294 1788 2360; x_wconf 67' lang='lat' dir='ltr'>enepotii</span> 
     </span>
     <span class='ocr_line' id='line_1_24' title="bbox 89 2375 1790 2450; baseline 0 -16"><span class='ocrx_word' id='word_1_336' title='bbox 89 2379 211 2450; x_wconf 86' lang='lat' dir='ltr'>scripta?</span> <span class='ocrx_word' id='word_1_337' title='bbox 249 2375 375 2450; x_wconf 83' lang='lat' dir='ltr'>Cumque</span> <span class='ocrx_word' id='word_1_338' title='bbox 412 2379 448 2433; x_wconf 91' lang='lat' dir='ltr'>de</span> <span class='ocrx_word' id='word_1_339' title='bbox 483 2377 572 2433; x_wconf 85' lang='lat' dir='ltr'>forma</span> <span class='ocrx_word' id='word_1_340' title='bbox 602 2377 830 2444; x_wconf 86' lang='lat' dir='ltr'>consecrationis,</span> <span class='ocrx_word' id='word_1_341' title='bbox 867 2395 923 2448; x_wconf 91' lang='lat' dir='ltr'>qua</span> <span class='ocrx_word' id='word_1_342' title='bbox 949 2379 1103 2446; x_wconf 77' lang='lat' dir='ltr'>tentaverit,</span> <span class='ocrx_word' id='word_1_343' title='bbox 1112 2379 1184 2447; x_wconf 86' lang='lat' dir='ltr'>pari</span> <span class='ocrx_word' id='word_1_344' title='bbox 1193 2379 1277 2431; x_wconf 87' lang='lat' dir='ltr'>modo</span> <span class='ocrx_word' id='word_1_345' title='bbox 1290 2377 1465 2440; x_wconf 80' lang='lat' dir='ltr'>confiaiatee</span> <span class='ocrx_word' id='word_1_346' title='bbox 1472 2393 1551 2445; x_wconf 87' lang='lat' dir='ltr'>pane</span> <span class='ocrx_word' id='word_1_347' title='bbox 1560 2384 1587 2430; x_wconf 89' lang='lat' dir='ltr'>et</span> <span class='ocrx_word' id='word_1_348' title='bbox 1600 2379 1665 2431; x_wconf 81' lang='lat' dir='ltr'>sino</span> <span class='ocrx_word' id='word_1_349' title='bbox 1681 2378 1790 2434; x_wconf 74' lang='lat' dir='ltr'>Christi</span> 
     </span>
     <span class='ocr_line' id='line_1_25' title="bbox 89 2461 1788 2535; baseline -0.001 -15"><span class='ocrx_word' id='word_1_350' title='bbox 89 2463 214 2520; x_wconf 85' lang='lat' dir='ltr'>Christus</span> <span class='ocrx_word' id='word_1_351' title='bbox 232 2480 300 2518; x_wconf 88' lang='lat' dir='ltr'>usus</span> <span class='ocrx_word' id='word_1_352' title='bbox 321 2468 378 2532; x_wconf 88' lang='lat' dir='ltr'>est,</span> <span class='ocrx_word' id='word_1_353' title='bbox 398 2463 601 2519; x_wconf 74' lang='lat' dir='ltr'>andabatarum</span> <span class='ocrx_word' id='word_1_354' title='bbox 622 2480 697 2518; x_wconf 87' lang='lat' dir='ltr'>more</span> <span class='ocrx_word' id='word_1_355' title='bbox 714 2462 833 2518; x_wconf 81' lang='lat' dir='ltr'>invicem</span> <span class='ocrx_word' id='word_1_356' title='bbox 851 2481 922 2535; x_wconf 89' lang='lat' dir='ltr'>pag·</span> <span class='ocrx_word' id='word_1_357' title='bbox 949 2481 1050 2533; x_wconf 71' lang='lat' dir='ltr'>corpses</span> <span class='ocrx_word' id='word_1_358' title='bbox 1073 2472 1099 2517; x_wconf 86' lang='lat' dir='ltr'>et</span> <span class='ocrx_word' id='word_1_359' title='bbox 1125 2464 1301 2531; x_wconf 69' lang='lat' dir='ltr'>sanquinem,</span> <span class='ocrx_word' id='word_1_360' title='bbox 1326 2470 1409 2531; x_wconf 74' lang='lat' dir='ltr'>atque</span> <span class='ocrx_word' id='word_1_361' title='bbox 1428 2461 1557 2516; x_wconf 80' lang='lat' dir='ltr'>Christus</span> <span class='ocrx_word' id='word_1_362' title='bbox 1577 2462 1637 2533; x_wconf 87' lang='lat' dir='ltr'>ipso</span> <span class='ocrx_word' id='word_1_363' title='bbox 1656 2465 1788 2533; x_wconf 77' lang='lat' dir='ltr'>confecit,</span> 
     </span>
     <span class='ocr_line' id='line_1_26' title="bbox 89 2547 1788 2624; baseline 0.001 -18"><span class='ocrx_word' id='word_1_364' title='bbox 89 2555 168 2615; x_wconf 84' lang='lat' dir='ltr'>nent,</span> <span class='ocrx_word' id='word_1_365' title='bbox 190 2555 222 2604; x_wconf 90' lang='lat' dir='ltr'>ut</span> <span class='ocrx_word' id='word_1_366' title='bbox 237 2549 358 2604; x_wconf 86' lang='lat' dir='ltr'>vidimus</span> <span class='ocrx_word' id='word_1_367' title='bbox 376 2549 502 2621; x_wconf 88' lang='lat' dir='ltr'>superius</span> <span class='ocrx_word' id='word_1_368' title='bbox 519 2547 547 2624; x_wconf 58' lang='grc' dir='ltr'>ᾗ.</span> <span class='ocrx_word' id='word_1_369' title='bbox 568 2555 624 2606; x_wconf 78' lang='grc'>129.</span> <span class='ocrx_word' id='word_1_370' title='bbox 644 2557 673 2605; x_wconf 88' lang='lat' dir='ltr'>et</span> <span class='ocrx_word' id='word_1_371' title='bbox 694 2554 749 2605; x_wconf 83' lang='grc'><strong>148.</strong></span> <span class='ocrx_word' id='word_1_372' title='bbox 785 2549 923 2619; x_wconf 88' lang='lat' dir='ltr'>quomodo</span> <span class='ocrx_word' id='word_1_373' title='bbox 949 2568 1011 2602; x_wconf 88' lang='lat' dir='ltr'>cum</span> <span class='ocrx_word' id='word_1_374' title='bbox 1032 2566 1083 2603; x_wconf 88' lang='lat' dir='ltr'>nec</span> <span class='ocrx_word' id='word_1_375' title='bbox 1110 2549 1187 2603; x_wconf 61' lang='lat' dir='ltr'>atad</span> <span class='ocrx_word' id='word_1_376' title='bbox 1209 2550 1239 2602; x_wconf 88' lang='lat' dir='ltr'>in</span> <span class='ocrx_word' id='word_1_377' title='bbox 1257 2549 1415 2616; x_wconf 71' lang='lat' dir='ltr'>scripturis</span> <span class='ocrx_word' id='word_1_378' title='bbox 1434 2548 1618 2604; x_wconf 84' lang='lat' dir='ltr'>contineatur.</span> <span class='ocrx_word' id='word_1_379' title='bbox 1655 2548 1788 2617; x_wconf 79' lang='lat' dir='ltr'>(Haeosi</span> 
     </span>
     <span class='ocr_line' id='line_1_27' title="bbox 90 2633 1785 2706; baseline 0.001 -15"><span class='ocrx_word' id='word_1_380' title='bbox 90 2635 123 2691; x_wconf 86' lang='lat' dir='ltr'>de</span> <span class='ocrx_word' id='word_1_381' title='bbox 145 2636 237 2691; x_wconf 82' lang='lat' dir='ltr'>tonna</span> <span class='ocrx_word' id='word_1_382' title='bbox 255 2635 470 2691; x_wconf 71' lang='lat' dir='ltr'>enumerationis</span> <span class='ocrx_word' id='word_1_383' title='bbox 489 2651 507 2690; x_wconf 84' lang='lat' dir='ltr'>a</span> <span class='ocrx_word' id='word_1_384' title='bbox 524 2635 667 2690; x_wconf 87' lang='lat' dir='ltr'>sacerdote</span> <span class='ocrx_word' id='word_1_385' title='bbox 685 2640 835 2706; x_wconf 80' lang='lat' dir='ltr'>usurpatae</span> <span class='ocrx_word' id='word_1_386' title='bbox 854 2635 923 2690; x_wconf 86' lang='lat' dir='ltr'>certi</span> <span class='ocrx_word' id='word_1_387' title='bbox 949 2637 985 2691; x_wconf 89' lang='lat' dir='ltr'>de</span> <span class='ocrx_word' id='word_1_388' title='bbox 997 2635 1145 2690; x_wconf 77' lang='lat' dir='ltr'>Pontificio</span> <span class='ocrx_word' id='word_1_389' title='bbox 1163 2634 1370 2690; x_wconf 87' lang='lat' dir='ltr'>consecratione</span> <span class='ocrx_word' id='word_1_390' title='bbox 1384 2633 1524 2689; x_wconf 84' lang='lat' dir='ltr'>Roffensis</span> <span class='ocrx_word' id='word_1_391' title='bbox 1543 2633 1682 2705; x_wconf 81' lang='lat' dir='ltr'>intelligit,</span> <span class='ocrx_word' id='word_1_392' title='bbox 1700 2636 1785 2692; x_wconf 81' lang='lat' dir='ltr'>veris-</span> 
     </span>
     <span class='ocr_line' id='line_1_28' title="bbox 90 2720 1785 2793; baseline 0.001 -15"><span class='ocrx_word' id='word_1_393' title='bbox 90 2738 146 2778; x_wconf 87' lang='lat' dir='ltr'>esse</span> <span class='ocrx_word' id='word_1_394' title='bbox 171 2721 322 2793; x_wconf 83' lang='lat' dir='ltr'>poterunt?</span> <span class='ocrx_word' id='word_1_395' title='bbox 358 2728 382 2777; x_wconf 79' lang='lat'>5.</span> <span class='ocrx_word' id='word_1_396' title='bbox 409 2721 491 2788; x_wconf 83' lang='lat' dir='ltr'>Quod</span> <span class='ocrx_word' id='word_1_397' title='bbox 514 2722 584 2777; x_wconf 86' lang='lat' dir='ltr'>solis</span> <span class='ocrx_word' id='word_1_398' title='bbox 607 2722 668 2776; x_wconf 81' lang='lat' dir='ltr'>iliis</span> <span class='ocrx_word' id='word_1_399' title='bbox 686 2723 807 2791; x_wconf 72' lang='lat' dir='ltr'>quinam</span> <span class='ocrx_word' id='word_1_400' title='bbox 823 2722 922 2789; x_wconf 79' lang='lat' dir='ltr'>uerbis,</span> <span class='ocrx_word' id='word_1_401' title='bbox 949 2723 1019 2776; x_wconf 84' lang='lat' dir='ltr'>sima</span> <span class='ocrx_word' id='word_1_402' title='bbox 1039 2728 1112 2789; x_wconf 78' lang='lat' dir='ltr'>sunt,</span> <span class='ocrx_word' id='word_1_403' title='bbox 1132 2721 1156 2775; x_wconf 89' lang='lat' dir='ltr'>si</span> <span class='ocrx_word' id='word_1_404' title='bbox 1173 2737 1238 2776; x_wconf 81' lang='lat' dir='ltr'>vero</span> <span class='ocrx_word' id='word_1_405' title='bbox 1257 2721 1286 2776; x_wconf 91' lang='lat' dir='ltr'>in</span> <span class='ocrx_word' id='word_1_406' title='bbox 1304 2720 1464 2776; x_wconf 84' lang='lat' dir='ltr'>universum</span> <span class='ocrx_word' id='word_1_407' title='bbox 1474 2727 1568 2793; x_wconf 83' lang='lat' dir='ltr'>negat,</span> <span class='ocrx_word' id='word_1_408' title='bbox 1587 2739 1621 2777; x_wconf 85' lang='lat' dir='ltr'>ex</span> <span class='ocrx_word' id='word_1_409' title='bbox 1634 2720 1785 2791; x_wconf 73' lang='lat' dir='ltr'>scripum</span> 
     </span>
     <span class='ocr_line' id='line_1_29' title="bbox 89 2805 1892 2878; baseline 0.001 -16"><span class='ocrx_word' id='word_1_410' title='bbox 89 2807 138 2862; x_wconf 86' lang='lat' dir='ltr'>boc</span> <span class='ocrx_word' id='word_1_411' title='bbox 154 2816 196 2863; x_wconf 87' lang='lat' dir='ltr'>ert</span> <span class='ocrx_word' id='word_1_412' title='bbox 216 2807 288 2862; x_wconf 77' lang='lat' dir='ltr'>enim</span> <span class='ocrx_word' id='word_1_413' title='bbox 305 2824 408 2877; x_wconf 81' lang='lat' dir='ltr'>corpus</span> <span class='ocrx_word' id='word_1_414' title='bbox 423 2823 521 2871; x_wconf 85' lang='lat' dir='ltr'>meran,</span> <span class='ocrx_word' id='word_1_415' title='bbox 541 2808 775 2863; x_wconf 68' lang='lat' dir='ltr'>commotionem</span> <span class='ocrx_word' id='word_1_416' title='bbox 792 2808 923 2871; x_wconf 79' lang='lat' dir='ltr'>tribuunt,</span> <span class='ocrx_word' id='word_1_417' title='bbox 948 2808 1183 2863; x_wconf 86' lang='lat' dir='ltr'>consecrationem</span> <span class='ocrx_word' id='word_1_418' title='bbox 1200 2805 1312 2876; x_wconf 87' lang='lat' dir='ltr'>probari</span> <span class='ocrx_word' id='word_1_419' title='bbox 1330 2823 1425 2877; x_wconf 88' lang='lat' dir='ltr'>posse,</span> <span class='ocrx_word' id='word_1_420' title='bbox 1449 2806 1614 2878; x_wconf 86' lang='lat' dir='ltr'>opponimus</span> <span class='ocrx_word' id='word_1_421' title='bbox 1633 2807 1787 2866; x_wconf 76' lang='lat' dir='ltr'>emmer·</span> <span class='ocrx_word' id='word_1_422' title='bbox 1887 2853 1892 2863; x_wconf 90' lang='lat'>.</span> 
     </span>
     <span class='ocr_line' id='line_1_30' title="bbox 90 2891 1785 2964; baseline 0.001 -16"><span class='ocrx_word' id='word_1_423' title='bbox 90 2911 150 2948; x_wconf 86' lang='lat' dir='ltr'>cnm</span> <span class='ocrx_word' id='word_1_424' title='bbox 174 2898 269 2949; x_wconf 60' lang='lat' dir='ltr'>umen</span> <span class='ocrx_word' id='word_1_425' title='bbox 290 2892 396 2948; x_wconf 86' lang='lat' dir='ltr'>Paulus</span> <span class='ocrx_word' id='word_1_426' title='bbox 417 2892 569 2948; x_wconf 73' lang='lat' dir='ltr'>traditurus</span> <span class='ocrx_word' id='word_1_427' title='bbox 593 2891 760 2956; x_wconf 86' lang='lat' dir='ltr'>Corinthiis,</span> <span class='ocrx_word' id='word_1_428' title='bbox 785 2892 923 2964; x_wconf 90' lang='lat' dir='ltr'>quomodo</span> <span class='ocrx_word' id='word_1_429' title='bbox 948 2901 1008 2949; x_wconf 90' lang='lat' dir='ltr'>tum</span> <span class='ocrx_word' id='word_1_430' title='bbox 1024 2892 1134 2961; x_wconf 88' lang='lat' dir='ltr'>Christi,</span> <span class='ocrx_word' id='word_1_431' title='bbox 1154 2893 1328 2959; x_wconf 76' lang='lat' dir='ltr'>iterfacite.)</span> <span class='ocrx_word' id='word_1_432' title='bbox 1354 2892 1539 2947; x_wconf 74' lang='lat' dir='ltr'>Bellus-minus</span> <span class='ocrx_word' id='word_1_433' title='bbox 1559 2893 1607 2948; x_wconf 90' lang='lat' dir='ltr'>lib.</span> <span class='ocrx_word' id='word_1_434' title='bbox 1621 2901 1645 2949; x_wconf 79' lang='grc'>4.</span> <span class='ocrx_word' id='word_1_435' title='bbox 1658 2893 1693 2948; x_wconf 89' lang='lat' dir='ltr'>de</span> <span class='ocrx_word' id='word_1_436' title='bbox 1707 2893 1785 2950; x_wconf 89' lang='lat' dir='ltr'>euch.</span> 
     </span>
     <span class='ocr_line' id='line_1_31' title="bbox 90 2978 1812 3054; baseline 0.001 -18"><span class='ocrx_word' id='word_1_437' title='bbox 90 2985 203 3050; x_wconf 79' lang='lat' dir='ltr'>ponent</span> <span class='ocrx_word' id='word_1_438' title='bbox 220 2979 396 3035; x_wconf 89' lang='lat' dir='ltr'>Dominicam</span> <span class='ocrx_word' id='word_1_439' title='bbox 413 2993 527 3034; x_wconf 87' lang='lat' dir='ltr'>coenam</span> <span class='ocrx_word' id='word_1_440' title='bbox 543 2979 691 3047; x_wconf 87' lang='lat' dir='ltr'>celebrare,</span> <span class='ocrx_word' id='word_1_441' title='bbox 709 2984 796 3034; x_wconf 86' lang='lat' dir='ltr'>totam</span> <span class='ocrx_word' id='word_1_442' title='bbox 813 2985 841 3050; x_wconf 86' lang='lat' dir='ltr'>et</span> <span class='ocrx_word' id='word_1_443' title='bbox 854 2979 922 3035; x_wconf 79' lang='lat' dir='ltr'>inte</span> <span class='ocrx_word' id='word_1_444' title='bbox 949 2999 972 3036; x_wconf 94' lang='lat' dir='ltr'>c.</span> <span class='ocrx_word' id='word_1_445' title='bbox 994 2987 1033 3037; x_wconf 79' lang='lat'>14.</span> <span class='ocrx_word' id='word_1_446' title='bbox 1053 2995 1175 3051; x_wconf 86' lang='lat' dir='ltr'>respons.</span> <span class='ocrx_word' id='word_1_447' title='bbox 1194 2996 1302 3051; x_wconf 83' lang='lat' dir='ltr'>argum</span> <span class='ocrx_word' id='word_1_448' title='bbox 1315 2978 1428 3035; x_wconf 90' lang='lat' dir='ltr'>Chemn.</span> <span class='ocrx_word' id='word_1_449' title='bbox 1442 2980 1517 3050; x_wconf 92' lang='lat' dir='ltr'>quod</span> <span class='ocrx_word' id='word_1_450' title='bbox 1530 2996 1564 3034; x_wconf 87' lang='lat' dir='ltr'>ex</span> <span class='ocrx_word' id='word_1_451' title='bbox 1575 2981 1784 3038; x_wconf 88' lang='lat' dir='ltr'>consecratione</span> <span class='ocrx_word' id='word_1_452' title='bbox 1807 3038 1812 3054; x_wconf 73' lang='lat'>‚</span> 
     </span>
     <span class='ocr_line' id='line_1_32' title="bbox 88 3060 1899 3137; baseline 0 -17"><span class='ocrx_word' id='word_1_453' title='bbox 88 3081 167 3137; x_wconf 81' lang='lat' dir='ltr'>gram</span> <span class='ocrx_word' id='word_1_454' title='bbox 192 3064 395 3121; x_wconf 88' lang='lat' dir='ltr'>institutionem</span> <span class='ocrx_word' id='word_1_455' title='bbox 425 3065 521 3122; x_wconf 86' lang='lat' dir='ltr'>recitet</span> <span class='ocrx_word' id='word_1_456' title='bbox 546 3081 580 3120; x_wconf 90' lang='lat' dir='ltr'>ac</span> <span class='ocrx_word' id='word_1_457' title='bbox 605 3063 753 3121; x_wconf 76' lang='lat' dir='ltr'>describat</span> <span class='ocrx_word' id='word_1_458' title='bbox 794 3065 923 3121; x_wconf 84' lang='lat' dir='ltr'>Justinus</span> <span class='ocrx_word' id='word_1_459' title='bbox 949 3067 1029 3137; x_wconf 89' lang='lat' dir='ltr'>penis</span> <span class='ocrx_word' id='word_1_460' title='bbox 1047 3067 1173 3122; x_wconf 85' lang='lat' dir='ltr'>detracta</span> <span class='ocrx_word' id='word_1_461' title='bbox 1191 3064 1311 3121; x_wconf 87' lang='lat' dir='ltr'>sintilla</span> <span class='ocrx_word' id='word_1_462' title='bbox 1327 3065 1426 3129; x_wconf 84' lang='lat' dir='ltr'>rerba,</span> <span class='ocrx_word' id='word_1_463' title='bbox 1444 3069 1522 3135; x_wconf 70' lang='lat' dir='ltr'>meod</span> <span class='ocrx_word' id='word_1_464' title='bbox 1534 3084 1591 3135; x_wconf 84' lang='lat' dir='ltr'>pro</span> <span class='ocrx_word' id='word_1_465' title='bbox 1607 3067 1686 3120; x_wconf 83' lang='lat' dir='ltr'>uobis</span> <span class='ocrx_word' id='word_1_466' title='bbox 1702 3068 1786 3131; x_wconf 83' lang='lat' dir='ltr'>fran-</span> <span class='ocrx_word' id='word_1_467' title='bbox 1896 3060 1899 3065; x_wconf 84' lang='grc'><strong>’</strong></span> 
     </span>
     <span class='ocr_line' id='line_1_33' title="bbox 89 3150 1788 3225; baseline 0.001 -18"><span class='ocrx_word' id='word_1_468' title='bbox 89 3153 171 3209; x_wconf 83' lang='lat' dir='ltr'>etiam</span> <span class='ocrx_word' id='word_1_469' title='bbox 194 3157 280 3223; x_wconf 85' lang='lat' dir='ltr'>atque</span> <span class='ocrx_word' id='word_1_470' title='bbox 304 3151 353 3206; x_wconf 87' lang='lat' dir='ltr'>alii</span> <span class='ocrx_word' id='word_1_471' title='bbox 378 3157 486 3208; x_wconf 82' lang='lat' dir='ltr'>veteres</span> <span class='ocrx_word' id='word_1_472' title='bbox 508 3150 642 3207; x_wconf 86' lang='lat' dir='ltr'>facientes</span> <span class='ocrx_word' id='word_1_473' title='bbox 659 3150 826 3206; x_wconf 84' lang='lat' dir='ltr'>mentionem</span> <span class='ocrx_word' id='word_1_474' title='bbox 845 3150 923 3207; x_wconf 86' lang='lat' dir='ltr'>verhi</span> <span class='ocrx_word' id='word_1_475' title='bbox 949 3155 1025 3223; x_wconf 65' lang='lat' dir='ltr'>uitur</span> <span class='ocrx_word' id='word_1_476' title='bbox 1044 3154 1088 3206; x_wconf 88' lang='lat' dir='ltr'>uel</span> <span class='ocrx_word' id='word_1_477' title='bbox 1107 3153 1246 3216; x_wconf 71' lang='lat' dir='ltr'>naddnr,</span> <span class='ocrx_word' id='word_1_478' title='bbox 1264 3167 1297 3205; x_wconf 90' lang='lat' dir='ltr'>eo</span> <span class='ocrx_word' id='word_1_479' title='bbox 1319 3150 1459 3225; x_wconf 81' lang='lat' dir='ltr'>confugit,</span> <span class='ocrx_word' id='word_1_480' title='bbox 1476 3163 1508 3205; x_wconf 81' lang='lat' dir='ltr'>ut</span> <span class='ocrx_word' id='word_1_481' title='bbox 1525 3151 1614 3215; x_wconf 88' lang='lat' dir='ltr'>dicat,</span> <span class='ocrx_word' id='word_1_482' title='bbox 1631 3169 1687 3206; x_wconf 89' lang='lat' dir='ltr'>non</span> <span class='ocrx_word' id='word_1_483' title='bbox 1700 3169 1788 3222; x_wconf 85' lang='lat' dir='ltr'>porse</span> 
     </span>
     <span class='ocr_line' id='line_1_34' title="bbox 90 3235 1786 3308; baseline 0 -16"><span class='ocrx_word' id='word_1_484' title='bbox 90 3237 234 3294; x_wconf 83' lang='lat' dir='ltr'>aChristo</span> <span class='ocrx_word' id='word_1_485' title='bbox 250 3236 360 3305; x_wconf 84' lang='lat' dir='ltr'>traditi,</span> <span class='ocrx_word' id='word_1_486' title='bbox 379 3253 435 3308; x_wconf 89' lang='lat' dir='ltr'>quo</span> <span class='ocrx_word' id='word_1_487' title='bbox 453 3235 622 3292; x_wconf 80' lang='lat' dir='ltr'>eucharistia</span> <span class='ocrx_word' id='word_1_488' title='bbox 638 3242 826 3305; x_wconf 87' lang='lat' dir='ltr'>consecretur,</span> <span class='ocrx_word' id='word_1_489' title='bbox 852 3236 923 3292; x_wconf 79' lang='lat' dir='ltr'>refe·</span> <span class='ocrx_word' id='word_1_490' title='bbox 950 3241 1108 3294; x_wconf 80' lang='lat' dir='ltr'>Ronmnam</span> <span class='ocrx_word' id='word_1_491' title='bbox 1131 3238 1257 3300; x_wconf 73' lang='lat' dir='ltr'>missam,</span> <span class='ocrx_word' id='word_1_492' title='bbox 1282 3237 1313 3289; x_wconf 87' lang='lat' dir='ltr'>in</span> <span class='ocrx_word' id='word_1_493' title='bbox 1333 3253 1391 3304; x_wconf 80' lang='lat' dir='ltr'>qua</span> <span class='ocrx_word' id='word_1_494' title='bbox 1417 3237 1486 3290; x_wconf 85' lang='lat' dir='ltr'>baec</span> <span class='ocrx_word' id='word_1_495' title='bbox 1509 3238 1596 3290; x_wconf 87' lang='lat' dir='ltr'>uerba</span> <span class='ocrx_word' id='word_1_496' title='bbox 1614 3239 1786 3306; x_wconf 81' lang='lat' dir='ltr'>omittuntur,</span> 
     </span>
     <span class='ocr_line' id='line_1_35' title="bbox 89 3320 1787 3394; baseline -0.001 -15"><span class='ocrx_word' id='word_1_497' title='bbox 89 3331 151 3379; x_wconf 89' lang='lat' dir='ltr'>runt</span> <span class='ocrx_word' id='word_1_498' title='bbox 169 3339 200 3378; x_wconf 88' lang='lat' dir='ltr'>se</span> <span class='ocrx_word' id='word_1_499' title='bbox 226 3324 264 3378; x_wconf 90' lang='lat' dir='ltr'>ad</span> <span class='ocrx_word' id='word_1_500' title='bbox 287 3323 501 3394; x_wconf 80' lang='lat' dir='ltr'>descriptionem</span> <span class='ocrx_word' id='word_1_501' title='bbox 527 3322 721 3392; x_wconf 87' lang='lat' dir='ltr'>institutionis,</span> <span class='ocrx_word' id='word_1_502' title='bbox 750 3339 822 3394; x_wconf 89' lang='lat' dir='ltr'>quae</span> <span class='ocrx_word' id='word_1_503' title='bbox 847 3323 923 3394; x_wconf 89' lang='lat' dir='ltr'>apud</span> <span class='ocrx_word' id='word_1_504' title='bbox 949 3324 1134 3394; x_wconf 77' lang='lat' dir='ltr'>reprebendi,</span> <span class='ocrx_word' id='word_1_505' title='bbox 1166 3340 1229 3376; x_wconf 84' lang='lat' dir='ltr'>cum</span> <span class='ocrx_word' id='word_1_506' title='bbox 1252 3321 1373 3388; x_wconf 80' lang='lat' dir='ltr'>titurpin</span> <span class='ocrx_word' id='word_1_507' title='bbox 1397 3320 1452 3374; x_wconf 86' lang='lat' dir='ltr'>ilia</span> <span class='ocrx_word' id='word_1_508' title='bbox 1475 3322 1511 3374; x_wconf 84' lang='lat' dir='ltr'>sit</span> <span class='ocrx_word' id='word_1_509' title='bbox 1535 3323 1694 3391; x_wconf 75' lang='lat' dir='ltr'>antiquior,</span> <span class='ocrx_word' id='word_1_510' title='bbox 1724 3324 1752 3377; x_wconf 85' lang='lat' dir='ltr'>ei</span> <span class='ocrx_word' id='word_1_511' title='bbox 1768 3341 1787 3376; x_wconf 92' lang='lat' dir='ltr'>a</span> 
     </span>
     <span class='ocr_line' id='line_1_36' title="bbox 90 3407 1786 3481; baseline 0.001 -17"><span class='ocrx_word' id='word_1_512' title='bbox 90 3408 275 3481; x_wconf 82' lang='lat' dir='ltr'>evangelistas</span> <span class='ocrx_word' id='word_1_513' title='bbox 308 3416 409 3479; x_wconf 87' lang='lat' dir='ltr'>exstet,</span> <span class='ocrx_word' id='word_1_514' title='bbox 438 3409 514 3466; x_wconf 90' lang='lat' dir='ltr'>unde</span> <span class='ocrx_word' id='word_1_515' title='bbox 542 3409 602 3479; x_wconf 86' lang='lat' dir='ltr'>ipse</span> <span class='ocrx_word' id='word_1_516' title='bbox 632 3409 819 3465; x_wconf 87' lang='lat' dir='ltr'>Bellarminus</span> <span class='ocrx_word' id='word_1_517' title='bbox 841 3409 923 3466; x_wconf 87' lang='lat' dir='ltr'>fateri</span> <span class='ocrx_word' id='word_1_518' title='bbox 949 3417 1047 3464; x_wconf 84' lang='lat' dir='ltr'>sancto</span> <span class='ocrx_word' id='word_1_519' title='bbox 1077 3411 1164 3463; x_wconf 90' lang='lat' dir='ltr'>Petro</span> <span class='ocrx_word' id='word_1_520' title='bbox 1189 3407 1314 3476; x_wconf 83' lang='lat' dir='ltr'>prodiit,</span> <span class='ocrx_word' id='word_1_521' title='bbox 1344 3412 1375 3458; x_wconf 80' lang='lat' dir='ltr'>nt</span> <span class='ocrx_word' id='word_1_522' title='bbox 1403 3407 1484 3459; x_wconf 85' lang='lat' dir='ltr'>docet</span> <span class='ocrx_word' id='word_1_523' title='bbox 1518 3407 1640 3460; x_wconf 80' lang='lat' dir='ltr'>Thomas</span> <span class='ocrx_word' id='word_1_524' title='bbox 1666 3413 1737 3478; x_wconf 85' lang='lat' dir='ltr'>part</span> <span class='ocrx_word' id='word_1_525' title='bbox 1761 3414 1786 3465; x_wconf 84' lang='grc'>3.</span> 
     </span>
     <span class='ocr_line' id='line_1_37' title="bbox 91 3493 1787 3567; baseline -0.002 -15"><span class='ocrx_word' id='word_1_526' title='bbox 91 3496 198 3567; x_wconf 82' lang='lat' dir='ltr'>cogitur</span> <span class='ocrx_word' id='word_1_527' title='bbox 223 3496 272 3552; x_wconf 89' lang='lat' dir='ltr'>lib.</span> <span class='ocrx_word' id='word_1_528' title='bbox 297 3503 321 3552; x_wconf 80' lang='grc'>4.</span> <span class='ocrx_word' id='word_1_529' title='bbox 347 3496 382 3551; x_wconf 88' lang='lat' dir='ltr'>de</span> <span class='ocrx_word' id='word_1_530' title='bbox 408 3494 554 3552; x_wconf 83' lang='lat' dir='ltr'>eucharist.</span> <span class='ocrx_word' id='word_1_531' title='bbox 578 3513 602 3551; x_wconf 92' lang='lat' dir='ltr'>c.</span> <span class='ocrx_word' id='word_1_532' title='bbox 628 3502 667 3553; x_wconf 76' lang='lat'>14.</span> <span class='ocrx_word' id='word_1_533' title='bbox 693 3511 816 3567; x_wconf 88' lang='lat' dir='ltr'>respons.</span> <span class='ocrx_word' id='word_1_534' title='bbox 842 3496 879 3550; x_wconf 88' lang='lat' dir='ltr'>ad</span> <span class='ocrx_word' id='word_1_535' title='bbox 899 3502 923 3553; x_wconf 83' lang='lat' dir='ltr'>b.</span> <span class='ocrx_word' id='word_1_536' title='bbox 950 3514 977 3566; x_wconf 90' lang='lat' dir='ltr'>q.</span> <span class='ocrx_word' id='word_1_537' title='bbox 1004 3501 1046 3552; x_wconf 80' lang='lat'>38.</span> <span class='ocrx_word' id='word_1_538' title='bbox 1073 3499 1124 3549; x_wconf 80' lang='lat' dir='ltr'>art</span> <span class='ocrx_word' id='word_1_539' title='bbox 1143 3500 1168 3549; x_wconf 82' lang='lat'>2.</span> <span class='ocrx_word' id='word_1_540' title='bbox 1185 3494 1223 3548; x_wconf 83' lang='lat' dir='ltr'>ad</span> <span class='ocrx_word' id='word_1_541' title='bbox 1242 3499 1267 3549; x_wconf 77' lang='grc'>4.</span> <span class='ocrx_word' id='word_1_542' title='bbox 1292 3500 1319 3546; x_wconf 85' lang='lat' dir='ltr'>et</span> <span class='ocrx_word' id='word_1_543' title='bbox 1336 3498 1401 3546; x_wconf 86' lang='lat' dir='ltr'>ante</span> <span class='ocrx_word' id='word_1_544' title='bbox 1419 3508 1482 3546; x_wconf 85' lang='lat' dir='ltr'>enm</span> <span class='ocrx_word' id='word_1_545' title='bbox 1499 3495 1556 3547; x_wconf 80' lang='lat' dir='ltr'>leo</span> <span class='ocrx_word' id='word_1_546' title='bbox 1576 3493 1630 3549; x_wconf 84' lang='lat' dir='ltr'>IX.</span> <span class='ocrx_word' id='word_1_547' title='bbox 1648 3495 1728 3563; x_wconf 80' lang='lat' dir='ltr'>epr&#39;st.</span> <span class='ocrx_word' id='word_1_548' title='bbox 1746 3497 1787 3549; x_wconf 82' lang='lat' dir='ltr'>ad</span> 
     </span>
     <span class='ocr_line' id='line_1_38' title="bbox 89 3579 1785 3654; baseline -0.001 -16"><span class='ocrx_word' id='word_1_549' title='bbox 89 3599 195 3654; x_wconf 76' lang='lat' dir='ltr'>argum</span> <span class='ocrx_word' id='word_1_550' title='bbox 213 3591 311 3652; x_wconf 85' lang='lat' dir='ltr'>patres</span> <span class='ocrx_word' id='word_1_551' title='bbox 326 3600 382 3653; x_wconf 85' lang='lat' dir='ltr'>per</span> <span class='ocrx_word' id='word_1_552' title='bbox 395 3583 630 3637; x_wconf 81' lang='lat' dir='ltr'>correecrationem</span> <span class='ocrx_word' id='word_1_553' title='bbox 641 3583 783 3636; x_wconf 85' lang='lat' dir='ltr'>interdum</span> <span class='ocrx_word' id='word_1_554' title='bbox 794 3583 924 3652; x_wconf 62' lang='lat' dir='ltr'>necarere</span> <span class='ocrx_word' id='word_1_555' title='bbox 951 3582 1120 3636; x_wconf 81' lang='lat' dir='ltr'>Michaelern</span> <span class='ocrx_word' id='word_1_556' title='bbox 1145 3598 1169 3635; x_wconf 90' lang='lat' dir='ltr'>c.</span> <span class='ocrx_word' id='word_1_557' title='bbox 1192 3584 1217 3634; x_wconf 79' lang='lat'>5.</span> <span class='ocrx_word' id='word_1_558' title='bbox 1236 3597 1321 3649; x_wconf 70' lang='lat' dir='ltr'>orsam</span> <span class='ocrx_word' id='word_1_559' title='bbox 1338 3580 1512 3648; x_wconf 77' lang='lat' dir='ltr'>euangelium</span> <span class='ocrx_word' id='word_1_560' title='bbox 1530 3579 1625 3633; x_wconf 68' lang='lat' dir='ltr'>Leucae</span> <span class='ocrx_word' id='word_1_561' title='bbox 1643 3587 1669 3634; x_wconf 81' lang='lat' dir='ltr'>et</span> <span class='ocrx_word' id='word_1_562' title='bbox 1685 3581 1785 3648; x_wconf 81' lang='lat' dir='ltr'>episto·</span> 
     </span>
     <span class='ocr_line' id='line_1_39' title="bbox 91 3665 1787 3740; baseline -0.001 -17"><span class='ocrx_word' id='word_1_563' title='bbox 91 3676 176 3725; x_wconf 84' lang='lat' dir='ltr'>totam</span> <span class='ocrx_word' id='word_1_564' title='bbox 207 3669 362 3739; x_wconf 69' lang='lat' dir='ltr'>liturgiam.</span> <span class='ocrx_word' id='word_1_565' title='bbox 406 3669 482 3725; x_wconf 87' lang='lat' dir='ltr'>Vera</span> <span class='ocrx_word' id='word_1_566' title='bbox 508 3669 595 3740; x_wconf 86' lang='lat' dir='ltr'>igitur</span> <span class='ocrx_word' id='word_1_567' title='bbox 620 3668 803 3724; x_wconf 86' lang='lat' dir='ltr'>eucharistiae</span> <span class='ocrx_word' id='word_1_568' title='bbox 828 3683 924 3724; x_wconf 90' lang='lat' dir='ltr'>conse·</span> <span class='ocrx_word' id='word_1_569' title='bbox 950 3668 996 3722; x_wconf 83' lang='lat' dir='ltr'>lae</span> <span class='ocrx_word' id='word_1_570' title='bbox 1012 3667 1111 3734; x_wconf 80' lang='lat' dir='ltr'>Pauli,</span> <span class='ocrx_word' id='word_1_571' title='bbox 1129 3667 1180 3736; x_wconf 75' lang='lat' dir='ltr'>qni</span> <span class='ocrx_word' id='word_1_572' title='bbox 1197 3666 1372 3721; x_wconf 86' lang='lat' dir='ltr'>addiderunt</span> <span class='ocrx_word' id='word_1_573' title='bbox 1387 3665 1443 3721; x_wconf 85' lang='lat' dir='ltr'>iiia</span> <span class='ocrx_word' id='word_1_574' title='bbox 1456 3666 1558 3720; x_wconf 73' lang='lat' dir='ltr'>umba:</span> <span class='ocrx_word' id='word_1_575' title='bbox 1578 3668 1655 3735; x_wconf 73' lang='lat' dir='ltr'>quood</span> <span class='ocrx_word' id='word_1_576' title='bbox 1666 3683 1724 3735; x_wconf 86' lang='lat' dir='ltr'>pro</span> <span class='ocrx_word' id='word_1_577' title='bbox 1740 3684 1787 3722; x_wconf 84' lang='lat' dir='ltr'>ua·</span> 
     </span>
     <span class='ocr_line' id='line_1_40' title="bbox 88 3750 1787 3825; baseline -0.001 -15"><span class='ocrx_word' id='word_1_578' title='bbox 88 3755 173 3810; x_wconf 78' lang='lat' dir='ltr'>matio</span> <span class='ocrx_word' id='word_1_579' title='bbox 195 3754 323 3810; x_wconf 88' lang='lat' dir='ltr'>consistit</span> <span class='ocrx_word' id='word_1_580' title='bbox 344 3773 400 3811; x_wconf 91' lang='lat' dir='ltr'>non</span> <span class='ocrx_word' id='word_1_581' title='bbox 418 3760 527 3810; x_wconf 87' lang='lat' dir='ltr'>tantum</span> <span class='ocrx_word' id='word_1_582' title='bbox 545 3753 573 3808; x_wconf 92' lang='lat' dir='ltr'>in</span> <span class='ocrx_word' id='word_1_583' title='bbox 591 3754 716 3825; x_wconf 89' lang='lat' dir='ltr'>quinque</span> <span class='ocrx_word' id='word_1_584' title='bbox 734 3753 844 3808; x_wconf 88' lang='lat' dir='ltr'>illorum</span> <span class='ocrx_word' id='word_1_585' title='bbox 863 3771 922 3810; x_wconf 84' lang='lat' dir='ltr'>var·</span> <span class='ocrx_word' id='word_1_586' title='bbox 950 3754 992 3807; x_wconf 84' lang='lat' dir='ltr'>bis</span> <span class='ocrx_word' id='word_1_587' title='bbox 1002 3754 1163 3822; x_wconf 71' lang='lat' dir='ltr'>frangitur.</span> <span class='ocrx_word' id='word_1_588' title='bbox 1197 3750 1335 3808; x_wconf 85' lang='lat' dir='ltr'>Nimirum</span> <span class='ocrx_word' id='word_1_589' title='bbox 1350 3751 1405 3807; x_wconf 91' lang='lat' dir='ltr'>hoc</span> <span class='ocrx_word' id='word_1_590' title='bbox 1423 3757 1466 3808; x_wconf 91' lang='lat' dir='ltr'>est</span> <span class='ocrx_word' id='word_1_591' title='bbox 1483 3752 1645 3808; x_wconf 88' lang='lat' dir='ltr'>traditiones</span> <span class='ocrx_word' id='word_1_592' title='bbox 1662 3751 1787 3824; x_wconf 83' lang='lat' dir='ltr'>Scriptu-</span> 
     </span>
     <span class='ocr_line' id='line_1_41' title="bbox 88 3837 1786 3912; baseline -0.001 -17"><span class='ocrx_word' id='word_1_593' title='bbox 88 3839 184 3895; x_wconf 86' lang='lat' dir='ltr'>hornm</span> <span class='ocrx_word' id='word_1_594' title='bbox 200 3840 364 3912; x_wconf 84' lang='lat' dir='ltr'>prolatione,</span> <span class='ocrx_word' id='word_1_595' title='bbox 382 3841 432 3896; x_wconf 92' lang='lat' dir='ltr'>sed</span> <span class='ocrx_word' id='word_1_596' title='bbox 449 3840 479 3894; x_wconf 90' lang='lat' dir='ltr'>in</span> <span class='ocrx_word' id='word_1_597' title='bbox 496 3857 538 3909; x_wconf 90' lang='lat' dir='ltr'>eo,</span> <span class='ocrx_word' id='word_1_598' title='bbox 557 3845 589 3894; x_wconf 90' lang='lat' dir='ltr'>ut</span> <span class='ocrx_word' id='word_1_599' title='bbox 606 3839 741 3895; x_wconf 83' lang='lat' dir='ltr'>faciemus</span> <span class='ocrx_word' id='word_1_600' title='bbox 758 3840 834 3911; x_wconf 89' lang='lat' dir='ltr'>quod</span> <span class='ocrx_word' id='word_1_601' title='bbox 847 3838 924 3896; x_wconf 87' lang='lat' dir='ltr'>Chri·</span> <span class='ocrx_word' id='word_1_602' title='bbox 950 3855 998 3895; x_wconf 86' lang='lat' dir='ltr'>rae</span> <span class='ocrx_word' id='word_1_603' title='bbox 1014 3855 1071 3895; x_wconf 92' lang='lat' dir='ltr'>non</span> <span class='ocrx_word' id='word_1_604' title='bbox 1082 3837 1171 3894; x_wconf 90' lang='lat' dir='ltr'>solum</span> <span class='ocrx_word' id='word_1_605' title='bbox 1185 3837 1318 3903; x_wconf 80' lang='lat' dir='ltr'>conferre,</span> <span class='ocrx_word' id='word_1_606' title='bbox 1335 3838 1385 3893; x_wconf 89' lang='lat' dir='ltr'>sed</span> <span class='ocrx_word' id='word_1_607' title='bbox 1397 3837 1481 3894; x_wconf 86' lang='lat' dir='ltr'>etiam</span> <span class='ocrx_word' id='word_1_608' title='bbox 1492 3838 1640 3909; x_wconf 81' lang='lat' dir='ltr'>praeferre.</span> <span class='ocrx_word' id='word_1_609' title='bbox 1666 3844 1691 3894; x_wconf 84' lang='grc'>8.</span> <span class='ocrx_word' id='word_1_610' title='bbox 1704 3838 1786 3903; x_wconf 86' lang='lat' dir='ltr'>Quod</span> 
     </span>
     <span class='ocr_line' id='line_1_42' title="bbox 87 3924 1787 3996; baseline -0.001 -16"><span class='ocrx_word' id='word_1_611' title='bbox 87 3930 145 3980; x_wconf 88' lang='lat' dir='ltr'>stus</span> <span class='ocrx_word' id='word_1_612' title='bbox 170 3925 251 3990; x_wconf 87' lang='lat' dir='ltr'>fecit,</span> <span class='ocrx_word' id='word_1_613' title='bbox 275 3925 328 3980; x_wconf 92' lang='lat' dir='ltr'>hoc</span> <span class='ocrx_word' id='word_1_614' title='bbox 345 3930 388 3982; x_wconf 86' lang='lat' dir='ltr'>est</span> <span class='ocrx_word' id='word_1_615' title='bbox 406 3931 438 3980; x_wconf 90' lang='lat' dir='ltr'>nt</span> <span class='ocrx_word' id='word_1_616' title='bbox 456 3942 556 3996; x_wconf 86' lang='lat' dir='ltr'>panem</span> <span class='ocrx_word' id='word_1_617' title='bbox 572 3925 755 3995; x_wconf 87' lang='lat' dir='ltr'>accipiamus,</span> <span class='ocrx_word' id='word_1_618' title='bbox 777 3925 924 3982; x_wconf 85' lang='lat' dir='ltr'>benedica-</span> <span class='ocrx_word' id='word_1_619' title='bbox 949 3926 1034 3980; x_wconf 87' lang='lat' dir='ltr'>uerba</span> <span class='ocrx_word' id='word_1_620' title='bbox 1071 3925 1254 3979; x_wconf 80' lang='lat' dir='ltr'>institutionis</span> <span class='ocrx_word' id='word_1_621' title='bbox 1290 3925 1422 3979; x_wconf 79' lang='lat' dir='ltr'>mutilant</span> <span class='ocrx_word' id='word_1_622' title='bbox 1454 3931 1481 3977; x_wconf 87' lang='lat' dir='ltr'>et</span> <span class='ocrx_word' id='word_1_623' title='bbox 1510 3924 1608 3978; x_wconf 81' lang='lat' dir='ltr'>atiena</span> <span class='ocrx_word' id='word_1_624' title='bbox 1634 3924 1675 3977; x_wconf 85' lang='lat' dir='ltr'>eis</span> <span class='ocrx_word' id='word_1_625' title='bbox 1697 3924 1787 3978; x_wconf 85' lang='lat' dir='ltr'>admi·</span> 
     </span>
     <span class='ocr_line' id='line_1_43' title="bbox 90 4008 1786 4081; baseline -0.001 -17"><span class='ocrx_word' id='word_1_626' title='bbox 90 4028 161 4080; x_wconf 90' lang='lat' dir='ltr'>mus,</span> <span class='ocrx_word' id='word_1_627' title='bbox 181 4010 380 4066; x_wconf 86' lang='lat' dir='ltr'>distribuamus</span> <span class='ocrx_word' id='word_1_628' title='bbox 396 4029 430 4068; x_wconf 91' lang='lat' dir='ltr'>ac</span> <span class='ocrx_word' id='word_1_629' title='bbox 447 4011 646 4066; x_wconf 89' lang='lat' dir='ltr'>manducemus</span> <span class='ocrx_word' id='word_1_630' title='bbox 660 4012 744 4081; x_wconf 84' lang='lat' dir='ltr'>juxta</span> <span class='ocrx_word' id='word_1_631' title='bbox 762 4010 865 4068; x_wconf 86' lang='lat' dir='ltr'>Christi</span> <span class='ocrx_word' id='word_1_632' title='bbox 883 4013 923 4068; x_wconf 90' lang='lat' dir='ltr'>in·</span> <span class='ocrx_word' id='word_1_633' title='bbox 950 4020 1035 4068; x_wconf 85' lang='lat' dir='ltr'>soent.</span> <span class='ocrx_word' id='word_1_634' title='bbox 1088 4010 1231 4079; x_wconf 81' lang='lat' dir='ltr'>Mutilant,</span> <span class='ocrx_word' id='word_1_635' title='bbox 1274 4009 1342 4081; x_wconf 82' lang='lat' dir='ltr'>quia</span> <span class='ocrx_word' id='word_1_636' title='bbox 1385 4010 1517 4065; x_wconf 88' lang='lat' dir='ltr'>omittunt</span> <span class='ocrx_word' id='word_1_637' title='bbox 1552 4009 1639 4065; x_wconf 80' lang='lat' dir='ltr'>verns</span> <span class='ocrx_word' id='word_1_638' title='bbox 1675 4008 1786 4078; x_wconf 83' lang='lat' dir='ltr'>Christi,</span> 
     </span>
     <span class='ocr_line' id='line_1_44' title="bbox 88 4086 1788 4168; baseline -0.001 -15"><span class='ocrx_word' id='word_1_639' title='bbox 88 4097 273 4162; x_wconf 85' lang='lat' dir='ltr'>stitutionem,</span> <span class='ocrx_word' id='word_1_640' title='bbox 300 4086 500 4153; x_wconf 86' lang='lat' dir='ltr'>ordinationem</span> <span class='ocrx_word' id='word_1_641' title='bbox 531 4114 565 4152; x_wconf 86' lang='lat' dir='ltr'>ac</span> <span class='ocrx_word' id='word_1_642' title='bbox 591 4097 761 4153; x_wconf 86' lang='lat' dir='ltr'>mandatnm.</span> <span class='ocrx_word' id='word_1_643' title='bbox 803 4099 924 4162; x_wconf 78' lang='lat' dir='ltr'>Quando</span> <span class='ocrx_word' id='word_1_644' title='bbox 951 4100 1028 4168; x_wconf 82' lang='lat' dir='ltr'>qnod</span> <span class='ocrx_word' id='word_1_645' title='bbox 1059 4115 1118 4168; x_wconf 86' lang='lat' dir='ltr'>pro</span> <span class='ocrx_word' id='word_1_646' title='bbox 1151 4097 1228 4151; x_wconf 84' lang='lat' dir='ltr'>uobis</span> <span class='ocrx_word' id='word_1_647' title='bbox 1261 4096 1389 4151; x_wconf 79' lang='lat' dir='ltr'>traditm</span> <span class='ocrx_word' id='word_1_648' title='bbox 1420 4096 1463 4149; x_wconf 85' lang='lat' dir='ltr'>osi</span> <span class='ocrx_word' id='word_1_649' title='bbox 1493 4095 1661 4163; x_wconf 70' lang='lat' dir='ltr'>frangitur,·</span> <span class='ocrx_word' id='word_1_650' title='bbox 1695 4094 1788 4151; x_wconf 76' lang='lat' dir='ltr'>aliem</span> 
     </span>
     <span class='ocr_line' id='line_1_45' title="bbox 88 4182 1786 4254; baseline 0.001 -19"><span class='ocrx_word' id='word_1_651' title='bbox 88 4183 227 4238; x_wconf 79' lang='lat' dir='ltr'>institutio</span> <span class='ocrx_word' id='word_1_652' title='bbox 247 4184 383 4237; x_wconf 74' lang='lat' dir='ltr'>recdatur</span> <span class='ocrx_word' id='word_1_653' title='bbox 402 4183 504 4254; x_wconf 87' lang='lat' dir='ltr'>(inquit</span> <span class='ocrx_word' id='word_1_654' title='bbox 521 4182 707 4249; x_wconf 89' lang='lat' dir='ltr'>Chemnicius)</span> <span class='ocrx_word' id='word_1_655' title='bbox 731 4191 758 4237; x_wconf 82' lang='lat' dir='ltr'>et</span> <span class='ocrx_word' id='word_1_656' title='bbox 776 4201 833 4238; x_wconf 88' lang='lat' dir='ltr'>non</span> <span class='ocrx_word' id='word_1_657' title='bbox 844 4185 924 4252; x_wconf 89' lang='lat' dir='ltr'>saci·</span> <span class='ocrx_word' id='word_1_658' title='bbox 951 4184 991 4240; x_wconf 88' lang='lat' dir='ltr'>eis</span> <span class='ocrx_word' id='word_1_659' title='bbox 1025 4183 1155 4252; x_wconf 78' lang='lat' dir='ltr'>miment,</span> <span class='ocrx_word' id='word_1_660' title='bbox 1189 4182 1319 4237; x_wconf 68' lang='lat' dir='ltr'>nimum</span> <span class='ocrx_word' id='word_1_661' title='bbox 1346 4183 1376 4235; x_wconf 89' lang='lat' dir='ltr'>in</span> <span class='ocrx_word' id='word_1_662' title='bbox 1408 4189 1523 4235; x_wconf 74' lang='lat' dir='ltr'>saumas</span> <span class='ocrx_word' id='word_1_663' title='bbox 1560 4189 1586 4235; x_wconf 86' lang='lat' dir='ltr'>et</span> <span class='ocrx_word' id='word_1_664' title='bbox 1616 4182 1786 4236; x_wconf 81' lang='lat' dir='ltr'>venerabiies</span> 
     </span>
     <span class='ocr_line' id='line_1_46' title="bbox 89 4269 1787 4338; baseline -0.001 -16"><span class='ocrx_word' id='word_1_665' title='bbox 89 4287 163 4337; x_wconf 86' lang='lat' dir='ltr'>mue,</span> <span class='ocrx_word' id='word_1_666' title='bbox 192 4272 269 4338; x_wconf 76' lang='lat' dir='ltr'>quod</span> <span class='ocrx_word' id='word_1_667' title='bbox 298 4270 426 4324; x_wconf 82' lang='lat' dir='ltr'>Christus</span> <span class='ocrx_word' id='word_1_668' title='bbox 450 4270 481 4322; x_wconf 86' lang='lat' dir='ltr'>in</span> <span class='ocrx_word' id='word_1_669' title='bbox 506 4285 594 4324; x_wconf 88' lang='lat' dir='ltr'>coena</span> <span class='ocrx_word' id='word_1_670' title='bbox 614 4271 686 4336; x_wconf 77' lang='lat' dir='ltr'>fecit</span> <span class='ocrx_word' id='word_1_671' title='bbox 713 4277 739 4323; x_wconf 90' lang='lat' dir='ltr'>et</span> <span class='ocrx_word' id='word_1_672' title='bbox 760 4272 924 4336; x_wconf 76' lang='lat' dir='ltr'>faciendum</span> <span class='ocrx_word' id='word_1_673' title='bbox 950 4288 1050 4324; x_wconf 85' lang='lat' dir='ltr'>manns</span> <span class='ocrx_word' id='word_1_674' title='bbox 1087 4287 1170 4334; x_wconf 85' lang='lat' dir='ltr'>snas,</span> <span class='ocrx_word' id='word_1_675' title='bbox 1206 4277 1232 4322; x_wconf 90' lang='lat' dir='ltr'>et</span> <span class='ocrx_word' id='word_1_676' title='bbox 1265 4269 1381 4322; x_wconf 77' lang='lat' dir='ltr'>eiwotie</span> <span class='ocrx_word' id='word_1_677' title='bbox 1417 4269 1507 4322; x_wconf 83' lang='lat' dir='ltr'>oculis</span> <span class='ocrx_word' id='word_1_678' title='bbox 1542 4269 1571 4321; x_wconf 90' lang='lat' dir='ltr'>in</span> <span class='ocrx_word' id='word_1_679' title='bbox 1604 4269 1712 4323; x_wconf 85' lang='lat' dir='ltr'>coelum</span> <span class='ocrx_word' id='word_1_680' title='bbox 1745 4271 1787 4322; x_wconf 84' lang='lat' dir='ltr'>ad</span> 
     </span>
     <span class='ocr_line' id='line_1_47' title="bbox 82 4354 1786 4424; baseline -0.002 -14"><span class='ocrx_word' id='word_1_681' title='bbox 82 4355 185 4423; x_wconf 73' lang='lat' dir='ltr'>jussit,</span> <span class='ocrx_word' id='word_1_682' title='bbox 209 4364 274 4408; x_wconf 88' lang='lat' dir='ltr'>tunc</span> <span class='ocrx_word' id='word_1_683' title='bbox 299 4373 356 4409; x_wconf 88' lang='lat' dir='ltr'>non</span> <span class='ocrx_word' id='word_1_684' title='bbox 373 4363 414 4409; x_wconf 82' lang='lat' dir='ltr'>est</span> <span class='ocrx_word' id='word_1_685' title='bbox 433 4355 620 4424; x_wconf 84' lang='lat' dir='ltr'>consecratio,</span> <span class='ocrx_word' id='word_1_686' title='bbox 643 4358 923 4412; x_wconf 69' lang='lat' dir='ltr'>astronomiam</span> <span class='ocrx_word' id='word_1_687' title='bbox 950 4365 976 4411; x_wconf 87' lang='lat' dir='ltr'>te</span> <span class='ocrx_word' id='word_1_688' title='bbox 1001 4359 1094 4410; x_wconf 88' lang='lat' dir='ltr'>Deum</span> <span class='ocrx_word' id='word_1_689' title='bbox 1117 4356 1234 4409; x_wconf 76' lang='lat' dir='ltr'>Patrem</span> <span class='ocrx_word' id='word_1_690' title='bbox 1253 4371 1336 4408; x_wconf 84' lang='lat' dir='ltr'>onum</span> <span class='ocrx_word' id='word_1_691' title='bbox 1358 4356 1583 4424; x_wconf 84' lang='lat' dir='ltr'>omnipotentem,</span> <span class='ocrx_word' id='word_1_692' title='bbox 1608 4355 1661 4409; x_wconf 85' lang='lat' dir='ltr'>tibi</span> <span class='ocrx_word' id='word_1_693' title='bbox 1675 4354 1786 4422; x_wconf 72' lang='lat' dir='ltr'>arctior</span> 
     </span>
     <span class='ocr_line' id='line_1_48' title="bbox 88 4440 1785 4511; baseline 0.001 -19"><span class='ocrx_word' id='word_1_694' title='bbox 88 4442 150 4494; x_wconf 80' lang='lat' dir='ltr'>rica</span> <span class='ocrx_word' id='word_1_695' title='bbox 167 4441 304 4498; x_wconf 72' lang='lat' dir='ltr'>recitatio.</span> <span class='ocrx_word' id='word_1_696' title='bbox 345 4441 464 4503; x_wconf 75' lang='lat' dir='ltr'>Quando</span> <span class='ocrx_word' id='word_1_697' title='bbox 483 4458 549 4496; x_wconf 87' lang='lat' dir='ltr'>uero</span> <span class='ocrx_word' id='word_1_698' title='bbox 568 4443 653 4496; x_wconf 84' lang='lat' dir='ltr'>ocrim</span> <span class='ocrx_word' id='word_1_699' title='bbox 671 4443 821 4497; x_wconf 61' lang='lat' dir='ltr'>recitamus</span> <span class='ocrx_word' id='word_1_700' title='bbox 838 4451 863 4496; x_wconf 91' lang='lat' dir='ltr'>et</span> <span class='ocrx_word' id='word_1_701' title='bbox 877 4445 924 4509; x_wconf 76' lang='lat' dir='ltr'>fa·</span> <span class='ocrx_word' id='word_1_702' title='bbox 949 4460 1053 4511; x_wconf 51' lang='lat' dir='ltr'>upana·</span> <span class='ocrx_word' id='word_1_703' title='bbox 1083 4442 1149 4496; x_wconf 89' lang='lat' dir='ltr'>item</span> <span class='ocrx_word' id='word_1_704' title='bbox 1177 4455 1211 4494; x_wconf 80' lang='lat' dir='ltr'>eu</span> <span class='ocrx_word' id='word_1_705' title='bbox 1242 4441 1294 4494; x_wconf 87' lang='lat' dir='ltr'>boc</span> <span class='ocrx_word' id='word_1_706' title='bbox 1320 4458 1413 4496; x_wconf 79' lang='lat' dir='ltr'>omnes</span> <span class='ocrx_word' id='word_1_707' title='bbox 1436 4441 1639 4510; x_wconf 71' lang='lat' dir='ltr'>(manducate),</span> <span class='ocrx_word' id='word_1_708' title='bbox 1668 4440 1734 4496; x_wconf 87' lang='lat' dir='ltr'>item</span> <span class='ocrx_word' id='word_1_709' title='bbox 1757 4447 1785 4494; x_wconf 87' lang='lat' dir='ltr'>st</span> 
     </span>
     <span class='ocr_line' id='line_1_49' title="bbox 89 4526 1787 4598; baseline -0.001 -18"><span class='ocrx_word' id='word_1_710' title='bbox 89 4528 190 4591; x_wconf 84' lang='lat' dir='ltr'>cimas,</span> <span class='ocrx_word' id='word_1_711' title='bbox 220 4528 297 4595; x_wconf 76' lang='lat' dir='ltr'>quoe</span> <span class='ocrx_word' id='word_1_712' title='bbox 318 4527 422 4596; x_wconf 76' lang='lat' dir='ltr'>jussit,</span> <span class='ocrx_word' id='word_1_713' title='bbox 451 4535 516 4582; x_wconf 83' lang='lat' dir='ltr'>tunc</span> <span class='ocrx_word' id='word_1_714' title='bbox 540 4528 631 4582; x_wconf 83' lang='lat' dir='ltr'>verbis</span> <span class='ocrx_word' id='word_1_715' title='bbox 656 4528 717 4582; x_wconf 81' lang='lat' dir='ltr'>iilis</span> <span class='ocrx_word' id='word_1_716' title='bbox 738 4528 926 4582; x_wconf 81' lang='lat' dir='ltr'>benedicimus</span> <span class='ocrx_word' id='word_1_717' title='bbox 950 4530 1022 4583; x_wconf 83' lang='lat' dir='ltr'>brasc</span> <span class='ocrx_word' id='word_1_718' title='bbox 1040 4528 1227 4598; x_wconf 84' lang='lat' dir='ltr'>praeclarum</span> <span class='ocrx_word' id='word_1_719' title='bbox 1249 4527 1380 4595; x_wconf 75' lang='lat' dir='ltr'>colicam,</span> <span class='ocrx_word' id='word_1_720' title='bbox 1403 4526 1471 4582; x_wconf 87' lang='lat' dir='ltr'>item</span> <span class='ocrx_word' id='word_1_721' title='bbox 1492 4529 1559 4582; x_wconf 87' lang='lat' dir='ltr'>noui</span> <span class='ocrx_word' id='word_1_722' title='bbox 1579 4535 1606 4582; x_wconf 84' lang='lat' dir='ltr'>et</span> <span class='ocrx_word' id='word_1_723' title='bbox 1623 4527 1733 4582; x_wconf 83' lang='lat' dir='ltr'>aeterni</span> <span class='ocrx_word' id='word_1_724' title='bbox 1749 4535 1787 4580; x_wconf 84' lang='lat' dir='ltr'>te-</span> 
     </span>
     <span class='ocr_line' id='line_1_50' title="bbox 88 4611 1786 4683; baseline 0.001 -16"><span class='ocrx_word' id='word_1_725' title='bbox 88 4614 160 4682; x_wconf 87' lang='lat' dir='ltr'>pani</span> <span class='ocrx_word' id='word_1_726' title='bbox 187 4621 214 4666; x_wconf 85' lang='lat' dir='ltr'>et</span> <span class='ocrx_word' id='word_1_727' title='bbox 237 4615 352 4683; x_wconf 82' lang='lat' dir='ltr'>poento.</span> <span class='ocrx_word' id='word_1_728' title='bbox 398 4619 422 4668; x_wconf 84' lang='lat'>6.</span> <span class='ocrx_word' id='word_1_729' title='bbox 449 4611 530 4678; x_wconf 84' lang='lat' dir='ltr'>Quod</span> <span class='ocrx_word' id='word_1_730' title='bbox 546 4615 687 4683; x_wconf 70' lang='lat' dir='ltr'>manicam</span> <span class='ocrx_word' id='word_1_731' title='bbox 707 4617 852 4683; x_wconf 77' lang='lat' dir='ltr'>qnondam</span> <span class='ocrx_word' id='word_1_732' title='bbox 871 4617 925 4670; x_wconf 85' lang='lat' dir='ltr'>uim</span> <span class='ocrx_word' id='word_1_733' title='bbox 950 4614 1081 4668; x_wconf 84' lang='lat' dir='ltr'>stamenti</span> <span class='ocrx_word' id='word_1_734' title='bbox 1103 4613 1262 4682; x_wconf 81' lang='lat' dir='ltr'>mysterium</span> <span class='ocrx_word' id='word_1_735' title='bbox 1283 4613 1364 4680; x_wconf 82' lang='lat' dir='ltr'>fidei.</span> <span class='ocrx_word' id='word_1_736' title='bbox 1405 4612 1589 4668; x_wconf 80' lang='lat' dir='ltr'>Bellarminru</span> <span class='ocrx_word' id='word_1_737' title='bbox 1607 4613 1625 4666; x_wconf 91' lang='lat' dir='ltr'>l.</span> <span class='ocrx_word' id='word_1_738' title='bbox 1645 4612 1672 4666; x_wconf 91' lang='lat' dir='ltr'>d.</span> <span class='ocrx_word' id='word_1_739' title='bbox 1690 4612 1786 4668; x_wconf 74' lang='lat' dir='ltr'>conffl-</span> 
     </span>
    </p>

    <p class='ocr_par' dir='ltr' id='par_1_5' title="bbox 10 4693 1786 4773">
     <span class='ocr_line' id='line_1_51' title="bbox 10 4693 1786 4773; baseline -0.001 -19"><span class='ocrx_word' id='word_1_740' title='bbox 10 4693 177 4754; x_wconf 63' lang='lat' dir='ltr'>Mlbuerbis</span> <span class='ocrx_word' id='word_1_741' title='bbox 196 4701 417 4754; x_wconf 73' lang='lat' dir='ltr'>corusci-ationis</span> <span class='ocrx_word' id='word_1_742' title='bbox 436 4701 569 4759; x_wconf 83' lang='lat' dir='ltr'>tribuunt.</span> <span class='ocrx_word' id='word_1_743' title='bbox 597 4701 925 4759; x_wconf 64' lang='lat' dir='ltr'>neumanensis</span> <span class='ocrx_word' id='word_1_744' title='bbox 950 4702 993 4773; x_wconf 90' lang='lat' dir='ltr'>git</span> <span class='ocrx_word' id='word_1_745' title='bbox 1017 4701 1055 4756; x_wconf 86' lang='lat' dir='ltr'>ad</span> <span class='ocrx_word' id='word_1_746' title='bbox 1076 4699 1268 4767; x_wconf 87' lang='lat' dir='ltr'>traditionem,</span> <span class='ocrx_word' id='word_1_747' title='bbox 1296 4701 1374 4767; x_wconf 79' lang='lat' dir='ltr'>qnod</span> <span class='ocrx_word' id='word_1_748' title='bbox 1395 4699 1464 4753; x_wconf 83' lang='lat' dir='ltr'>haec</span> <span class='ocrx_word' id='word_1_749' title='bbox 1485 4699 1639 4754; x_wconf 78' lang='lat' dir='ltr'>habeantur</span> <span class='ocrx_word' id='word_1_750' title='bbox 1657 4700 1687 4753; x_wconf 90' lang='lat' dir='ltr'>in</span> <span class='ocrx_word' id='word_1_751' title='bbox 1706 4699 1786 4753; x_wconf 81' lang='lat' dir='ltr'>litar-</span> 
     </span>
    </p>

    <p class='ocr_par' dir='ltr' id='par_1_6' title="bbox 83 4782 1788 5677">
     <span class='ocr_line' id='line_1_52' title="bbox 90 4782 1788 4858; baseline 0.001 -19"><span class='ocrx_word' id='word_1_752' title='bbox 90 4784 198 4840; x_wconf 74' lang='lat' dir='ltr'>euehat.</span> <span class='ocrx_word' id='word_1_753' title='bbox 220 4802 244 4842; x_wconf 88' lang='lat' dir='ltr'>c.</span> <span class='ocrx_word' id='word_1_754' title='bbox 266 4790 305 4841; x_wconf 82' lang='lat'>12.</span> <span class='ocrx_word' id='word_1_755' title='bbox 325 4782 353 4858; x_wconf 62' lang='grc' dir='ltr'>ξ.</span> <span class='ocrx_word' id='word_1_756' title='bbox 374 4785 445 4839; x_wconf 90' lang='lat' dir='ltr'>Cum</span> <span class='ocrx_word' id='word_1_757' title='bbox 457 4785 552 4855; x_wconf 81' lang='lat' dir='ltr'>igitur:</span> <span class='ocrx_word' id='word_1_758' title='bbox 564 4787 682 4858; x_wconf 83' lang='lat' dir='ltr'>impr’rsm</span> <span class='ocrx_word' id='word_1_759' title='bbox 695 4795 722 4842; x_wconf 90' lang='lat' dir='ltr'>et</span> <span class='ocrx_word' id='word_1_760' title='bbox 735 4788 926 4857; x_wconf 71' lang='lat' dir='ltr'>blasphemum</span> <span class='ocrx_word' id='word_1_761' title='bbox 950 4789 1000 4857; x_wconf 78' lang='lat' dir='ltr'>pia</span> <span class='ocrx_word' id='word_1_762' title='bbox 1017 4786 1122 4841; x_wconf 87' lang='lat' dir='ltr'>Jacobi</span> <span class='ocrx_word' id='word_1_763' title='bbox 1149 4793 1176 4839; x_wconf 89' lang='lat' dir='ltr'>et</span> <span class='ocrx_word' id='word_1_764' title='bbox 1202 4785 1366 4852; x_wconf 73' lang='lat' dir='ltr'>Clemmstis,</span> <span class='ocrx_word' id='word_1_765' title='bbox 1390 4787 1468 4853; x_wconf 79' lang='lat' dir='ltr'>qnod</span> <span class='ocrx_word' id='word_1_766' title='bbox 1485 4802 1505 4838; x_wconf 88' lang='lat' dir='ltr'>a</span> <span class='ocrx_word' id='word_1_767' title='bbox 1524 4785 1553 4839; x_wconf 78' lang='lat' dir='ltr'>S.</span> <span class='ocrx_word' id='word_1_768' title='bbox 1571 4785 1659 4838; x_wconf 84' lang='lat' dir='ltr'>Petro</span> <span class='ocrx_word' id='word_1_769' title='bbox 1679 4801 1711 4838; x_wconf 79' lang='lat' dir='ltr'>en</span> <span class='ocrx_word' id='word_1_770' title='bbox 1728 4793 1788 4840; x_wconf 67' lang='lat' dir='ltr'>ba·</span> 
     </span>
     <span class='ocr_line' id='line_1_53' title="bbox 89 4869 1788 4943; baseline -0.002 -16"><span class='ocrx_word' id='word_1_771' title='bbox 89 4869 142 4927; x_wconf 87' lang='lat' dir='ltr'>hoo</span> <span class='ocrx_word' id='word_1_772' title='bbox 153 4876 243 4938; x_wconf 75' lang='lat' dir='ltr'>soant,</span> <span class='ocrx_word' id='word_1_773' title='bbox 262 4871 311 4926; x_wconf 88' lang='lat' dir='ltr'>sed</span> <span class='ocrx_word' id='word_1_774' title='bbox 329 4871 427 4927; x_wconf 86' lang='lat' dir='ltr'>audiat</span> <span class='ocrx_word' id='word_1_775' title='bbox 438 4869 552 4939; x_wconf 87' lang='lat' dir='ltr'>Bielem,</span> <span class='ocrx_word' id='word_1_776' title='bbox 572 4871 620 4941; x_wconf 91' lang='lat' dir='ltr'>qni</span> <span class='ocrx_word' id='word_1_777' title='bbox 632 4872 696 4929; x_wconf 89' lang='lat' dir='ltr'>lect.</span> <span class='ocrx_word' id='word_1_778' title='bbox 708 4879 733 4934; x_wconf 80' lang='lat'>4,</span> <span class='ocrx_word' id='word_1_779' title='bbox 746 4873 775 4928; x_wconf 93' lang='lat' dir='ltr'>in</span> <span class='ocrx_word' id='word_1_780' title='bbox 785 4890 848 4930; x_wconf 88' lang='lat' dir='ltr'>can.</span> <span class='ocrx_word' id='word_1_781' title='bbox 862 4874 925 4928; x_wconf 88' lang='lat' dir='ltr'>mis·</span> <span class='ocrx_word' id='word_1_782' title='bbox 950 4875 1057 4928; x_wconf 83' lang='lat' dir='ltr'>ditione</span> <span class='ocrx_word' id='word_1_783' title='bbox 1075 4874 1251 4941; x_wconf 73' lang='lat' dir='ltr'>isabeantar5</span> <span class='ocrx_word' id='word_1_784' title='bbox 1269 4871 1319 4927; x_wconf 92' lang='lat' dir='ltr'>sed</span> <span class='ocrx_word' id='word_1_785' title='bbox 1335 4871 1403 4943; x_wconf 87' lang='lat' dir='ltr'>quid</span> <span class='ocrx_word' id='word_1_786' title='bbox 1423 4871 1459 4927; x_wconf 92' lang='lat' dir='ltr'>de</span> <span class='ocrx_word' id='word_1_787' title='bbox 1477 4870 1511 4925; x_wconf 93' lang='lat' dir='ltr'>iis</span> <span class='ocrx_word' id='word_1_788' title='bbox 1529 4875 1655 4926; x_wconf 81' lang='lat' dir='ltr'>veterum</span> <span class='ocrx_word' id='word_1_789' title='bbox 1667 4870 1788 4943; x_wconf 74' lang='lat' dir='ltr'>liturgiis</span> 
     </span>
     <span class='ocr_line' id='line_1_54' title="bbox 90 4955 1788 5026; baseline 0 -14"><span class='ocrx_word' id='word_1_790' title='bbox 90 4973 137 5012; x_wconf 88' lang='lat' dir='ltr'>sae</span> <span class='ocrx_word' id='word_1_791' title='bbox 167 4956 280 5025; x_wconf 74' lang='lat' dir='ltr'>assent,</span> <span class='ocrx_word' id='word_1_792' title='bbox 309 4957 510 5025; x_wconf 86' lang='lat' dir='ltr'>confectionem</span> <span class='ocrx_word' id='word_1_793' title='bbox 535 4960 664 5026; x_wconf 64' lang='lat' dir='ltr'>camaris</span> <span class='ocrx_word' id='word_1_794' title='bbox 693 4959 724 5013; x_wconf 86' lang='lat' dir='ltr'>in</span> <span class='ocrx_word' id='word_1_795' title='bbox 749 4968 926 5017; x_wconf 70' lang='lat' dir='ltr'>samomesto</span> <span class='ocrx_word' id='word_1_796' title='bbox 950 4959 1128 5016; x_wconf 87' lang='lat' dir='ltr'>statuendum</span> <span class='ocrx_word' id='word_1_797' title='bbox 1147 4957 1197 5022; x_wconf 90' lang='lat' dir='ltr'>sit,</span> <span class='ocrx_word' id='word_1_798' title='bbox 1218 4974 1269 5012; x_wconf 90' lang='lat' dir='ltr'>suo</span> <span class='ocrx_word' id='word_1_799' title='bbox 1286 4956 1349 5011; x_wconf 91' lang='lat' dir='ltr'>loco</span> <span class='ocrx_word' id='word_1_800' title='bbox 1366 4956 1483 5012; x_wconf 89' lang='lat' dir='ltr'>dicetur.</span> <span class='ocrx_word' id='word_1_801' title='bbox 1521 4956 1585 5026; x_wconf 86' lang='lat' dir='ltr'>Ipse</span> <span class='ocrx_word' id='word_1_802' title='bbox 1602 4955 1788 5012; x_wconf 84' lang='lat' dir='ltr'>Bellarminus</span> 
     </span>
     <span class='ocr_line' id='line_1_55' title="bbox 83 5041 1787 5117; baseline 0.001 -20"><span class='ocrx_word' id='word_1_803' title='bbox 83 5043 153 5111; x_wconf 85' lang='lat' dir='ltr'>fieri</span> <span class='ocrx_word' id='word_1_804' title='bbox 171 5042 272 5111; x_wconf 68' lang='lat' dir='ltr'>adorsa</span> <span class='ocrx_word' id='word_1_805' title='bbox 290 5043 401 5096; x_wconf 83' lang='lat' dir='ltr'>occrrita</span> <span class='ocrx_word' id='word_1_806' title='bbox 419 5041 520 5094; x_wconf 81' lang='lat' dir='ltr'>uirtute</span> <span class='ocrx_word' id='word_1_807' title='bbox 536 5058 592 5094; x_wconf 91' lang='lat' dir='ltr'>non</span> <span class='ocrx_word' id='word_1_808' title='bbox 608 5043 751 5098; x_wconf 79' lang='lat' dir='ltr'>insistente</span> <span class='ocrx_word' id='word_1_809' title='bbox 768 5047 809 5114; x_wconf 89' lang='lat' dir='ltr'>ei,</span> <span class='ocrx_word' id='word_1_810' title='bbox 835 5065 856 5101; x_wconf 90' lang='lat' dir='ltr'>a</span> <span class='ocrx_word' id='word_1_811' title='bbox 871 5062 925 5117; x_wconf 74' lang='lat' dir='ltr'>orso</span> <span class='ocrx_word' id='word_1_812' title='bbox 949 5047 978 5101; x_wconf 89' lang='lat' dir='ltr'>in</span> <span class='ocrx_word' id='word_1_813' title='bbox 1008 5044 1144 5116; x_wconf 90' lang='lat' dir='ltr'>principio</span> <span class='ocrx_word' id='word_1_814' title='bbox 1172 5043 1257 5112; x_wconf 87' lang='lat' dir='ltr'>hujus</span> <span class='ocrx_word' id='word_1_815' title='bbox 1286 5042 1386 5113; x_wconf 87' lang='lat' dir='ltr'>capitis</span> <span class='ocrx_word' id='word_1_816' title='bbox 1416 5059 1598 5112; x_wconf 87' lang='lat' dir='ltr'>responsurus</span> <span class='ocrx_word' id='word_1_817' title='bbox 1622 5047 1787 5113; x_wconf 86' lang='lat' dir='ltr'>argumento</span> 
     </span>
     <span class='ocr_line' id='line_1_56' title="bbox 88 5126 1786 5200; baseline -0.004 -10"><span class='ocrx_word' id='word_1_818' title='bbox 88 5130 129 5195; x_wconf 69' lang='lat' dir='ltr'>rii,</span> <span class='ocrx_word' id='word_1_819' title='bbox 146 5129 199 5183; x_wconf 73' lang='lat' dir='ltr'>ud</span> <span class='ocrx_word' id='word_1_820' title='bbox 216 5127 382 5197; x_wconf 65' lang='grc' dir='ltr'>αιιίιῑθιιωῑ</span> <span class='ocrx_word' id='word_1_821' title='bbox 400 5128 555 5182; x_wconf 78' lang='lat' dir='ltr'>comodum</span> <span class='ocrx_word' id='word_1_822' title='bbox 574 5143 655 5195; x_wconf 61' lang='lat' dir='ltr'>mem</span> <span class='ocrx_word' id='word_1_823' title='bbox 672 5131 785 5184; x_wconf 78' lang='lat' dir='ltr'>modum</span> <span class='ocrx_word' id='word_1_824' title='bbox 802 5133 927 5193; x_wconf 62' lang='lat' dir='ltr'>noune</span> <span class='ocrx_word' id='word_1_825' title='bbox 951 5131 1121 5186; x_wconf 86' lang='lat' dir='ltr'>Graecorum</span> <span class='ocrx_word' id='word_1_826' title='bbox 1149 5145 1183 5183; x_wconf 84' lang='lat' dir='ltr'>ex</span> <span class='ocrx_word' id='word_1_827' title='bbox 1208 5128 1325 5200; x_wconf 79' lang='lat' dir='ltr'>liturgia</span> <span class='ocrx_word' id='word_1_828' title='bbox 1346 5128 1448 5183; x_wconf 83' lang='lat' dir='ltr'>iacobi</span> <span class='ocrx_word' id='word_1_829' title='bbox 1472 5134 1501 5183; x_wconf 90' lang='lat' dir='ltr'>et</span> <span class='ocrx_word' id='word_1_830' title='bbox 1525 5126 1676 5183; x_wconf 89' lang='lat' dir='ltr'>Clementis</span> <span class='ocrx_word' id='word_1_831' title='bbox 1699 5127 1786 5198; x_wconf 88' lang='lat' dir='ltr'>petito</span> 
     </span>
     <span class='ocr_line' id='line_1_57' title="bbox 89 5213 1785 5282; baseline 0.001 -16"><span class='ocrx_word' id='word_1_832' title='bbox 89 5222 113 5266; x_wconf 85' lang='lat' dir='ltr'>et</span> <span class='ocrx_word' id='word_1_833' title='bbox 136 5213 336 5267; x_wconf 80' lang='lat' dir='ltr'>incantatrices</span> <span class='ocrx_word' id='word_1_834' title='bbox 360 5215 497 5282; x_wconf 78' lang='lat' dir='ltr'>qnosdmn</span> <span class='ocrx_word' id='word_1_835' title='bbox 521 5214 634 5281; x_wconf 78' lang='lat' dir='ltr'>effectus</span> <span class='ocrx_word' id='word_1_836' title='bbox 649 5217 810 5282; x_wconf 61' lang='lat' dir='ltr'>promtam</span> <span class='ocrx_word' id='word_1_837' title='bbox 827 5217 925 5272; x_wconf 75' lang='lat' dir='ltr'>dimm-</span> <span class='ocrx_word' id='word_1_838' title='bbox 952 5216 1032 5279; x_wconf 85' lang='lat' dir='ltr'>dicit,</span> <span class='ocrx_word' id='word_1_839' title='bbox 1056 5216 1187 5282; x_wconf 82' lang='lat' dir='ltr'>fortasse</span> <span class='ocrx_word' id='word_1_840' title='bbox 1214 5222 1350 5268; x_wconf 68' lang='lat' dir='ltr'>mutam</span> <span class='ocrx_word' id='word_1_841' title='bbox 1369 5229 1429 5266; x_wconf 83' lang='lat' dir='ltr'>esse</span> <span class='ocrx_word' id='word_1_842' title='bbox 1447 5213 1575 5267; x_wconf 64' lang='lat' dir='ltr'>udinem</span> <span class='ocrx_word' id='word_1_843' title='bbox 1593 5213 1785 5282; x_wconf 65' lang='lat' dir='ltr'>Rnoepimm.</span> 
     </span>
     <span class='ocr_line' id='line_1_58' title="bbox 89 5298 1787 5371; baseline 0.002 -21"><span class='ocrx_word' id='word_1_844' title='bbox 89 5307 134 5350; x_wconf 84' lang='lat' dir='ltr'>tur</span> <span class='ocrx_word' id='word_1_845' title='bbox 152 5307 177 5353; x_wconf 83' lang='lat' dir='ltr'>et</span> <span class='ocrx_word' id='word_1_846' title='bbox 195 5298 341 5352; x_wconf 73' lang='lat' dir='ltr'>extrahere</span> <span class='ocrx_word' id='word_1_847' title='bbox 359 5299 404 5354; x_wconf 85' lang='lat' dir='ltr'>lac</span> <span class='ocrx_word' id='word_1_848' title='bbox 422 5299 568 5353; x_wconf 68' lang='lat' dir='ltr'>cacanum</span> <span class='ocrx_word' id='word_1_849' title='bbox 585 5299 621 5352; x_wconf 82' lang='lat' dir='ltr'>ds</span> <span class='ocrx_word' id='word_1_850' title='bbox 639 5299 752 5353; x_wconf 86' lang='lat' dir='ltr'>redibas</span> <span class='ocrx_word' id='word_1_851' title='bbox 768 5303 814 5356; x_wconf 83' lang='lat' dir='ltr'>rei</span> <span class='ocrx_word' id='word_1_852' title='bbox 827 5320 925 5358; x_wconf 86' lang='lat' dir='ltr'>monn·</span> <span class='ocrx_word' id='word_1_853' title='bbox 950 5303 995 5357; x_wconf 77' lang='lat' dir='ltr'>Ao</span> <span class='ocrx_word' id='word_1_854' title='bbox 1012 5303 1047 5356; x_wconf 89' lang='lat' dir='ltr'>de</span> <span class='ocrx_word' id='word_1_855' title='bbox 1067 5299 1143 5355; x_wconf 87' lang='lat' dir='ltr'>Petri</span> <span class='ocrx_word' id='word_1_856' title='bbox 1160 5299 1274 5371; x_wconf 85' lang='lat' dir='ltr'>liturgia</span> <span class='ocrx_word' id='word_1_857' title='bbox 1291 5298 1451 5354; x_wconf 87' lang='lat' dir='ltr'>dubitanter</span> <span class='ocrx_word' id='word_1_858' title='bbox 1467 5299 1644 5369; x_wconf 85' lang='lat' dir='ltr'>pronuntiat,</span> <span class='ocrx_word' id='word_1_859' title='bbox 1662 5300 1689 5353; x_wconf 80' lang='lat' dir='ltr'>ei</span> <span class='ocrx_word' id='word_1_860' title='bbox 1707 5306 1747 5354; x_wconf 84' lang='lat' dir='ltr'>est</span> <span class='ocrx_word' id='word_1_861' title='bbox 1766 5317 1787 5354; x_wconf 89' lang='lat' dir='ltr'>a</span> 
     </span>
     <span class='ocr_line' id='line_1_59' title="bbox 89 5383 1786 5453; baseline 0.004 -19"><span class='ocrx_word' id='word_1_862' title='bbox 89 5385 158 5439; x_wconf 67' lang='lat' dir='ltr'>briis</span> <span class='ocrx_word' id='word_1_863' title='bbox 178 5383 334 5448; x_wconf 82' lang='lat' dir='ltr'>securium,</span> <span class='ocrx_word' id='word_1_864' title='bbox 353 5387 430 5453; x_wconf 68' lang='lat' dir='ltr'>meod</span> <span class='ocrx_word' id='word_1_865' title='bbox 447 5401 503 5439; x_wconf 88' lang='lat' dir='ltr'>non</span> <span class='ocrx_word' id='word_1_866' title='bbox 521 5384 554 5448; x_wconf 83' lang='lat' dir='ltr'>fit</span> <span class='ocrx_word' id='word_1_867' title='bbox 571 5385 702 5441; x_wconf 67' lang='lat' dir='ltr'>maii</span> <span class='ocrx_word' id='word_1_868' title='bbox 719 5386 821 5441; x_wconf 65' lang='lat' dir='ltr'>virtue</span> <span class='ocrx_word' id='word_1_869' title='bbox 837 5390 924 5446; x_wconf 83' lang='lat' dir='ltr'>mole·</span> <span class='ocrx_word' id='word_1_870' title='bbox 953 5388 982 5442; x_wconf 78' lang='lat' dir='ltr'>S.</span> <span class='ocrx_word' id='word_1_871' title='bbox 998 5388 1095 5442; x_wconf 87' lang='lat' dir='ltr'>Petro.</span> <span class='ocrx_word' id='word_1_872' title='bbox 1129 5384 1263 5440; x_wconf 85' lang='lat' dir='ltr'>Concedit</span> <span class='ocrx_word' id='word_1_873' title='bbox 1281 5384 1379 5451; x_wconf 70' lang='lat' dir='ltr'>edam,</span> <span class='ocrx_word' id='word_1_874' title='bbox 1401 5400 1494 5438; x_wconf 81' lang='lat' dir='ltr'>omnes</span> <span class='ocrx_word' id='word_1_875' title='bbox 1513 5392 1635 5440; x_wconf 65' lang='lat' dir='ltr'>vamum</span> <span class='ocrx_word' id='word_1_876' title='bbox 1652 5385 1786 5453; x_wconf 72' lang='lat' dir='ltr'>liturgias</span> 
     </span>
     <span class='ocr_line' id='line_1_60' title="bbox 89 5470 1785 5540; baseline -0.002 -15"><span class='ocrx_word' id='word_1_877' title='bbox 89 5472 208 5534; x_wconf 60' lang='lat' dir='ltr'>morum</span> <span class='ocrx_word' id='word_1_878' title='bbox 225 5485 312 5538; x_wconf 78' lang='lat' dir='ltr'>neque</span> <span class='ocrx_word' id='word_1_879' title='bbox 330 5488 364 5524; x_wconf 78' lang='lat' dir='ltr'>ee</span> <span class='ocrx_word' id='word_1_880' title='bbox 383 5488 482 5526; x_wconf 85' lang='lat' dir='ltr'>earam</span> <span class='ocrx_word' id='word_1_881' title='bbox 501 5471 610 5540; x_wconf 83' lang='lat' dir='ltr'>merito,</span> <span class='ocrx_word' id='word_1_882' title='bbox 628 5472 681 5527; x_wconf 82' lang='lat' dir='ltr'>sed</span> <span class='ocrx_word' id='word_1_883' title='bbox 697 5471 799 5527; x_wconf 53' lang='lat' dir='ltr'>&amp;uste</span> <span class='ocrx_word' id='word_1_884' title='bbox 816 5475 927 5529; x_wconf 78' lang='lat' dir='ltr'>aconita</span> <span class='ocrx_word' id='word_1_885' title='bbox 950 5474 1082 5540; x_wconf 85' lang='lat' dir='ltr'>uariare,</span> <span class='ocrx_word' id='word_1_886' title='bbox 1106 5488 1157 5525; x_wconf 91' lang='lat' dir='ltr'>nec</span> <span class='ocrx_word' id='word_1_887' title='bbox 1182 5472 1271 5526; x_wconf 79' lang='lat' dir='ltr'>rdiam</span> <span class='ocrx_word' id='word_1_888' title='bbox 1293 5487 1366 5534; x_wconf 87' lang='lat' dir='ltr'>esse,</span> <span class='ocrx_word' id='word_1_889' title='bbox 1396 5486 1467 5539; x_wconf 76' lang='lat' dir='ltr'>qnae</span> <span class='ocrx_word' id='word_1_890' title='bbox 1493 5470 1595 5527; x_wconf 80' lang='lat' dir='ltr'>habeat</span> <span class='ocrx_word' id='word_1_891' title='bbox 1619 5471 1713 5525; x_wconf 78' lang='lat' dir='ltr'>cornia</span> <span class='ocrx_word' id='word_1_892' title='bbox 1731 5470 1785 5523; x_wconf 85' lang='lat' dir='ltr'>iila</span> 
     </span>
     <span class='ocr_line' id='line_1_61' title="bbox 88 5553 1784 5677; baseline -0.002 -65"><span class='ocrx_word' id='word_1_893' title='bbox 88 5558 147 5612; x_wconf 85' lang='lat' dir='ltr'>siae</span> <span class='ocrx_word' id='word_1_894' title='bbox 167 5556 241 5609; x_wconf 85' lang='lat' dir='ltr'>bona</span> <span class='ocrx_word' id='word_1_895' title='bbox 257 5556 315 5608; x_wconf 85' lang='lat' dir='ltr'>sive</span> <span class='ocrx_word' id='word_1_896' title='bbox 332 5556 413 5611; x_wconf 86' lang='lat' dir='ltr'>maia</span> <span class='ocrx_word' id='word_1_897' title='bbox 427 5557 584 5613; x_wconf 60' lang='lat' dir='ltr'>arrisum</span> <span class='ocrx_word' id='word_1_898' title='bbox 618 5555 705 5677; x_wconf 56' lang='lat' dir='ltr'>fir</span> <span class='ocrx_word' id='word_1_899' title='bbox 721 5553 797 5614; x_wconf 68' lang='lat' dir='ltr'>defl-</span> <span class='ocrx_word' id='word_1_900' title='bbox 810 5555 925 5617; x_wconf 80' lang='lat' dir='ltr'>Victore</span> <span class='ocrx_word' id='word_1_901' title='bbox 950 5561 1043 5627; x_wconf 72' lang='lat' dir='ltr'>ambo,</span> <span class='ocrx_word' id='word_1_902' title='bbox 1063 5574 1136 5628; x_wconf 74' lang='lat' dir='ltr'>qaae</span> <span class='ocrx_word' id='word_1_903' title='bbox 1155 5557 1185 5612; x_wconf 87' lang='lat' dir='ltr'>in</span> <span class='ocrx_word' id='word_1_904' title='bbox 1202 5558 1334 5612; x_wconf 84' lang='lat' dir='ltr'>Romana</span> <span class='ocrx_word' id='word_1_905' title='bbox 1351 5555 1471 5625; x_wconf 74' lang='lat' dir='ltr'>is&#39;tnrpia</span> <span class='ocrx_word' id='word_1_906' title='bbox 1488 5554 1675 5614; x_wconf 69' lang='lat' dir='ltr'>emisissem.</span> <span class='ocrx_word' id='word_1_907' title='bbox 1703 5554 1784 5621; x_wconf 83' lang='lat' dir='ltr'>Quod</span> 
     </span>
    </p>
   </div>
   <div class='ocr_carea' id='block_1_4' title="bbox 0 0 2006 6021">
    <p class='ocr_par' dir='ltr' id='par_1_7' title="bbox 0 0 2006 6021">
     <span class='ocr_line' id='line_1_62' title="bbox 0 0 2006 6021; baseline 0 0"><span class='ocrx_word' id='word_1_908' title='bbox 0 0 2006 6021; x_wconf 95' lang='lat' dir='ltr'> </span> 
     </span>
    </p>
   </div>
  </div>
 </body>
</html>
