4004 6022
206 209 265 270 558
771 200 893 258 Locus
911 198 1116 258 wensinus
1135 199 1333 257 SECUNDUS

204 355 295 411 minus
319 354 444 412 fabulam
472 354 508 411 de
537 353 658 426 quadam
684 353 805 420 visione,
835 372 869 409 er
894 354 965 410 libro
992 352 1040 423 qui
1067 361 1133 406 runt
1150 350 1181 409 in
1199 353 1251 409 hoc
1268 353 1362 408 seculo
1380 352 1560 408 sanationum
1577 359 1605 406 et
1619 351 1844 420 prophetiarum
1859 354 1903 406 do-

204 441 364 496 inscribitur
385 441 530 496 Somnium
547 440 673 506 Isthmi,
693 441 741 495 ubi
754 440 893 496 Lutherus
913 446 1042 495 narratur
1066 457 1132 493 num
1150 444 1202 495 etc
1238 438 1318 494 Idem
1340 439 1467 511 agnoscit
1491 438 1572 494 Mart.
1596 436 1712 492 Delrius
1732 436 1784 493 lib.
1804 444 1830 495 2.
1855 438 1904 492 dia

205 528 373 597 apparuisse
406 527 573 596 quibuisdam
604 526 774 579 Lutheranis
804 526 935 596 tristique
964 525 1042 579 cultu
1067 526 1138 596 quis.
1158 526 1259 596 magio.
1279 542 1325 597 qu.
1340 533 1371 580 l:
1401 525 1479 580 Solet
1502 526 1615 593 quidem
1640 527 1723 577 Deus
1749 525 1826 577 hanc
1844 543 1903 592 pru

205 621 384 683 eonqssestus,
413 613 490 682 quod
516 619 574 665 tam
598 629 642 677 se,
674 629 758 681 quam
784 613 943 668 doctrinam
962 627 1042 664 suam
1066 612 1137 665 tiam
1164 612 1312 681 (miracula
1337 611 1472 679 faciendi)
1499 610 1623 678 pratum
1645 610 1731 664 etiam
1754 626 1904 679 perperam

205 698 345 768 discipuli
362 698 408 750 sui
425 697 503 752 brem
520 704 611 750 essent
630 699 784 767 deserturi,
804 698 941 769 aquibus
959 696 1040 750 visio·
1067 699 1102 751 de
1120 698 1177 760 lide
1195 698 1373 751 sentientibus
1390 696 1509 763 lorpirs',
1531 695 1630 748 sedin
1647 710 1734 749 verae
1753 697 1826 757 fidei
1840 714 1901 764 pro·

204 784 287 838 nibus
312 781 460 853 distinguit
481 799 548 837 sera
567 783 712 849 miracula,
738 801 809 855 quae
827 784 863 838 ab
883 783 1039 851 Augustino
1051 775 1054 857 1
1065 785 1216 850 beticum,
1243 791 1274 836 ut
1292 784 1408 851 quondo
1427 781 1507 834 dedit
1523 781 1705 850 prophetiam
1726 782 1900 836 Biteamoa

205 869 322 925 maxime
347 867 408 924 fieri
431 868 532 938 probat
557 886 590 923 ex
612 868 660 925 lib.
687 874 729 928 12.
756 869 792 924 de
808 869 882 926 civit.
899 869 952 924 Dei
971 885 996 926 c.
1016 874 1040 923 8.
1068 871 1205 939 Caiphae.
1240 870 1277 922 In
1301 870 1397 931 falsae
1419 869 1490 934 fidei
1513 869 1756 932 coadunationem
1785 885 1838 922 nee
1862 871 1902 922 de-

205 955 253 1009 ubi
279 959 376 1009 conha
398 971 523 1025 paganos
543 954 658 1009 adducit
674 956 815 1010 miracula
835 955 970 1021 mma,
987 955 1040 1020 sa»
1066 957 1156 1024 disse,
1188 972 1237 1009 nee
1264 957 1355 1025 mapis
1385 958 1456 1008 dare
1479 957 1561 1008 Deus
1581 955 1688 1024 possit,
1713 972 1804 1023 queam
1819 963 1904 1024 potat

205 1050 251 1095 cta
280 1043 322 1094 ad
352 1041 492 1110 reliquias
519 1049 693 1103 sanctorum,
723 1043 877 1110 praecipue
904 1039 1042 1109 Stephani
1066 1043 1171 1096 ueritas
1188 1043 1306 1097 metiri.
1340 1042 1471 1096 Paratum
1496 1041 1633 1113 igiturex
1652 1041 1715 1112 ipso
1736 1041 1903 1096 Rellarmino

203 1128 430 1197 protomartyris.
462 1126 687 1196 Respondemus:
707 1127 873 1182 Donatistae
884 1143 939 1181 non
952 1126 1040 1179 solum
1067 1126 1201 1182 babemus
1223 1128 1428 1198 responsionem
1453 1127 1489 1182 ad
1507 1126 1642 1181 miracula
1658 1127 1816 1193 tanaitica,
1839 1144 1904 1198 quse

205 1213 329 1267 occultas
353 1212 487 1280 visiones,
516 1212 565 1266 sed
591 1213 673 1267 etiam
690 1213 837 1268 manifesta
852 1212 985 1266 miracula
998 1212 1041 1280 js·
1067 1231 1117 1284 per
1136 1230 1236 1268 nomen
1254 1213 1356 1268 Christi
1374 1215 1403 1268 in
1425 1229 1496 1270 novo
1514 1212 1583 1268 orba
1601 1212 1719 1282 iaciunt,
1738 1220 1772 1268 ut
1793 1229 1904 1284 appare

204 1298 356 1367 etitabant,
383 1298 423 1351 sic
448 1297 521 1352 enim
543 1297 578 1352 de
596 1297 652 1352 illis
671 1298 768 1353 scribit
786 1298 961 1369 Augustinus
979 1296 1041 1352 libr.
1069 1300 1110 1354 bit
1128 1299 1252 1356 iniamus.

206 1382 551 1440 deunit.eccles.c.16:
578 1386 645 1439 Nou
663 1385 756 1453 diem,
779 1385 845 1438 ideo
863 1401 959 1438 semum
976 1398 1043 1450 esse,
1104 1392 1163 1442 115.
1199 1393 1222 1442 2.
1240 1385 1427 1456 Exposuimus
1451 1385 1586 1441 hactenus
1610 1386 1733 1456 primum
1753 1385 1956 1440 senmntssns

166 1501 170 1508 ·
207 1471 275 1540 quia
293 1470 348 1523 illa
366 1477 392 1522 et
410 1469 464 1522 illa
478 1470 624 1524 mirabilia
634 1470 705 1535 fecit
716 1472 849 1523 Donatus
859 1471 903 1524 sel
916 1469 1043 1536 Pontius,
1070 1478 1182 1527 nostrae
1207 1478 1416 1543 argumentum,
1442 1471 1567 1527 succedit
1589 1472 1718 1527 alterum.
1762 1445 1956 1536 Quodam-{ff

206 1557 250 1609 ael
274 1555 389 1623 quilibet
418 1555 508 1620 atius,
532 1562 583 1610 aut
609 1555 677 1623 quia
698 1556 821 1609 homines
840 1558 881 1609 ad
896 1554 1044 1609 memorias
1070 1573 1124 1629 que
1143 1557 1276 1613 ecclesiae
1293 1573 1349 1612 nou
1368 1557 1498 1612 convenit
1515 1575 1623 1628 semper
1642 1574 1676 1612 ac
1689 1567 1841 1628 perpetuo,
1859 1548 1956 1647 ιιοιιζξζΙ1

206 1650 380 1695 mortuorum
410 1649 568 1695 nostrorum
594 1649 676 1695 orant
708 1648 734 1694 ct
758 1641 962 1709 euoudiuntur,
994 1647 1043 1692 aut
1070 1650 1112 1699 est
1131 1644 1260 1715 genuina,
1280 1643 1393 1714 propria
1409 1650 1439 1698 et
1450 1642 1610 1698 infallibilis
1629 1644 1690 1714 ejus
1707 1649 1788 1701 nota.
1829 1645 1907 1699 Min-

207 1727 275 1796 quia
297 1727 351 1781 illa
372 1734 398 1781 ct
416 1727 471 1782 illu
489 1727 531 1779 ibi
548 1727 719 1797 contingunt,
738 1735 788 1780 aut
801 1728 869 1796 quia
883 1727 932 1780 itte
944 1728 1045 1794 frater
1070 1730 1133 1784 culs
1158 1747 1213 1785 uon
1237 1728 1405 1784 conveniunt
1424 1728 1559 1783 ecclesiae
1583 1745 1693 1798 semper
1711 1746 1746 1784 ac
1766 1739 1907 1800 perpetua

206 1821 301 1867 noster
318 1820 346 1866 et
365 1813 419 1866 illa
436 1830 520 1867 soror
536 1821 635 1868 nostra
651 1814 710 1867 tale
727 1813 815 1867 cisum
829 1813 952 1880 cipilans
964 1813 1044 1879 uidit,
1070 1815 1145 1887 Ergo
1163 1832 1220 1870 non
1235 1822 1301 1870 sunt
1318 1815 1448 1886 genuina,
1466 1815 1581 1884 propria
1599 1821 1627 1869 et
1644 1813 1807 1870 infallibilis
1826 1817 1907 1871 eseia

207 1900 249 1953 od
273 1900 332 1953 tale
354 1900 444 1952 visum
467 1900 610 1954 duarum
628 1899 778 1953 somniavit
797 1904 848 1954 etc.
877 1897 925 1953 ubi
947 1900 1043 1968 Augu·
1070 1900 1127 1954 siae
1145 1907 1219 1957 nom.
1255 1902 1420 1955 Assumtum
1438 1899 1630 1969 confirmatur,
1649 1900 1716 1970 quia
1734 1899 1842 1956 donum
1862 1901 1906 1955 mi·

207 1984 297 2038 shnus
317 1990 346 2040 et
366 1985 485 2040 visiones
504 1991 532 2042 et
552 1985 687 2041 miracula
701 1984 913 2040 Donatistarum
931 1985 1045 2054 conjun·
1071 1988 1226 2042 raculorum
1247 1986 1301 2041 fuit
1324 1986 1483 2056 primitivae
1509 1985 1643 2041 ecclesiae
1660 1987 1824 2057 proprium,
1849 2004 1906 2057 pro

207 2071 250 2143 git
272 2078 300 2125 et
323 2070 417 2125 addit:
453 2072 661 2127 Remooeantur
687 2071 743 2125 ista
760 2071 806 2124 uel
818 2072 955 2139 figmenta
971 2086 1043 2122 men·
1070 2090 1168 2145 gressu
1194 2089 1260 2128 varo
1287 2072 1418 2142 temporis
1446 2071 1574 2127 cassavit.
1618 2071 1746 2126 Fuerunt
1776 2073 1909 2127 miracus

208 2157 321 2209 domrsm
344 2156 486 2210 hominum
505 2157 549 2210 vel
562 2165 697 2224 portenta
714 2156 869 2222 fallacium
885 2156 1044 2225 spirituum.
1071 2159 1149 2212 velut
1167 2157 1303 2213 buccinae
1321 2163 1406 2228 atque
1424 2172 1589 2228 praecones,
1602 2157 1714 2233 ,quibus
1732 2159 1908 2230 evangelium

209 2243 269 2295 Aut
286 2243 357 2296 enim
375 2261 431 2297 non
447 2251 511 2296 ssent
528 2260 606 2313 vera,
624 2260 698 2312 quae
717 2243 859 2310 dicuntur,
878 2251 928 2295 aut
943 2243 970 2295 si
980 2242 1045 2295 hae·
1072 2245 1198 2314 primitus
1219 2243 1472 2299 commendabatur.
1504 2243 1543 2300 Ut
1559 2243 1633 2298 cuim
1648 2243 1706 2313 legi
1718 2242 1829 2314 Moysis
1839 2261 1907 2299 com·

208 2329 359 2383 recisorum
378 2329 477 2398 aliqua
499 2330 572 2382 mira
587 2330 670 2393 faeta
687 2338 759 2397 sunt,
780 2328 871 2396 mapis
887 2329 1046 2381 casmede·
1071 2330 1198 2401 pluribus
1220 2329 1361 2384 miraculis
1386 2328 1416 2382 in
1441 2334 1533 2384 monte
1558 2329 1626 2385 Sina
1646 2335 1674 2382 et
1701 2347 1752 2400 per
1772 2330 1908 2385 danum

209 2415 316 2485 bernus,
345 2417 422 2485 quod
446 2432 508 2468 cum
531 2415 645 2469 chrisost
662 2417 819 2478 Dominus,
845 2416 982 2484 quosdam
999 2415 1045 2475 fu·
1072 2415 1223 2470 auctoritas
1241 2414 1475 2481 scamnalium,
1501 2430 1572 2484 quae
1596 2421 1689 2468 tamen
1710 2423 1826 2485 postea,
1849 2433 1908 2469 cnm

210 2509 287 2555 turos
300 2500 503 2570 essefallaces,
517 2503 568 2570 qui
575 2502 712 2556 nonnulla
721 2503 803 2570 siqua
814 2501 950 2566 faciendo
963 2500 1046 2554 etiam
1073 2501 1109 2555 ad
1128 2508 1228 2555 terram
1242 2500 1430 2570 promissionis
1442 2507 1554 2554 ventum
1568 2505 1619 2568 est,
1637 2506 1797 2568 cessarunt;
1815 2502 1907 2556 mem

210 2588 321 2652 electos,
342 2587 369 2640 si
380 2588 451 2655 fieri
462 2594 567 2656 posset,
585 2588 730 2656 fallerent,
750 2587 857 2657 adjecit
875 2586 1046 2640 uehementer
1072 2587 1179 2642 ratione
1197 2587 1310 2642 sublata
1326 2592 1392 2640 sunt
1408 2584 1550 2651 miracula,
1566 2602 1629 2639 cum
1642 2586 1818 2654 praedicatio
1829 2604 1906 2643 evan-

86 2688 136 2728 111.
149 2685 195 2730 scs.
211 2675 408 2727 coasmendans
428 2680 454 2727 et
472 2673 529 2726 ait:
556 2673 632 2727 Ecce
643 2675 781 2743 praedici
797 2673 883 2726 uobis.
916 2671 961 2726 ita
980 2687 1046 2741 quc·
1072 2672 1139 2745 gelii
1152 2689 1202 2743 per
1216 2672 1374 2728 universum
1387 2670 1482 2726 orbem
1494 2670 1592 2726 fuisset
1604 2669 1713 2724 diffusa
1745 2671 1908 2728 Confirmari

211 2775 266 2831 que
291 2763 400 2813 tractat.
431 2763 471 2815 13.
499 2758 528 2812 iu
553 2758 655 2815 iehan.
683 2764 779 2813 contra
805 2758 867 2812 illos
895 2756 1045 2811 mirabilia·
1072 2760 1141 2813 illud
1159 2764 1252 2829 potest
1271 2775 1304 2814 ex
1325 2757 1475 2829 Scripturis
1494 2756 1592 2822 sacris,
1621 2773 1655 2811 ex
1682 2756 1801 2814 historia
1824 2759 1906 2813 eccle

209 2845 265 2899 rios
296 2843 513 2914 praedictionem
543 2843 646 2898 Christi
679 2850 774 2915 urget:
819 2846 857 2897 In
888 2844 1045 2897 amissimis
1072 2845 1129 2900 siae
1159 2851 1187 2900 st
1214 2862 1247 2900 ex
1272 2842 1435 2898 testimoniis
1459 2848 1578 2913 patrum.
1625 2841 1711 2897 Marc.
1741 2850 1791 2907 16,
1820 2862 1846 2897 v.
1871 2851 1908 2899 11.

211 2932 309 3003 diebus
328 2937 473 2998 assurgent
486 2931 751 3000 pseudoprophetae
761 2931 905 2999 facientes
923 2931 1006 2998 siqua
1020 2936 1046 2981 et
1072 2931 1198 2986 Christus
1226 2929 1365 3001 apostolos
1389 2945 1453 2982 suos
1477 2928 1513 2983 ad
1536 2930 1770 2997 praedicandum
1794 2947 1907 3002 evange

206 3025 342 3086 portenta
362 3033 467 3086 magna
482 3022 535 3071 etc.
565 3021 594 3071 et
612 3016 703 3070 addit:
722 3033 787 3085 erpo
804 3024 964 3070 cautosnos
976 3015 1047 3081 fecit
1071 3019 1141 3071 lium
1166 3017 1194 3071 iu
1220 3021 1278 3071 tcto
1304 3023 1438 3071 terrarum
1465 3013 1531 3068 orbe
1557 3012 1692 3085 ablegans
1721 3014 1839 3070 instruit
1865 3033 1908 3071 cos

210 3120 343 3173 sponssm,
375 3103 443 3171 quia
472 3108 497 3154 et
528 3101 676 3155 miraculis
707 3103 803 3172 dempi
827 3121 883 3157 aon
910 3102 1045 3155 debemus.
1071 3103 1144 3157 dono
1175 3102 1371 3156 miraculorum
1404 3100 1590 3166 edendorum,
1627 3101 1730 3172 quibus
1767 3102 1908 3157 docuinae

209 3188 297 3260 Atqui
322 3187 345 3242 si
366 3186 532 3243 Donatistae
556 3187 692 3242 duntaxat
711 3187 835 3243 occultas
853 3187 988 3259 quasdam
1005 3187 1044 3241 si·
1072 3187 1249 3258 evangelicae
1266 3187 1410 3243 veritatem
1437 3186 1591 3258 gentilibus
1610 3185 1791 3255 confirment,
1816 3205 1908 3260 quem·

209 3277 300 3330 aiones
313 3273 502 3345 jactitassent‚
521 3289 653 3343 quorsum
667 3290 737 3343 opus
749 3272 1045 3327 fuissetvanamillam
1071 3274 1221 3330 admodum
1245 3274 1330 3329 etiam
1350 3275 1410 3343 jam
1433 3279 1498 3327 ante
1524 3277 1584 3326 tum
1602 3272 1690 3343 ipsos,
1718 3281 1780 3328 tum
1799 3279 1908 3344 septua-

207 3360 373 3430 jactantiam
390 3375 505 3430 operose
520 3357 664 3413 confutare
680 3364 708 3413 et
716 3358 935 3429 praedictionem
944 3358 1047 3413 Christi
1071 3361 1151 3432 ginta
1173 3358 1325 3430 discipulos
1350 3359 1387 3413 ad
1410 3359 1630 3429 praedicandum
1651 3359 1680 3412 in
1697 3358 1841 3415 iudaeam
1860 3358 1906 3413 ab

211 3446 246 3501 de
275 3445 580 3517 pseudoprophetarum
615 3444 755 3499 miraculis
784 3450 929 3515 tantopere
951 3452 1047 3501 contm
1072 3447 1179 3518 legatos
1201 3446 1273 3500 douc
1291 3445 1338 3498 illo
1357 3444 1525 3499 instruxerat
1546 3443 1647 3500 Matth.
1667 3451 1706 3509 1⁰,
1724 3460 1753 3501 v.
1776 3450 1797 3500 l.
1825 3443 1909 3499 Marc.

211 3533 287 3602 ipsos
311 3530 432 3601 urgere?
464 3530 544 3594 Quae
567 3546 633 3586 vero
651 3531 784 3584 miracula
803 3537 831 3586 et
846 3547 902 3601 quo
919 3535 1048 3601 respectu
1073 3538 1097 3600 3,
1115 3549 1142 3590 v.
1163 3537 1202 3586 13.
1220 3532 1289 3586 Luc.
1308 3538 1332 3595 9,
1352 3548 1378 3583 v.
1400 3536 1423 3585 1.
1442 3546 1466 3583 c.
1487 3536 1527 3599 10,
1544 3548 1571 3586 v.
1594 3536 1615 3584 1.
1634 3537 1659 3586 9.
1681 3536 1721 3586 ll.
1746 3536 1786 3585 19.
1807 3547 1908 3602 nequa·

211 3615 386 3689 Augustinus
415 3621 443 3669 et
466 3632 517 3670 nos
543 3632 606 3670 eum
628 3617 688 3686 ipso
711 3615 821 3669 maximi
840 3615 987 3683 iaciamus,
1014 3632 1048 3669 ex
1073 3637 1157 3691 quam
1174 3634 1240 3673 vero
1258 3616 1417 3688 generalem
1438 3616 1578 3687 quandam
1595 3615 1808 3686 promissionem
1827 3617 1910 3680 dedit,

212 3701 393 3773 sequentibus
412 3700 590 3772 intelligetur.
625 3701 735 3756 Fabula
753 3701 917 3756 deLutheri
933 3701 1047 3768 visione,
1073 3705 1147 3776 quod
1175 3704 1280 3758 donum
1298 3703 1368 3757 illud
1388 3703 1471 3757 etiam
1489 3707 1553 3772 post
1570 3701 1810 3772 praedicationem
1829 3719 1908 3757 evan-

212 3804 296 3859 quam
315 3784 500 3840 Bellarminus
518 3784 591 3840 torte
607 3786 747 3841 somnians
767 3788 851 3856 vidit,
868 3787 990 3842 oblectet
1008 3804 1046 3851 se,
1073 3791 1138 3863 gelii
1163 3790 1192 3844 iu
1216 3789 1319 3843 mundo
1342 3795 1483 3858 receptam
1506 3788 1645 3842 ordinarie
1673 3795 1702 3843 et
1725 3795 1865 3859 perpetuo
1882 3790 1908 3842 in

211 3871 345 3946 quamdiu
364 3870 440 3928 velit.
480 3871 606 3927 Hominis
626 3879 669 3926 est
686 3872 803 3927 nimium
821 3871 927 3929 creduli
942 3873 1047 3928 talibus
1073 3876 1191 3933 ecclesia
1204 3875 1298 3945 vigere
1309 3872 1417 3927 debeat.
1435 3873 1480 3927 De
1489 3875 1562 3927 dono
1572 3874 1645 3927 enim
1652 3875 1828 3943 linguarum,
1838 3873 1910 3945 quod

211 3958 294 4030 nugis
318 3963 346 4012 et
369 3955 510 4028 figmentis
534 3957 617 4012 fidem
635 3958 777 4016 adhibere.
813 3965 836 4015 3.
854 3959 898 4015 De
915 3959 1048 4013 miraculo
1073 3961 1148 4034 apud
1160 3961 1285 4015 Marcum
1296 3958 1369 4013 inter
1381 3957 1430 4012 illa
1445 3958 1579 4013 muscula
1591 3958 1764 4028 apostolicae
1774 3976 1809 4014 ac
1820 3959 1911 4030 primi·

212 4043 428 4100 Novtfitmfflm
446 4043 604 4115 ῐθψθῦᾶθῒ,
623 4047 731 4107 factum
750 4047 784 4099 id
800 4061 858 4098 esse
871 4062 929 4098 non
940 4046 971 4098 in
983 4061 1046 4097 con·
1072 4049 1145 4103 uvae
1163 4047 1298 4102 ecclesiae
1315 4044 1441 4113 refertur,
1461 4044 1529 4099 dicit
1547 4043 1652 4099 Paulus
1666 4052 1687 4100 l.
1700 4043 1764 4099 Cor.
1779 4053 1819 4116 lt,
1830 4064 1856 4099 v.
1867 4050 1909 4102 22:

210 4131 396 4195 firinatiouem
413 4129 482 4191 fidei
499 4129 671 4194 Novatians'l,
687 4133 740 4183 sed
756 4131 891 4184 catholici
907 4130 1047 4197 baptismi.
1074 4135 1201 4202 Linquere
1215 4133 1246 4186 in
1258 4132 1366 4199 sipnum
1375 4137 1439 4183 aurit
1450 4149 1506 4184 non
1514 4131 1658 4199 fidelibus,
1671 4132 1724 4184 sed
1737 4131 1910 4200 infidelibus,

212 4215 434 4286 Respondemus:
454 4214 510 4269 alia
529 4221 572 4270 est
591 4215 717 4287 quaestio
736 4215 771 4270 ds
783 4216 909 4270 miraculi
923 4216 1046 4281 ve1itate,
1074 4235 1108 4273 ex
1125 4235 1180 4289 quo
1198 4218 1257 4273 loco
1275 4216 1409 4271 Claudius
1426 4215 1604 4287 Espencaeus
1629 4231 1726 4271 comm
1747 4217 1776 4270 in
1795 4224 1822 4273 2.
1841 4216 1910 4272 tim

211 4300 268 4355 alia
288 4317 352 4355 vero
371 4301 407 4356 de
424 4299 550 4355 miraculi
565 4298 631 4358 fine.
667 4299 880 4371 Sufficitnobis,
898 4301 1047 4373 qnodBel·
1075 4311 1098 4360 ³.
1124 4302 1246 4373 colligit:
1277 4303 1331 4356 Ubi
1355 4302 1450 4355 nullsss
1476 4309 1516 4354 est
1543 4301 1679 4369 infidelis,
1703 4303 1910 4368 facundorum

211 4386 344 4442 larminus
364 4385 504 4454 concedit,
530 4387 613 4440 etiam
628 4403 685 4455 per
703 4387 860 4442 haereticos
877 4403 944 4441 uera
962 4390 1047 4442 mma·
1073 4390 1276 4445 miraculorum
1303 4388 1385 4442 nialla
1405 4395 1445 4440 est
1465 4388 1621 4440 necessitas.
1657 4386 1910 4457 ”Chrysostomns

212 4474 279 4528 meta
299 4474 363 4540 fieri
377 4489 474 4543 posse,
498 4471 597 4542 quibus
618 4479 712 4526 tamen
727 4490 785 4526 nou
802 4475 980 4542 confirmetur
997 4477 1046 4528 do·
1073 4476 1102 4530 iu
1121 4473 1220 4531 Matth.
1239 4473 1312 4530 horn.
1331 4480 1355 4529 l.
1374 4478 1403 4527 et
1421 4476 1463 4528 33.
1485 4477 1512 4526 et
1531 4478 1572 4527 st.
1592 4469 1686 4525 multis
1704 4472 1802 4543 docet,
1830 4475 1909 4529 hodic

213 4558 306 4613 ctrina
335 4560 459 4628 ipsorum
489 4557 646 4627 haeretica,
676 4559 729 4612 sed
754 4559 908 4628 baptismus
935 4567 960 4613 et
986 4560 1047 4613 alia
1069 4570 1220 4631 postquam
1242 4561 1378 4630 pluritate
1406 4566 1446 4612 cst
1471 4559 1574 4627 religio
1596 4557 1778 4625 Christiano,
1803 4561 1908 4615 nullan

213 4646 354 4714 quaedam
379 4645 514 4713 dogmata
540 4645 582 4696 ad
605 4644 774 4698 catholicam
792 4645 940 4699 ecclmiam
959 4647 1047 4716 perti·
1074 4664 1133 4701 esse
1150 4645 1350 4699 miraculorum
1369 4644 1571 4698 necessitatem.
1608 4642 1680 4710 Lepi
1702 4643 1820 4712 Moysis
1841 4665 1905 4701 eom·

213 4731 323 4796 nentia,
354 4745 426 4799 quae
450 4730 480 4782 in
506 4730 709 4783 haereticorum
732 4730 854 4784 coetibus
879 4734 1048 4800 quandoque
1069 4733 1201 4802 pluribus
1224 4729 1372 4784 miraculis
1397 4730 1541 4798 quondam
1553 4745 1609 4796 per
1626 4730 1769 4783 limatum
1788 4733 1906 4787 auctori·

213 4816 324 4884 integra
341 4816 436 4868 adhuc
451 4815 594 4872 habentur.
630 4815 736 4870 Eadem
753 4815 812 4872 iera
829 4815 935 4871 ratione
953 4816 1046 4888 dispu-
1073 4828 1118 4873 tas
1135 4817 1348 4884 canaliabatur,
1366 4832 1438 4884 quae
1451 4822 1563 4884 postea,
1580 4832 1642 4868 cum
1659 4817 1700 4868 ad
1722 4823 1833 4873 umam
1843 4835 1905 4889 pro

212 4907 255 4956 tat
278 4899 450 4956 Athanasius
475 4899 504 4953 in
528 4918 574 4972 qq.
593 4901 630 4955 ad
649 4900 778 4955 Antioch.
797 4919 845 4972 qu.
867 4907 929 4957 110:
957 4903 1048 4973 Saepe
1073 4905 1189 4959 missam
1213 4903 1352 4966 uenirent,
1373 4903 1437 4966 fieri
1461 4902 1631 4955 desinebant.
1665 4899 1847 4974 Augustinus
1864 4905 1906 4959 lib

211 5006 268 5042 non
284 4988 385 5042 strnue
403 4986 542 5039 miracuta
561 4987 682 5056 edentis,
701 5003 772 5055 quae
790 4987 965 5042 sanationem
983 4991 1046 5057 esst-
1074 4991 1190 5044 devera
1206 4987 1285 5059 relig.
1304 5004 1329 5044 c.
1347 4992 1395 5042 25:
1430 4986 1579 5040 Miracuba
1603 4986 1634 5040 in
1658 4996 1760 5043 nostra
1783 4998 1906 5061 tempora

212 5075 283 5144 ciat,
301 5072 443 5127 miracuta
455 5072 543 5141 fiunt,
568 5074 621 5125 sed
632 5074 693 5141 side
711 5075 751 5126 ad
770 5089 831 5126 eum
852 5075 981 5127 adeuntis
998 5077 1045 5130 ho·
1074 5078 1180 5129 durare
1199 5073 1343 5144 permissa
1364 5089 1420 5126 non
1441 5080 1521 5139 sunt,
1549 5089 1585 5126 ne
1601 5074 1699 5128 animia
1715 5092 1830 5147 semper
1845 5079 1906 5132 aisi-

212 5162 308 5226 mim's,
340 5159 476 5228 seruitum
500 5166 542 5212 est
566 5158 655 5212 enim.-
682 5162 759 5227 fides
785 5168 835 5214 tua
862 5168 888 5214 te
917 5162 1046 5216 serravit.
1074 5162 1144 5216 bilia
1168 5169 1315 5231 quaereret
1342 5168 1370 5214 et
1396 5176 1492 5215 eorum
1517 5163 1719 5216 consumudins
1743 5164 1907 5232 frigesceret

214 5247 330 5314 Oportet
357 5253 383 5299 et
406 5244 457 5299 hoc
478 5244 574 5298 notari
597 5244 724 5315 (iuquit),
750 5248 828 5315 qsrod
853 5246 935 5300 multi
955 5263 1047 5316 praue
1072 5265 1159 5315 penus
1178 5248 1337 5310 humanum,
1356 5264 1474 5315 qssorum
1490 5247 1614 5301 nosdms
1624 5249 1816 5317 „flagrauit”
1851 5250 1908 5305 vir

213 5333 356 5385 credentes
389 5332 491 5385 malms
525 5330 637 5384 labores
666 5332 817 5385 obtuderint
843 5333 967 5386 Domino
991 5350 1047 5403 per
1073 5339 1133 5388 tute
1152 5332 1227 5387 illius
1246 5331 1434 5403 promissionis
1454 5348 1473 5386 a
1488 5330 1600 5389 Christo
1619 5333 1754 5404 apostolis
1771 5335 1867 5392 factae
1882 5336 1953 5389 inm

214 5417 435 5473 mmcimtionem
460 5424 487 5472 et
509 5419 663 5472 usercedem
679 5435 734 5487 pro
752 5417 792 5470 eis
811 5435 831 5470 a
850 5419 912 5472 Deo
932 5437 1043 5490 accepe-
1073 5418 1189 5476 ecclesia
1207 5417 1379 5489 aliquamdiu
1398 5417 1488 5487 viguit
1506 5417 1610 5472 donum
1628 5418 1767 5475 muscula
1781 5421 1911 5490 faciendi,
