4004 6022
236 282 296 339 410
425 309 427 314 ·
799 272 922 331 LOCUS
940 271 1144 362 moremus
1162 271 1361 330 SECUNDUS

182 428 184 433 ’
234 427 345 500 scriptis
372 429 498 485 convinci
517 445 679 500 possumus,
705 428 741 482 ab
761 428 877 500 antiqua
893 427 1002 483 illorum
1019 426 1067 482 do·
1093 442 1197 484 sensus.
1231 434 1255 484 5.
1272 427 1359 500 Signa
1376 427 1463 501 igitur
1479 428 1536 498 illa,
1554 444 1625 500 quae
1639 427 1827 484 Bellarminus
1841 427 1933 498 affert,

235 514 325 569 ctrina
344 520 372 570 et
390 513 446 570 fide
464 520 514 569 nos
532 514 686 582 secessisse,
702 530 754 568 nec
772 513 875 569 crimen
887 532 938 569 nec
949 528 1067 585 poenam
1093 530 1267 586 nequaquam
1285 514 1435 569 ostendunt
1452 513 1630 570 confessionis
1648 521 1760 570 normae
1771 515 1932 583 novitatem,

234 599 380 655 haereseos
410 599 597 670 deprecamur.
648 605 672 654 2.
703 599 749 656 Sic
780 616 846 671 ergo
878 599 1067 655 concludimus
1094 600 1142 654 sed
1161 601 1366 654 renovationem
1372 623 1383 669 ,·
1402 618 1456 655 non
1470 602 1603 672 probant,
1622 600 1785 674 religionem
1805 608 1931 656 nostram

235 691 333 740 contra
345 685 556 740 bellarminum:
587 684 775 756 Quaecunque
786 686 902 741 ccclesia
914 685 1066 740 doctrinam
1093 702 1111 739 a
1128 685 1251 740 Luthero
1273 685 1360 741 inisse
1376 688 1544 756 institutam,
1569 687 1618 742 sed
1635 687 1931 744 autumi-araurem.

233 771 412 843 apostolicam
437 770 597 824 inviolatam
625 777 653 824 et
681 770 819 842 integram
843 777 932 840 tenet,
965 787 998 826 ea
1025 777 1067 826 est
1093 771 1178 826 Aliud
1198 773 1269 826 enim
1290 779 1332 828 est
1349 790 1463 842 novare,
1487 773 1516 827 id
1538 778 1582 827 est
1598 790 1643 826 res
1661 790 1747 828 noras
1765 780 1832 828 ante
1850 773 1931 842 plane

233 875 296 913 vere
321 857 473 928 apostolica
496 858 622 913 ecclesia.
662 859 750 929 Atqui
770 864 865 912 nostra
883 857 1001 912 ecclesia
1019 859 1065 913 do·
1093 857 1246 929 incognitas
1277 863 1305 914 et
1335 859 1481 914 inusitatas
1514 860 1701 928 introducere3
1733 858 1811 913 aliud
1839 866 1931 917 autem

233 944 350 999 ctrinam
373 943 554 1014 apostolicam
578 944 737 1000 inviolatam
763 951 790 999 et
810 944 947 1015 integram
966 949 1064 1001 servat.
1092 961 1238 1007 renovare,
1267 944 1296 999 id
1317 952 1360 1000 est
1378 962 1421 1000 res
1441 945 1584 1017 antiquas,
1612 945 1660 1000 sed
1677 945 1811 1015 temporis
1830 945 1932 1017 injurie

231 1029 308 1101 Ergo
334 1037 377 1085 est
405 1044 470 1083 vere
498 1030 653 1100 apostolica
679 1030 804 1086 ecclesia
850 1030 984 1100 Majorem
1011 1046 1066 1084 non
1092 1035 1120 1084 et
1137 1029 1278 1084 hominum
1297 1030 1404 1085 incuria
1423 1031 1556 1102 collapsas
1569 1030 1685 1102 pristino
1699 1030 1782 1085 nitori
1797 1031 1928 1086 aesmtni

232 1116 336 1188 poterit
351 1132 456 1188 negare
472 1114 672 1186 Bellarminus,
696 1120 728 1170 ut
744 1133 777 1170 ex
798 1115 984 1186 superioribus
1002 1133 1065 1171 eon-
1091 1116 1244 1174 restituere.
1292 1116 1321 1172 Si
1349 1117 1429 1170 limes
1458 1117 1609 1189 quispiam,
1639 1116 1687 1188 qui
1712 1131 1764 1186 per
1790 1133 1928 1188 aquarum

232 1206 297 1258 stat.
333 1201 406 1256 Tota
431 1219 497 1273 ergo
517 1202 642 1273 quaestio
662 1207 705 1257 cst
722 1203 758 1257 de
778 1202 896 1270 minore,
921 1217 993 1273 quae
1010 1219 1066 1256 non
1092 1201 1243 1257 allusiones
1267 1208 1341 1258 terra
1359 1209 1388 1257 et
1405 1204 1469 1258 limo
1488 1203 1580 1258 fuerat
1595 1202 1726 1271 obrutus,
1754 1210 1927 1274 repurgetur,

231 1293 323 1359 potest
341 1288 441 1356 everti,
463 1288 515 1342 nisi
533 1288 562 1341 in
581 1288 698 1359 singulis
715 1288 839 1342 articulis
859 1288 1066 1351 demonstretur,
1093 1305 1179 1343 novus
1198 1289 1276 1343 limes
1296 1289 1414 1357 videtur,
1430 1306 1493 1344 cum
1513 1296 1605 1344 tamen
1624 1304 1720 1343 revera
1733 1289 1770 1342 sit
1782 1289 1928 1360 antiqnns3
1939 1296 1970 1336 u
1981 1296 1993 1332 0

232 1388 251 1427 a
274 1373 402 1427 doctrina
425 1373 611 1444 apostolorum
634 1373 664 1426 in
687 1373 796 1444 scriptis
814 1390 908 1428 eorum
926 1374 1067 1444 proposita
1092 1374 1132 1428 sic
1156 1374 1294 1430 Luthcrus
1318 1373 1419 1430 limites
1445 1375 1587 1431 doctrinae
1612 1374 1782 1446 apostolicae
1800 1375 1928 1429 sordibus

233 1458 395 1514 nosfeeisse
408 1459 596 1515 secessionem.
625 1459 757 1514 “Petrus
770 1458 1066 1526 liumus,cuminPos-
1092 1459 1274 1514 humanarum
1305 1461 1483 1516 traditionum
1521 1465 1550 1515 et
1586 1458 1814 1531 superstitionum
1841 1477 1929 1532 paene

233 1545 350 1601 siccensi
371 1546 478 1616 synodo
495 1544 696 1618 clotharingo
711 1546 850 1601 cardinale
864 1546 899 1601 de
911 1546 1066 1617 quindecim
1093 1546 1205 1602 obrutos
1224 1548 1394 1619 repurgavit,
1411 1564 1588 1618 nequaquam
1608 1563 1673 1601 vero
1694 1565 1780 1602 novos
1796 1548 1929 1604 ecclesiae

232 1631 378 1688 aChristo
395 1631 494 1686 seculis
513 1632 632 1702 primum
652 1649 715 1688 vere
732 1618 793 1687 esse
811 1648 925 1687 aureum
948 1631 1067 1686 audiris-
1093 1632 1193 1687 limites
1212 1635 1311 1702 posuit.
1346 1633 1483 1702 Candela,
1503 1635 1584 1704 cujus
1603 1632 1771 1704 ellychnium
1789 1639 1929 1690 emuncto·

232 1723 282 1786 set,
299 1719 408 1788 reliqua
425 1734 480 1788 quo
499 1718 607 1790 longius
626 1719 822 1785 abscederent,
842 1735 953 1774 coesse
972 1718 1067 1789 nequi·
1093 1719 1134 1772 rio
1156 1726 1305 1790 purgatur,
1330 1737 1429 1774 novam
1456 1720 1595 1789 quandam
1615 1718 1706 1774 lucem
1725 1719 1840 1775 videtur
1857 1738 1929 1777 exse·

233 1821 282 1860 ora
307 1821 340 1858 ao
363 1804 514 1869 deteriora,
539 1803 641 1859 Christi
661 1804 724 1860 ideo
743 1812 772 1859 et
789 1805 976 1876 apostolorum
991 1820 1067 1858 secu·
1093 1821 1165 1872 rere,
1195 1821 1257 1858 cum
1284 1811 1377 1859 tamen
1405 1806 1441 1858 sit
1465 1805 1561 1859 eadem
1587 1805 1716 1873 candela,
1743 1806 1811 1861 licet
1830 1808 1929 1862 clarius

234 1890 290 1945 lum
320 1890 509 1945 renovandum
537 1898 566 1945 et
593 1890 646 1946 sibi
673 1891 851 1962 deligendum
875 1908 935 1946 esse
960 1891 1069 1961 putarit
1093 1890 1250 1960 splendeat;
1284 1890 1324 1945 sic
1355 1890 1445 1945 fumos
1474 1899 1502 1945 et
1534 1891 1651 1945 nebulas
1677 1909 1801 1946 errorum
1829 1909 1847 1947 a
1870 1895 1928 1949 luce

235 1991 324 2047 eaque
343 1975 488 2031 occasione
504 1975 678 2031 Pontificiam
696 1977 871 2048 religionem,
888 1979 967 2047 cujus
986 1982 1068 2031 antea
1093 1974 1245 2031 catholicae
1277 1975 1343 2030 fidei
1376 1976 1516 2032 Lutherus
1543 1978 1669 2046 sustulit,
1698 1982 1729 2032 nt
1754 1979 1784 2033 in
1814 1980 1929 2034 ecclesia

233 2061 492 2118 observantissimus
518 2067 579 2116 erat
605 2063 722 2126 assecla,
749 2065 885 2132 deseruit,
925 2063 1067 2133 Theophil.
1093 2061 1267 2132 splendorem
1285 2079 1365 2115 suum
1379 2062 1480 2116 clarius
1493 2064 1677 2133 etaugustius
1690 2071 1807 2119 exserat.
1838 2065 1928 2121 aas

233 2149 397 2203 Baaaosr'sa
416 2149 515 2201 incita
528 2150 563 2201 P.
574 2149 668 2204 Romi.
697 2148 1068 2222 AnselmusHavelburgen·
1093 2147 1210 2202 ctrinam
1237 2148 1271 2203 de
1293 2148 1495 2217 justificatione
1519 2166 1569 2220 per
1588 2150 1674 2204 solam
1694 2149 1791 2219 fldem,
1818 2150 1871 2207 hoc
1889 2160 1928 2208 est

157 2253 160 2257 ·
233 2235 271 2289 sis
295 2242 360 2289 ante
386 2242 436 2291 400
461 2252 548 2289 annos
577 2236 699 2306 scripsit,
726 2235 873 2305 plerosque
905 2236 1009 2289 mirari
1030 2243 1069 2289 tot
1094 2234 1129 2288 de
1155 2234 1279 2305 gratuita
1304 2236 1390 2289 nostri
1411 2235 1610 2305 justificatione
1635 2254 1686 2306 per
1703 2235 1846 2293 Christum
1864 2256 1928 2294 vera

233 2322 369 2377 novitates
389 2323 418 2374 ia
439 2322 555 2375 eccksia
568 2322 634 2383 Dei,
652 2329 693 2374 tot
711 2322 825 2375 ordines
843 2322 1015 2386 clericorum,
1029 2330 1068 2375 tot
1093 2319 1148 2374 fide
1168 2320 1384 2390 apprehensum,
1406 2338 1462 2376 non
1479 2328 1522 2376 est
1538 2322 1678 2378 haeretica
1695 2324 1834 2394 quaedam
1853 2326 1926 2379 novi·

232 2426 337 2478 perrara
354 2411 562 2478 monachorum,
580 2417 620 2462 tot
635 2410 762 2462 diversas
772 2411 890 2476 formae
902 2411 1068 2477 religiosum
1093 2411 1144 2469 tas,
1164 2405 1212 2460 scd
1230 2407 1346 2477 antiqua
1366 2408 1519 2463 catholicae
1536 2407 1602 2464 fidei
1619 2409 1728 2477 veritas,
1749 2416 1782 2463 nt
1800 2428 1851 2465 sno
1869 2412 1926 2466 loco

233 2496 456 2564 discrepantiam
480 2513 514 2548 ac
539 2494 730 2548 Οληῗεείαιιαιη
747 2497 911 2563 religionem
929 2503 968 2550 tot
987 2497 1068 2548 adia·
1093 2492 1204 2546 abunde
1222 2492 1276 2546 fuit
1291 2493 1515 2547 demonstratum.
1544 2493 1926 2553 HamelmannusetFlacius

231 2582 404 2635 orationibus
429 2583 603 2635 immutatam
624 2600 659 2635 ac
678 2589 717 2634 tot
735 2582 813 2636 noeis
834 2582 940 2651 lapibus
960 2591 986 2634 et
1005 2600 1067 2636 con·
1092 2578 1281 2649 peculiaribus
1304 2578 1414 2649 scriptis
1431 2580 1624 2650 ostenderunt,
1650 2582 1819 2651 particulam
1838 2585 1926 2638 eccla

231 2669 424 2721 metadiaibas
443 2668 588 2735 aquatam.
617 2667 776 2722 Ludoricus
796 2669 945 2722 cardinalis
963 2668 1067 2723 archic-
1092 2665 1181 2719 rivam
1199 2665 1228 2719 in
1246 2663 1363 2719 articulo
1380 2665 1586 2735 justificationis
1601 2667 1661 2737 jam
1680 2668 1746 2722 inde
1764 2685 1782 2723 a
1797 2670 1925 2741 tempori·

230 2754 361 2825 piscopos
374 2752 545 2808 Arelatensis
558 2753 588 2807 in
603 2752 894 2810 conciliiBasileensis
907 2756 1067 2826 plenocon·
1092 2750 1145 2804 bus
1180 2750 1366 2821 apostolorum
1400 2769 1488 2822 usque
1521 2753 1557 2807 ad
1587 2758 1742 2809 nostrorum
1770 2761 1924 2828 temporum

167 2893 169 2896 ,
231 2857 309 2896 sessu
330 2840 421 2895 dicere
439 2857 496 2894 non
513 2845 557 2895 est
574 2840 683 2910 veritus,
703 2843 779 2910 quod
798 2849 925 2896 oratores
944 2844 1069 2912 aneaii
1092 2837 1180 2892 fecem
1203 2838 1232 2890 in
1249 2837 1367 2892 ecclesia
1383 2838 1468 2894 fnisse
1485 2846 1688 2910 conservatam,
1715 2842 1781 2897 inde
1800 2842 1925 2900 Camera-

231 2927 332 2996 abiqsse
352 2944 451 2980 nocam
464 2928 621 2980 doctrinam
634 2929 803 2997 praedicent
815 2936 840 2982 et
852 2926 1000 2982 condiisse
1011 2947 1066 2999 pa·
1092 2923 1149 2977 rius
1168 2923 1198 2976 in
1213 2923 1271 2977 vita
1288 2921 1403 2995 Georgii
1421 2924 1554 2996 principis
1573 2926 1725 2981 Anhaldini
1744 2928 1779 2983 de
1796 2930 1924 3000 Adolpbo

227 3029 286 3083 pas
303 3015 463 3084 subjiciant,
482 3016 593 3070 Aeneas
608 3013 719 3086 Sylvius
737 3014 785 3071 lib.
802 3021 823 3072 l.
839 3016 874 3070 de
886 3021 955 3087 gest.
969 3017 1065 3071 concil.
1091 3011 1220 3081 episcopo
1236 3011 1442 3083 Mersburgensi
1459 3013 1552 3078 refesti
1573 3014 1648 3086 q¹¹0d
1665 3015 1783 3069 80οἱ000
1803 3023 1924 3072 nesham

232 3100 385 3156 Basileens.
404 3107 476 3172 part
489 3108 513 3158 3.
531 3101 574 3156 tit
587 3107 629 3157 22.
647 3119 670 3159 c.
687 3104 759 3158 ,ges
790 3109 813 3159 3.
826 3102 890 3158 Non
901 3119 1001 3157 novam
1012 3103 1065 3157 sibi
1092 3097 1126 3152 de
1141 3097 1341 3167 justificatione
1361 3098 1514 3153 doctrinam
1533 3105 1565 3154 ut
1577 3117 1676 3155 novam
1688 3101 1807 3172 traduci,
1827 3110 1922 3159 stoma·

230 3187 370 3243 Lutherus
400 3194 428 3244 et
455 3191 515 3260 ejus
541 3195 711 3261 symmystae
743 3190 896 3261 procudere
919 3190 1065 3245 voluerunt
1090 3183 1254 3238 chabundus
1266 3184 1456 3255 responderit:
1479 3186 1754 3248 Cnidiooaaehaac
1768 3191 1923 3243 doctrinam

231 3275 392 3340 ecclesiam,
429 3277 477 3332 sed
505 3277 624 3348 priorem
656 3277 731 3331 illam
763 3283 790 3332 et
818 3294 924 3332 morum
952 3282 981 3332 et
1008 3277 1063 3331 iss·
1085 3272 1409 3340 perhibetisaooamtaa
1419 3291 1474 3325 aaa
1483 3269 1801 3343 meministiss'apsalmo
1809 3278 1922 3330 dietum:

229 3361 452 3429 podsdaoxalsoiv
478 3362 604 3418 sordibus
630 3363 727 3419 misere
746 3363 887 3419 foedatam
904 3380 1063 3435 repurgare,
1090 3359 1403 3427 Noajuatr'ficabituria
1416 3369 1620 3429 conspectutno
1634 3363 1723 3414 omnis
1734 3361 1853 3416 vicena?
1871 3365 1923 3436 Ap·

228 3448 371 3516 mundare,
390 3449 511 3519 expolire
528 3456 557 3504 et
573 3450 689 3520 pristino
707 3449 847 3521 splendori
859 3466 893 3504 ac
906 3449 1063 3520 primaevae
1089 3444 1224 3515 pellamus
1243 3445 1288 3498 hic
1305 3445 1440 3518 cujusque
1456 3445 1576 3501 hominis
1593 3463 1657 3501 vere
1672 3447 1712 3518 pii
1733 3455 1761 3503 et
1774 3447 1923 3504 Christiani

229 3533 383 3605 integritati
401 3535 546 3589 restituere
564 3535 737 3590 studuerunt.
776 3534 899 3590 Medicas
919 3553 949 3590 se
966 3535 1062 3591 haberi
1088 3536 1193 3602 pectun,
1211 3546 1247 3583 811
1264 3530 1292 3583 in
1310 3530 1495 3586 conscientiae
1506 3534 1656 3587 terroribus
1669 3550 1724 3588 non
1740 3551 1876 3605 cogamur
1887 3536 1921 3590 ad

229 3619 400 3688 maluerunt,
426 3621 472 3691 qui
498 3626 628 3674 sanment
645 3628 673 3676 et
693 3628 893 3692 expurgarent,
914 3639 997 3695 quam
1013 3639 1061 3693 pa·
1088 3615 1421 3671 unicumChristumvera
1430 3616 1485 3672 lide
1494 3617 1643 3690 coningere
1653 3619 1719 3674 etin
1729 3620 1818 3690 ipsius
1829 3623 1923 3678 merito

229 3711 333 3769 rentes,
362 3705 409 3776 qui
436 3721 536 3759 novam
561 3706 704 3761 ecclesiam
728 3708 931 3778 progignerent,
967 3715 992 3766 4,
1012 3708 1062 3762 Di·
1088 3703 1167 3758 unica
1195 3703 1353 3773 quiescere?
1395 3704 1538 3769 Quomodo
1564 3722 1628 3760 vero
1652 3705 1839 3762 Bellarminus
1862 3726 1922 3764 cum

229 3791 425 3863 stinguendum
454 3792 540 3863 igitur
565 3792 637 3847 inter
662 3794 828 3860 noussen,
859 3795 995 3866 quaedam
1022 3803 1063 3850 est
1089 3807 1135 3853 eo,
1160 3792 1234 3861 0000
1260 3788 1313 3843 hoc
1339 3789 1399 3843 1000
1420 3791 1531 3855 asserit.
1561 3794 1712 3846 Miletum
1732 3794 1810 3846 illud
1827 3813 1923 3848 aarum

228 3893 303 3944 cera,
320 3876 456 3948 quaedam
476 3878 611 3932 duntaxat
629 3895 780 3948 appareas.
807 3881 909 3935 Nostra
926 3881 1062 3936 confessio
1088 3879 1191 3944 ἀοριεα
1217 3878 1252 3929 de
1272 3875 1474 3944 iustificatione
1494 3895 1548 3945 per
1566 3879 1656 3931 solam
1676 3881 1759 3940 fidem
1779 3881 1921 3949 invem,

228 3980 285 4018 non
313 3968 356 4018 est
377 3980 441 4018 vere
465 3968 494 4018 et
518 3962 628 4030 ἀληθῶς
649 3981 734 4029 nova,
764 3967 830 4036 qnia
852 3966 981 4022 convenit
998 3984 1061 4021 cum
1087 3963 1235 4017 conciliare
1251 3962 1347 4032 possit,
1365 3963 1440 4034 quod
1459 3962 1506 4018 lib.
1527 3970 1550 4018 4.
1569 3964 1603 4018 de
1621 3964 1715 4019 eccles.
1736 3980 1761 4020 c.
1779 3972 1804 4022 9.
1820 3968 1923 4036 statuit,

228 4049 350 4121 antiquis
367 4049 490 4104 veritatis
507 4051 623 4120 tabulis,
652 4051 781 4106 videlicet
800 4051 948 4122 Scripturis
967 4053 1060 4119 sacris,
1088 4049 1228 4102 Siraoaem
1247 4049 1365 4118 Mapam
1392 4057 1419 4101 et
1439 4050 1623 4118 Eunomiam,
1653 4051 1707 4103 imo
1731 4054 1923 4120 apostolorum

229 4151 262 4191 ac
280 4136 380 4191 seculis
396 4136 513 4208 singulis
531 4155 592 4193 eam
610 4139 729 4209 amplexi
746 4145 811 4193 sunt
830 4154 894 4194 vere
912 4138 1015 4209 fideles,
1029 4146 1061 4196 ut
1086 4145 1207 4205 tempore
1226 4139 1364 4207 qarosdam
1378 4139 1477 4190 eodem
1490 4138 1623 4200 domim,
1644 4137 1698 4208 ipsi
1712 4140 1922 4208 expendendum

228 4221 295 4276 alibi
320 4223 493 4292 ostenditur3
522 4240 589 4295 ergo
612 4229 791 4298 φαινομένοις
812 4225 870 4280 sive
896 4234 1062 4296 apparenter
1085 4222 1274 4293 relinquimus.
1304 4230 1327 4277 7.
1341 4223 1441 4277 Missae
1454 4222 1619 4278 sacrificium
1632 4241 1687 4278 non
1699 4240 1759 4279 esse
1770 4226 1921 4298 antiquum,

228 4307 365 4364 duntaxat
389 4313 431 4364 est
447 4326 535 4378 nova,
560 4310 626 4381 quia
646 4312 764 4366 assuetis
783 4317 811 4367 et
831 4311 970 4367 innutritis
989 4331 1059 4369 erro
1086 4309 1135 4364 sed
1154 4326 1264 4375 novum,
1283 4309 1364 4363 docet
1376 4308 1476 4364 Christi
1489 4310 1633 4378 institutio,
1651 4310 1699 4382 qui
1712 4319 1921 4370 sarmentum,

227 4411 288 4449 rum
314 4396 457 4466 papalium
483 4397 620 4453 illecebris
646 4401 729 4470 longo
751 4405 875 4469 tempore
896 4399 1060 4455 dominanti·
1086 4413 1141 4450 non
1166 4401 1258 4449 autem
1282 4394 1446 4449 sacrificium
1472 4395 1604 4464 instituit;
1631 4397 1713 4451 docet
1735 4399 1921 4468 apostolorum

227 4481 280 4536 bus
304 4482 364 4536 visa
382 4482 437 4536 fuit
455 4500 535 4540 nova.
575 4483 620 4539 Sic
641 4485 767 4540 doctrina
784 4483 887 4539 Christi
906 4491 935 4540 et
952 4492 1060 4556 aposto·
1085 4481 1213 4553 liturgia,
1240 4481 1288 4552 qui
1314 4489 1528 4548 sacramentum,
1556 4499 1611 4536 non
1638 4488 1731 4537 autem
1758 4486 1921 4540 sacrificium

226 4568 315 4623 lorum
340 4567 457 4624 ,ludaeis
479 4585 513 4624 ac
538 4570 689 4641 gentilibus
714 4571 862 4625 videbatur
884 4587 957 4625 nova
976 4571 1060 4627 Marc.
1087 4568 1274 4635 celebrarunt,
1304 4567 1404 4621 docent
1431 4568 1578 4637 scriptores
1606 4576 1725 4637 veteres,
1753 4572 1802 4641 qui
1828 4571 1921 4642 primis

229 4660 252 4720 1,
269 4673 295 4708 ν.
315 4661 355 4710 27.
385 4655 449 4711 Act.
470 4661 509 4723 ll,
529 4674 554 4711 v.
576 4660 617 4714 19.
636 4657 703 4727 quia
722 4655 827 4711 scilicet
846 4658 980 4727 majorum
999 4674 1060 4712 suo·
1087 4654 1220 4708 ecclesiae
1243 4651 1414 4721 temporibus
1437 4653 1578 4720 vixerunt,
1611 4655 1659 4726 qui
1683 4655 1760 4709 aliud
1783 4658 1921 4727 quoddam

226 4758 287 4796 rum
312 4741 567 4811 superstitionibus,
591 4730 728 4796 errdribns
746 4749 774 4796 st
793 4741 956 4797 idololatriis
976 4743 1060 4815 longo
1086 4738 1319 4809 propritiatorium
1337 4738 1502 4793 sacnficium
1520 4755 1570 4811 pro
1583 4740 1704 4809 peccatis
1715 4740 1858 4798 hominum
1869 4760 1920 4797 non

226 4837 351 4898 tempore
382 4831 461 4880 erant
488 4825 621 4882 innutriti.
668 4826 810 4882 Johannes
834 4828 960 4898 Baptista
985 4829 1059 4884 vide-
1086 4827 1243 4895 agnoscunt
1263 4827 1374 4892 praeter
1392 4823 1460 4877 illud
1481 4843 1575 4894 unum,
1597 4827 1671 4896 quod
1681 4825 1809 4882 Christus
1829 4829 1859 4883 in
1875 4845 1920 4882 ara

226 4913 309 4973 batur
326 4929 426 4967 novam
438 4912 591 4968 doctrinam
607 4929 769 4982 proponere,
788 4929 843 4983 quo
855 4914 965 4968 nomine
977 4914 1060 4968 etiam
1086 4909 1175 4966 crucis
1200 4907 1285 4963 semel
1305 4908 1413 4963 obtulit.
1449 4911 1604 4982 Polydorus
1624 4911 1758 4983 Virgilius
1776 4913 1827 4968 lib.
1847 4922 1871 4972 5.
1886 4915 1921 4969 de

226 4999 316 5054 clerus
332 4999 600 5070 Hierosolymitanus
619 4998 783 5070 legationem
803 4999 949 5069 adipsum
967 5000 1060 5066 mittit,
1085 5011 1177 5051 rarum
1194 4994 1296 5050 invent.
1316 5012 1341 5051 c.
1363 5003 1399 5051 ll.
1421 5003 1449 5051 et
1467 4998 1580 5052 Platina
1596 4999 1624 5052 in
1636 4999 1695 5053 vita
1706 4998 1777 5054 sixti
1790 5000 1920 5074 originem

226 5085 290 5141 Joh.
312 5093 332 5150 1,
350 5102 376 5137 ν.
399 5091 438 5140 19.
457 5084 633 5138 nihilominus
653 5101 717 5140 vere
736 5085 843 5155 deipso
855 5084 965 5152 dicitur,
984 5088 1060 5154 praed
1086 5087 1115 5136 et
1135 5095 1311 5151 progressum
1334 5082 1435 5138 missae
1460 5083 1614 5138 luculenter
1634 5086 1790 5141 ostendunt
1829 5090 1920 5142 sacras

226 5172 391 5224 oosvemrit
413 5173 502 5225 corda
521 5178 640 5239 patrum
665 5172 707 5223 ad
728 5171 806 5238 filios
824 5170 892 5230 Luc.
917 5177 944 5239 l,
968 5189 996 5226 v.
1019 5178 1059 5229 17.
1086 5168 1245 5234 mandarit,
1266 5175 1297 5222 at
1314 5169 1344 5221 ia
1361 5170 1558 5239 celebratione,
1585 5179 1712 5238 cassetur,
1730 5181 1847 5226 ramas
1863 5175 1919 5226 Da

225 5254 279 5310 hoc
301 5261 344 5310 est
369 5257 443 5327 quod
459 5256 496 5310 ad
514 5272 606 5311 reram
625 5256 818 5327 antiquitatem
839 5255 978 5310 auditores
995 5274 1059 5311 suos
1087 5254 1178 5306 misas
1196 5256 1275 5307 Deus
1295 5256 1420 5310 Zebaoth
1440 5265 1611 5311 cantaretur.
1648 5259 1737 5311 Nuda
1749 5261 1920 5327 prirsohaec

225 5343 408 5411 revocaverit,
432 5347 465 5397 ut
487 5342 559 5397 inter
585 5348 677 5413 patres
697 5348 761 5397 ante
780 5340 886 5410 aliquot
903 5347 996 5396 secula
1013 5342 1060 5397 da·
1086 5347 1169 5393 erant
1203 5349 1229 5394 et
1258 5340 1354 5394 amaia
1379 5342 1547 5412 simpliciter
1575 5344 1778 5402 amiciantur.
1823 5346 1920 5399 Petrae

226 5431 347 5481 manuos
371 5444 404 5481 ac
426 5428 497 5483 filios
519 5427 577 5483 sive
594 5434 719 5499 posteros
732 5427 856 5499 ipsorum
874 5427 1016 5483 doctrinae
1031 5435 1061 5484 et
1087 5428 1173 5490 esim,
1197 5426 1246 5480 aas·
1272 5435 1497 5492 conscenserat,
1523 5429 1651 5482 arctiora
1665 5439 1752 5498 pater
1769 5441 1864 5486 aosur
1882 5436 1920 5483 est

226 5510 407 5568 amarioris
431 5514 539 5570 ratione
560 5511 762 5585 pulcherrima
786 5510 977 5569 musam
994 5528 1061 5568 con·
1087 5528 1162 5566 seua
1195 5512 1284 5567 Auris
1299 5513 1513 5583 martinia
1523 5513 1918 5587 Jacobsoeapisropaslis'ero·
