4004 6022
755 302 807 392 na
826 305 950 363 sacua
969 305 1104 366 conus
1718 323 1774 381 rsa
1851 309 1853 312 ’

79 458 154 514 sias
169 459 329 529 apparsbm
346 465 374 512 st
393 458 496 512 lmetat
515 459 650 513 diminues
655 481 668 530 ,·
688 461 730 513 ita
747 477 831 515 sacra
849 461 915 514 nisi·
940 461 1013 514 mam
1032 466 1214 518 adducamur
1232 473 1258 519 st
1276 466 1383 519 indicto
1409 466 1450 519 eis
1469 467 1584 536 jejunio
1603 470 1715 522 sesam
1732 486 1776 524 rs-

79 546 129 600 nu·
147 545 333 616 ineffabsiiter
358 545 457 600 diuina
481 563 510 599 se
529 547 639 614 infudit
657 549 784 602 essentia.
819 546 914 602 Verba
940 547 1046 616 ironias
1063 566 1230 620 conspersas
1249 552 1313 605 nino
1330 551 1502 619 percipiant.

78 630 246 688 Theodoreti
265 631 330 686 dist.
351 637 374 687 2.
393 650 420 703 p.
440 637 498 687 stt.
517 632 636 687 vidimm
655 632 790 704 superius.
830 633 913 688 Gela·
976 640 1033 690 132.
1062 635 1144 690 Adde
1163 637 1238 707 quod
1256 641 1315 691 him
1334 643 1411 703 ante,
1428 644 1487 691 tum
1506 643 1569 708 post
1587 639 1776 698 Lateranense

76 717 130 773 sius
148 718 212 773 loco
227 719 354 789 proxime
371 717 472 774 citato:
493 718 570 771 Satis
581 719 662 771 nabis
673 719 813 772 evidenter
824 727 912 773 osten·
939 720 1086 775 conoilium
1110 723 1139 775 in
1165 722 1265 776 scholis
1285 723 1503 778 adremariorum
1522 725 1694 795 disputatum
1712 728 1774 797 suit,

75 804 167 873 ditur,
194 804 247 857 hoe
268 805 347 859 nebris
372 805 403 857 in
428 804 494 873 ipso
520 804 632 859 Christo
653 806 778 860 Domina
795 807 912 859 senticn-
939 805 1018 877 panis
1040 813 1068 861 et
1090 807 1147 860 vini
1170 807 1353 862 substantiam
1376 816 1438 879 post
1462 813 1696 868 consecrationem
1718 831 1774 869 ma·
1880 869 1882 873 Α

75 891 152 954 dum,
178 890 258 958 quod
273 889 303 942 in
320 890 382 959 ejus
401 890 522 958 imaps'rse
538 892 716 960 profitemur,
739 892 912 944 celebramus
939 910 1011 948 nere.
1034 892 1100 948 Otto
1113 892 1297 964 Frisingensis
1310 910 1383 948 enno
1397 900 1470 951 1141.
1483 896 1602 952 credidit
1614 905 1642 953 et
1653 901 1774 971 scripsit,

75 984 98 1030 st
119 992 237 1044 memus,
262 982 293 1028 ut
319 975 394 1028 sicut
417 976 448 1028 in
471 974 581 1029 homine
604 976 712 1031 scilieet
732 979 762 1030 in
786 978 912 1032 moinum
937 995 1039 1048 panem
1053 980 1184 1032 stainam
1200 997 1315 1033 manne
1333 981 1363 1033 in
1380 983 1559 1036 erscnarutia.
1590 984 1646 1039 Hic
1659 987 1773 1042 comites

74 1069 220 1116 meant
237 1079 258 1117 s.
278 1061 390 1130 Spiritu
407 1062 572 1131 proficiente
594 1063 776 1116 substantiam
801 1081 911 1133 perma·
938 1064 1023 1118 hahet
1039 1065 1152 1120 Petrum
1172 1066 1375 1133 Ahaelardum,
1398 1068 1511 1123 Petram
1529 1068 1724 1125 cassiodorum
1744 1079 1773 1128 et

74 1155 152 1203 mss
173 1155 267 1201 tamen
290 1148 320 1200 in
338 1164 407 1201 suas
420 1148 597 1217 proprietate
614 1156 747 1217 amarae,
775 1151 816 1203 sis
836 1150 912 1204 illust
937 1149 1006 1205 alios
1022 1151 1156 1206 referente
1176 1151 1276 1208 Christ.
1296 1152 1428 1224 Agricola
1445 1152 1474 1206 in
1493 1153 1624 1224 Antipist.
1643 1172 1672 1226 p.
1687 1162 1727 1213 23.
1745 1174 1770 1212 a.

73 1234 165 1305 ipsum
190 1233 352 1302 mysterium
372 1233 551 1303 principale,
576 1236 658 1304 cujas
680 1237 761 1289 nome
787 1238 910 1306 efficien-
936 1234 1020 1289 Panis
1033 1236 1213 1292 estinaltsri.
1227 1238 1530 1295 dist.2.deconsecrat.
1543 1239 1769 1312 allegatnrlocus

73 1321 139 1376 iam
155 1320 342 1391 mmmemque
359 1321 496 1373 αιιαοίισι
515 1329 742 1390 repraesentant,
762 1338 794 1375 ea
813 1324 911 1391 paitru
937 1321 1087 1377 Ambrosii:
1108 1323 1143 1377 Si
1158 1330 1238 1378 tanta
1255 1326 1297 1377 vis
1316 1325 1345 1377 in
1364 1341 1490 1378 semme
1511 1326 1630 1380 Domini
1645 1333 1697 1382 etc.
1722 1328 1770 1400 qai

73 1415 182 1464 sannas
194 1407 313 1477 proprie
328 1407 554 1476 permanentibus
573 1424 656 1461 unum
676 1409 823 1472 Olrsstum,
843 1410 909 1477 qnia
935 1413 1031 1479 aperte
1041 1416 1181 1480 repugnet
1190 1410 1500 1466 transsubstantiationi.
1519 1428 1543 1466 c.
1563 1411 1625 1467 Hoe
1640 1419 1683 1468 est
1694 1415 1769 1485 quod

74 1493 213 1562 inuprum
224 1507 372 1561 nemque
379 1507 548 1562 persuasere
563 1495 764 1548 demonstrant.
790 1494 909 1549 Athaco
936 1494 1054 1548 dicimus
1072 1495 1135 1550 dist
1152 1496 1262 1550 eedem:
1290 1498 1353 1551 Hoc
1371 1505 1426 1558 est,
1451 1499 1527 1566 mmet
1544 1498 1674 1568 dicimus,
1694 1503 1771 1570 praed

75 1578 186 1636 muana
202 1577 287 1650 plane
303 1577 375 1633 foret
390 1577 576 1648 Eutychiana,
594 1579 617 1632 si
633 1580 713 1649 panis
726 1579 910 1634 essentialiter
934 1581 1026 1634 modis
1050 1581 1175 1634 omnibus
1192 1583 1352 1651 approbare
1371 1585 1574 1651 contendimus,
1599 1587 1770 1656 sacrificium

74 1666 99 1720 in
132 1680 237 1735 corpus
267 1662 370 1719 Christi
398 1664 499 1719 mutari
533 1671 677 1720 statamus.
730 1665 908 1736 ”Ephraem
934 1666 1041 1721 scilicet
1068 1667 1202 1721 ecclcsiae
1229 1668 1337 1721 amem
1362 1669 1476 1738 confici,
1503 1670 1611 1724 nantas
1634 1679 1769 1741 emutare,

73 1750 265 1808 tnumhmm
282 1750 311 1803 ia
326 1750 374 1807 lib.
392 1755 489 1816 contre
502 1752 621 1820 Eutyoh.
634 1751 664 1806 in
676 1751 803 1807 biblioth.
815 1752 909 1807 Photii
933 1754 1040 1807 αιὀίὶιιῖι·
1072 1755 1267 1807 elementorum
1304 1756 1397 1823 specie
1426 1762 1453 1808 ct
1485 1754 1623 1810 invisibili
1651 1759 1771 1812 Domini

73 1837 132 1893 cod.
161 1841 221 1892 229.
250 1835 431 1908 probaturus,
461 1853 511 1907 per
543 1836 745 1907 hypostaticam
777 1838 906 1894 unionem
934 1842 1026 1894 nostri
1055 1842 1125 1894 Jesu
1152 1840 1259 1895 Christi
1283 1857 1368 1894 carne
1400 1848 1426 1894 ct
1452 1842 1590 1909 sanpaine
1618 1847 1670 1900 eta.
1698 1845 1769 1898 usas

73 1923 175 1979 nullum
194 1921 254 1978 heri
272 1927 434 1977 naturarum
447 1922 645 1992 confusionem,
663 1923 713 1979 sed
727 1940 907 1996 unamquam-
935 1927 1041 1982 Chresti
1054 1944 1181 1997 persona
1199 1935 1307 1981 constat
1326 1935 1353 1981 et
1370 1928 1515 1996 conficitur
1526 1930 1590 1983 Deo
1610 1937 1636 1982 et
1651 1929 1771 1995 nominc,

74 2026 124 2082 que
144 2024 257 2065 servus
281 2025 360 2063 suam
381 2008 565 2064 substantiam
585 2016 613 2064 et
632 2026 696 2064 suas
714 2011 907 2082 proprietates,
934 2015 1001 2083 pura
1025 2016 1115 2068 omnis
1140 2030 1187 2067 res
1210 2014 1328 2068 stanam
1352 2032 1448 2068 rerum
1472 2023 1605 2068 naturam
1623 2023 1650 2069 st
1668 2016 1769 2071 οιιίισ-

73 2094 159 2151 utitur
181 2095 219 2149 ud
244 2094 273 2150 id
290 2093 471 2150 similitudine
487 2094 597 2149 unionis
615 2097 836 2165 sacramentalis,
860 2114 907 2152 ue·
934 2108 986 2153 tem
1005 2101 1035 2153 in
1054 2117 1084 2154 se
1104 2102 1238 2163 continet,
1262 2116 1296 2154 aa
1320 2101 1420 2171 quibus
1442 2100 1597 2169 conficitur.
1632 2101 1769 2167 (chrisum

72 2198 139 2255 gans
157 2181 189 2236 in
207 2181 386 2236 mamantis
403 2181 583 2236 mutationem
600 2180 660 2237 hesi
678 2183 759 2236 unius
778 2183 906 2238 substan-
934 2191 965 2240 at
982 2186 1020 2240 sit
1037 2203 1117 2242 verus
1137 2187 1227 2254 Deus,
1251 2203 1307 2241 non
1329 2187 1420 2240 minus
1443 2193 1485 2242 est
1502 2204 1584 2242 verus
1602 2187 1698 2257 horn03
1727 2189 1768 2244 sio

72 2268 125 2324 tiae
142 2267 173 2323 in
191 2267 283 2323 aliem
317 2266 413 2323 Verba
432 2274 510 2321 sunt:
537 2271 562 2321 et
586 2268 641 2339 γὰρ
664 2272 710 2321 sat
738 2267 798 2329 ἐνὸς
817 2285 907 2343 προσ·
933 2277 1046 2328 externa
1062 2270 1203 2344 symbola,
1228 2280 1259 2327 ut
1279 2273 1335 2327 sint
1354 2289 1454 2343 corpus
1475 2279 1503 2328 et
1523 2274 1636 2345 sanguis
1656 2275 1767 2345 Christi,

73 2354 147 2410 inas
172 2357 222 2408 sul
245 2352 384 2425 ἑκάτερον,
410 2352 471 2407 ttt'
497 2352 588 2414 nitela
612 2352 648 2408 tn
674 2358 763 2409 eineis
790 2354 906 2410 δύναται
934 2375 989 2413 non
1005 2358 1095 2413 minus
1113 2363 1179 2412 sunt
1194 2359 1274 2428 panis
1294 2357 1449 2427 etrinum.)
1485 2357 1644 2414 Scotuslib.
1660 2365 1766 2416 trent

72 2443 136 2498 ιοῦα
153 2441 242 2513 ἔχων,
261 2439 330 2508 ies}
350 2436 419 2507 αὐτὴ
439 2437 523 2512 φύσις
543 2443 712 2512 palaemon]
729 2445 775 2494 snt
795 2440 906 2511 ἀψηλα-
934 2444 996 2498 dist.
1020 2451 1058 2499 tl.
1076 2461 1122 2516 qu.
1141 2450 1165 2499 3.
1183 2443 1224 2500 lit.
1242 2444 1281 2498 B:
1303 2444 1387 2504 Circa
1406 2445 1457 2498 hoc
1476 2445 1642 2515 (quaesitum
1654 2446 1691 2501 tle
1703 2463 1767 2502 con·

73 2528 172 2602 φήσιν·
198 2525 272 2582 οὕτω
292 2523 386 2580 uulsi
403 2525 552 2597 nupsistis
569 2529 675 2580 πιστῶν
693 2527 907 2601 λαμβανόμενον
932 2528 1056 2585 versione
1082 2529 1112 2583 in
1139 2530 1317 2596 eucharistia)
1340 2538 1423 2583 erant
1438 2538 1496 2584 tres
1514 2531 1674 2600 opiniones.-
1700 2550 1766 2602 una,

72 2618 151 2685 σῶμα
171 2616 298 2686 Χριστοῦ
315 2616 362 2667 sal
380 2616 426 2682 τῆς
445 2615 576 2681 αἰσθητῆς
592 2612 688 2673 οὐσίας
706 2612 757 2667 οὐκ
769 2615 905 2676 ἐξίσταται
933 2618 1009 2686 meod
1030 2617 1116 2686 panis
1139 2623 1232 2669 munet
1250 2623 1277 2670 et
1295 2624 1387 2669 tamen
1405 2633 1468 2670 cum
1485 2617 1548 2687 ipsa
1565 2634 1629 2671 nere
1647 2626 1687 2671 est
1705 2636 1766 2673 cor·

72 2704 114 2755 sui
143 2704 192 2768 τῆς
221 2701 319 2768 νοητῆς
345 2697 506 2774 ἀδιαίρετον
535 2704 615 2773 μένει
637 2697 766 2773 χάριτος·
798 2704 844 2754 καὶ
873 2700 905 2755 τὸ
928 2720 986 2773 pus
1006 2701 1126 2772 Clusini,-
1152 2701 1232 2771 ulia,
1250 2703 1328 2771 quod
1340 2703 1428 2772 panis
1447 2720 1504 2757 non
1521 2710 1613 2757 munst
1631 2711 1657 2758 st
1676 2712 1767 2760 tumen

71 2784 212 2855 tiermes
239 2785 271 2839 τὸ
302 2786 493 2859 πνευματικὸν
522 2785 591 2841 ὅλοι
617 2786 772 2862 γενόμενον
801 2791 847 2842 καὶ
875 2787 906 2843 l'v
932 2807 986 2844 non
1005 2789 1186 2856 consatitur,
1213 2790 1265 2842 scd
1287 2788 1391 2843 desinit
1412 2804 1470 2842 esse
1490 2790 1534 2844 uel
1553 2806 1609 2859 per
1626 2791 1767 2845 annihsia·

71 2872 197 2948 insipxav
212 2875 258 2926 nal
275 2870 306 2926 τὸ
325 2873 399 2926 ἴδιον
417 2874 463 2939 τῆς
480 2876 613 2942 αὶοθητῆς
630 2873 741 2943 οὐσίας,
765 2877 816 2929 τοῦ
835 2875 905 2930 ὕδα-
931 2876 1045 2938 ticum,
1069 2874 1113 2928 uel
1124 2890 1181 2944 per
1201 2874 1398 2928 resolutionem
1417 2875 1447 2927 in
1465 2877 1627 2941 maurium,
1650 2876 1695 2932 uel
1712 2895 1768 2949 pst·

71 2979 113 3021 τος
136 2963 226 3030 λίγα,
254 2955 379 3022 διασώζει
405 2960 452 3012 καὶ
478 2957 644 3031 δγέγονει,
671 2959 722 3014 οὐκ
747 2958 904 3027 inuisam
931 2961 1135 3032 corruptionem
1152 2961 1183 3014 in
1202 2960 1303 3031 aliud5
1322 2962 1414 3028 tertia,
1431 2963 1509 3030 quod
1520 2963 1608 3032 panis
1623 2965 1765 3017 transsub-

70 3046 94 3099 si
111 3045 186 3099 asam
198 3045 232 3098 'st
246 3045 330 3098 unius
346 3061 486 3115 personae
506 3053 534 3100 et
549 3055 697 3117 ursumque
716 3050 829 3119 (nempe
847 3065 904 3103 ma·
930 3048 1082 3102 stantiatur
1100 3047 1130 3100 in
1149 3065 1251 3117 corpus
1270 3048 1403 3100 stainam
1423 3048 1453 3100 in
1471 3048 1635 3116 sanquinem
1649 3049 1765 3108 Christi.

70 3130 150 3186 asbus
167 3129 315 3186 trsuhbile
334 3136 363 3185 et
383 3131 582 3201 intractabile),
611 3149 690 3188 nemo
720 3141 829 3202 tamen,
855 3135 906 3204 qui
930 3136 971 3188 Ac
997 3133 1108 3204 (inquit)
1136 3136 1159 3186 1.
1187 3133 1293 3187 seruas
1323 3132 1510 3188 asclaristias
1538 3135 1649 3188 salvari
1670 3144 1766 3205 potest

70 3226 185 3273 nanum
208 3217 324 3287 hamas,
343 3219 451 3288 poterit
475 3219 584 3287 diemo,
610 3221 727 3273 eandem
747 3236 806 3274 esse
822 3227 904 3274 natu-
930 3221 989 3273 sine
1015 3220 1070 3273 ista
1093 3219 1414 3273 transsubstantiatione.
1449 3222 1476 3277 2.
1497 3219 1661 3274 Substantia
1678 3225 1765 3291 panis

69 3324 130 3360 ram
152 3305 316 3360 tractabilis
340 3312 366 3358 ct
384 3305 574 3360 intractabilis
592 3307 659 3370 (sub
678 3309 841 3376 asspectum
858 3324 904 3361 aa·
930 3307 981 3360 sut
999 3306 1142 3376 speciebus
1160 3307 1250 3375 mapis
1268 3311 1309 3358 est
1327 3306 1524 3358 nutrimentum
1538 3322 1622 3375 quam
1635 3308 1765 3362 accision-

70 3392 161 3446 senta
179 3397 206 3444 et
221 3389 408 3461 inussibslis);
428 3392 470 3445 sic
489 3391 686 3462 etiamcaspus
698 3391 811 3456 Christi,
829 3396 905 3462 quod
930 3392 980 3447 tia.
1024 3392 1104 3460 Erpa
1134 3390 1225 3458 mapis
1251 3396 1444 3458 repraesentat
1471 3389 1578 3443 Christi
1605 3407 1707 3461 corpus
1734 3393 1764 3446 in

69 3496 86 3532 a
104 3476 245 3548 jideis‘hus
269 3477 420 3547 accipitur,
451 3485 477 3531 st
499 3479 659 3533 sensibilem
682 3480 830 3534 essentiam
848 3499 904 3535 non
929 3477 1039 3531 ratione
1067 3475 1231 3529 nutrimenti
1256 3474 1425 3544 spirinsalis.
1467 3477 1493 3527 3.
1516 3476 1573 3529 Iste
1601 3476 1764 3543 intellectus,

70 3565 198 3619 imminet
220 3571 247 3617 et
269 3571 361 3616 manet
385 3563 575 3634 inseparatum
601 3582 619 3617 a
646 3566 741 3634 pratia
770 3566 904 3635 intellipi·
930 3565 1007 3632 quod
1028 3580 1085 3617 non
1111 3563 1148 3615 sit
1172 3561 1213 3614 ibi
1231 3561 1387 3614 mistamia
1402 3561 1501 3630 panis,
1527 3562 1639 3616 uidetur
1658 3564 1765 3632 diffiei-

69 3650 128 3705 tut.
161 3651 203 3704 Er
221 3650 372 3719 baptismus
389 3649 551 3720 spirituales
569 3658 655 3705 totum
665 3653 767 3719 factus
782 3660 903 3706 stanam
929 3649 986 3704 lior
1009 3651 1051 3703 acl
1072 3648 1265 3702 mutinensium
1291 3655 1317 3699 ct
1342 3647 1383 3700 ad
1400 3647 1493 3716 apuam
1510 3657 1661 3717 sequuntur
1674 3650 1764 3720 pluro

68 3736 142 3807 quid
161 3735 295 3789 maistans
310 3736 459 3804 proprium
476 3737 616 3789 sensibilis
637 3737 784 3802 essentiae,
813 3755 903 3807 aquae
930 3734 1153 3789 inconvenientia
1171 3751 1254 3803 quam
1271 3734 1417 3803 ponendo,
1443 3732 1483 3785 ibi
1501 3749 1560 3787 esse
1580 3734 1764 3791 substantiam

68 3823 142 3890 dico,
161 3829 255 3876 seruat
274 3837 325 3875 nec
343 3823 460 3891 amittit,
487 3825 565 3891 quad
573 3824 689 3890 factum
706 3831 755 3879 est.
794 3823 902 3892 (Osten-
925 3824 1020 3892 panes.
1055 3824 1079 3874 4.
1098 3820 1207 3873 Mirum
1232 3820 1358 3883 uidetm,
1383 3834 1471 3887 quare
1496 3818 1527 3872 in
1551 3837 1607 3873 uno
1633 3823 1763 3887 articulo,

68 3907 110 3963 tit
131 3914 245 3972 auctor,
269 3907 385 3963 eandem
408 3925 468 3964 esse
492 3907 627 3963 rationem
651 3909 794 3981 utriusque
812 3926 902 3965 sacra-
928 3909 978 3977 qui
995 3916 1051 3961 n'on
1068 3913 1107 3959 est
1121 3904 1294 3976 prinmpalis
1314 3904 1452 3958 articulus
1469 3905 1550 3970 fidei,
1578 3907 1677 3960 debeat
1695 3907 1763 3962 talis

66 3993 169 4063 menti,
200 3991 384 4049 eucharistiae
410 3999 439 4049 et
460 3993 606 4065 baptismi,
632 3996 661 4050 in
686 4002 784 4050 necho
802 3997 903 4051 mutari
928 3993 1085 4048 intellectura
1097 3991 1197 4060 asseri,
1213 3997 1331 4061 propter
1350 4007 1429 4060 quem
1440 3992 1517 4061 fides
1530 3999 1633 4060 pareat
1645 4000 1762 4046 ceman-

67 4078 253 4135 substantism
280 4079 423 4150 elementi,
448 4081 500 4136 etsi
526 4080 577 4136 fiat
600 4081 716 4137 mutatio
742 4082 903 4153 spiritualis,
928 4081 971 4135 tui
989 4079 1112 4133 omnium
1130 4078 1302 4148 sequentium
1318 4077 1466 4133 rationem.
1497 4075 1535 4131 Et
1552 4081 1662 4147 postea:
1680 4077 1763 4132 Nihil

67 4165 302 4238 quemsdmodum
320 4165 349 4221 in
367 4166 543 4238 hypostatica
558 4167 660 4223 amone
672 4169 903 4224 namrahnmana
929 4174 970 4222 est
988 4167 1135 4220 tenendum
1154 4172 1291 4233 tanquam
1309 4163 1343 4215 ds
1355 4162 1600 4232 mtuamiastdsi,
1618 4163 1676 4216 nesi
1686 4166 1764 4233 qnod

66 4268 124 4308 non
142 4256 269 4308 mutatur
286 4252 315 4307 in
334 4251 471 4321 divinem,
494 4254 542 4310 sed
560 4259 679 4325 chaque
696 4260 791 4310 manet
809 4255 902 4310 incon·
924 4261 1016 4324 potest
1028 4267 1156 4322 expresse
1168 4249 1268 4304 haberi
1280 4251 1316 4302 de
1330 4248 1491 4319 Scriptura,
1511 4249 1554 4303 sel
1572 4266 1699 4320 cupresso
1715 4253 1762 4305 ‹ls-

11 4347 51 4391 n
65 4337 191 4408 resep·
228 4344 252 4396 7.
278 4337 353 4404 Quis
374 4340 521 4396 nonerunt
541 4340 671 4397 amonem
696 4341 774 4412 panis
796 4347 825 4396 et
843 4358 902 4396 cor·
928 4342 1068 4394 claranum
1085 4345 1126 4391 cst
1139 4354 1194 4407 per
1210 4336 1366 4407 eccleciam,
1383 4335 1427 4389 ael
1439 4336 1581 4390 euidenter
1592 4337 1719 4407 sequius
1730 4354 1764 4391 ca

65 4424 143 4498 poris
168 4424 272 4480 Christi
294 4426 324 4479 in
348 4442 448 4496 coena,
473 4443 537 4481 cum
559 4427 662 4482 virtute
688 4426 808 4497 Spiritus
827 4446 847 4483 s.
872 4429 901 4482 in
928 4425 1025 4494 aliquo
1044 4425 1133 4495 plane
1155 4428 1283 4476 contento
1307 4421 1337 4473 in
1363 4420 1525 4491 Scriptura,
1549 4422 1593 4475 cet
1608 4423 1696 4493 plane
1714 4424 1762 4478 ets·

65 4528 141 4585 aqna
156 4511 342 4583 baptismatis.
379 4518 403 4569 8.
424 4512 496 4577 Quis
518 4518 546 4570 et
569 4531 631 4569 cum
652 4514 724 4568 dono
742 4513 901 4568 immortali·
927 4512 1075 4566 terminato
1099 4510 1135 4563 ab
1159 4508 1277 4564 ecclesia
1299 4513 1352 4563 ete.
1387 4508 1469 4561 Nunc
1491 4515 1584 4561 autem
1607 4526 1663 4562 nan
1684 4509 1760 4562 ride·
1774 4514 1798 4557 ι
1811 4513 1857 4557 m.

64 4597 131 4654 tatis
157 4596 322 4669 corporibus
345 4599 446 4654 nostris
465 4599 530 4655 olim
549 4600 728 4667 conterendo,
754 4605 786 4654 ut
804 4609 901 4672 postea
927 4606 972 4651 tur
1002 4612 1131 4666 supressa
1166 4593 1280 4661 hateri,
1316 4611 1373 4647 non
1408 4609 1465 4647 asse
1500 4592 1540 4646 iti
1577 4594 1761 4648 substantiam

63 4682 232 4740 videbimus.
268 4690 292 4741 9,
313 4682 385 4748 Quia
407 4690 519 4740 externa
542 4686 670 4757 symbola
691 4702 724 4741 eo
746 4687 828 4743 modo
845 4691 899 4742 tra-
921 4684 1017 4754 panse.
1051 4683 1127 4736 Nam
1152 4681 1273 4737 Jotann.
1300 4683 1326 4735 6.
1356 4680 1405 4733 uti
1431 4679 1556 4734 Christus
1581 4680 1665 4733 dicit:
1696 4681 1759 4749 Epo

65 4775 186 4836 curent,
199 4769 575 4828 uttraassubstantietionem
586 4788 603 4826 a
614 4790 643 4828 se
656 4771 740 4828 statui
752 4773 812 4843 ipso
824 4773 900 4828 iacto
925 4788 986 4824 sam
1000 4769 1088 4839 panis
1105 4769 1183 4822 uiam
1201 4776 1227 4821 et
1247 4773 1269 4824 l.
1282 4766 1343 4820 Cor.
1360 4772 1397 4821 ll.
1418 4766 1545 4819 Paulum
1563 4766 1662 4835 Panis,
1680 4783 1760 4837 quem

64 4860 209 4929 aeguum
246 4853 405 4927 Hesychius
430 4855 478 4912 lib.
500 4861 525 4913 2.
550 4857 579 4912 in
602 4857 692 4916 Levit.
716 4876 740 4917 c.
759 4864 782 4916 8.
806 4859 901 4930 tradit,
919 4857 1101 4926 sranpimus,
1127 4871 1218 4910 nonne
1243 4853 1453 4908 communicatio
1480 4853 1609 4922 corporis
1632 4850 1761 4906 Christi!

58 4943 154 5011 ssim
171 4957 277 4996 αιοτισι
296 4943 326 4995 in
344 4942 462 4997 molesia
481 4943 542 5011 ipni
556 4945 647 5008 tradi,
665 4962 842 5016 quaecunque
858 4963 901 5002 rc.-
927 4944 986 4997 Nec
1011 4943 1162 5009 inuenitur,
1188 4939 1238 4993 nti
1260 4937 1378 4993 casteria
1401 4938 1485 4991 istam
1507 4939 1652 4992 unitatae
1671 4939 1760 4991 duer-

65 5044 178 5083 mansre
196 5027 353 5096 contipsrat
369 5029 549 5084 meansumta.
585 5029 722 5101 Evagrius
736 5031 783 5088 lib.
798 5038 821 5088 t.
838 5031 901 5086 hist.
926 5031 1010 5084 minet
1039 5028 1205 5091 solenniter,
1235 5042 1286 5080 nec
1311 5026 1396 5079 etiam
1424 5025 1547 5095 qualiter
1573 5024 1652 5078 istud
1667 5023 1761 5094 possit

65 5113 162 5171 stelen
187 5129 211 5168 c
232 5117 273 5169 36.
298 5113 397 5180 refert,
426 5114 674 5185 Constantinopoli
696 5118 788 5182 fuisse
814 5119 901 5172 usita-
927 5118 964 5170 ab
998 5115 1095 5184 aliquo
1135 5113 1287 5177 manifesto
1326 5112 1433 5166 credito
1470 5110 1612 5164 euidenter
1647 5111 1759 5173 inferri.

64 5207 139 5269 tum,
151 5215 261 5270 pueros
279 5216 312 5252 ea
329 5201 425 5256 schola
442 5218 543 5256 uocare
566 5203 608 5254 ad
624 5203 817 5257 comestionem
830 5221 901 5273 par·
927 5201 1077 5258 Durandus
1099 5200 1146 5256 lib.
1167 5206 1191 5256 4.
1212 5205 1281 5254 sent.
1301 5198 1363 5253 dist.
1382 5203 1421 5258 11.
1443 5213 1489 5268 qu.
1505 5201 1526 5252 l.
1546 5201 1599 5252 art.
1615 5201 1660 5252 u:
1682 5197 1761 5252 Satis

64 5287 135 5341 οιίισι
155 5286 345 5341 residuarum.
381 5287 535 5343 Concilium
565 5287 708 5342 Matiscon.
733 5294 756 5342 2.
780 5305 841 5345 cen,
868 5296 901 5346 6:
928 5293 1028 5344 durum
1050 5294 1092 5341 est
1117 5294 1143 5341 et
1161 5288 1300 5355 derepere
1320 5285 1432 5339 videtur
1449 5282 1631 5336 immensitati
1647 5284 1760 5339 diuinas

67 5371 254 5443 chctmmse
277 5373 416 5444 reliquiae
441 5373 647 5439 sacrificiorum
669 5381 736 5444 post
754 5384 900 5445 peractam
924 5375 1067 5447 poteritine
1079 5374 1180 5440 dicere,
1189 5373 1268 5442 paesi
1280 5373 1360 5425 Deus
1370 5389 1426 5425 nan
1434 5369 1526 5439 possit
1535 5369 1643 5435 fucere,
1658 5387 1761 5442 corpus

64 5459 180 5513 ιαἰιοσι
196 5459 228 5510 in
246 5460 377 5514 sacrario
395 5460 614 5531 sscpersederint,
639 5461 901 5530 manumissum
926 5480 1008 5517 suum
1032 5477 1091 5515 esse
1116 5461 1146 5512 in
1169 5465 1346 5513 sacramento
1366 5472 1421 5525 per
1439 5455 1528 5509 alium
1545 5457 1657 5510 modum
1675 5474 1760 5526 quam

61 5545 143 5611 seria
168 5545 331 5600 innmsntss
353 5547 390 5600 ab
414 5546 480 5616 illo,
503 5547 585 5616 cujus
604 5546 730 5613 interest,
755 5548 797 5601 ad
815 5549 899 5603 eccle·
924 5564 978 5619 per
989 5547 1194 5603 conversionem
1205 5544 1377 5599 mismntiae
1384 5543 1472 5612 panis
1482 5543 1514 5596 in
1524 5543 1624 5614 speum,
1641 5543 1759 5597 maainu

114 5638 220 5680 flchntli
232 5636 282 5680 loci.
300 5638 325 5681 V.
1410 5651 1426 5701 9
