4004 6022
254 256 316 320 480
820 245 943 310 LOCUS
960 245 1165 310 vlcnsmus
1186 246 1386 310 SECUNDUS

255 426 274 463 a
301 409 412 465 Simone
437 407 522 481 Mago
548 414 635 478 patre
666 409 787 461 omnium
815 409 1020 464 senescamus
1047 410 1089 477 (ut
1116 409 1378 464 rerocreinnaisies
1394 415 1584 477 apncseerent.
1610 402 1891 480 Epiphanlmendl.
1911 405 1953 466 Sic

260 496 392 552 irenaeus
410 513 473 550 enm
490 498 519 550 in
536 496 622 565 praef.
643 493 691 550 lib.
710 501 733 551 3.
751 495 886 566 appellat,
911 495 1090 551 “Paschalis
1115 493 1256 549 Pontifioii
1272 513 1328 550 non
1347 493 1668 564 concedantvirginibus
1683 501 1861 565 postratum
1873 496 1951 555 aunei

256 599 280 637 o.
298 583 349 640 ult.
373 589 395 640 t.
414 599 459 653 qu.
480 589 509 637 t:
529 583 626 648 Patet,
647 581 824 637 Simoniacos
841 583 916 636 uelut
928 585 1038 652 primos
1056 601 1090 635 ac
1115 580 1220 634 factum
1249 581 1462 636 matrimonium.
1508 582 1634 634 Berosus.
1663 590 1758 635 annot.
1789 586 1816 636 1.
1846 583 1909 643 Cor.
1930 587 1952 653 l,

252 671 426 738 praecrpuos
444 669 596 721 lameticos
611 668 646 720 ab
666 669 793 722 ononimus
805 669 941 738 fidelibus
960 686 1090 739 respuen-
1115 685 1139 720 u.
1164 667 1250 724 20.’22
1287 667 1426 721 Mamilius
1451 667 1546 724 Peter.
1570 668 1598 721 in
1617 666 1721 724 defens.
1741 668 1823 739 pasis
1840 672 1952 739 parti.

255 757 307 809 dos
325 763 365 818 et,
382 756 410 808 si
427 754 587 809 commoniti
603 771 659 807 non
677 755 853 824 resipuerint,
870 756 906 808 ab
923 757 1024 809 exterae
1038 772 1090 826 po·
1115 769 1139 809 o.
1167 760 1206 809 24.
1253 754 1370 809 &mam
1399 753 1468 808 dicit
1492 770 1552 811 esse
1579 755 1805 809 Simoniaeorum
1833 756 1952 825 undique

256 843 400 894 testatibus
429 842 644 909 opprimendos,
676 842 771 895 omnio
803 843 875 896 enim
903 843 1024 895 crimina
1049 845 1091 896 cd
1116 857 1287 909 concursum,
1305 841 1499 909 itinerariam
1517 841 1779 909 uenditureoelum,
1799 843 1952 895 renduntur

255 927 492 997 comparationem
513 927 692 981 Simoniacae
715 928 839 981 lmeresu
865 930 949 997 quasi
970 946 1024 998 pro
1047 930 1089 982 ni·
1116 928 1211 980 omnio
1226 927 1375 980 uenum:
1392 935 1479 996 terra,
1498 928 1605 995 quoties
1618 928 1820 990 defunctorum
1836 945 1951 997 corpora

255 1014 314 1067 bilo
335 1014 473 1082 reputari.
507 1013 573 1069 «lam
591 1029 657 1068 vero
675 1013 784 1068 ordines
804 1013 911 1085 imperii
928 1032 1000 1069 anno
1014 1021 1088 1071 2522.
1116 1021 1209 1066 terrae
1226 1015 1391 1066 mmscianda
1409 1022 1489 1082 sunt;
1517 1031 1607 1083 aquo,
1627 1032 1711 1082 qaam
1728 1022 1833 1068 emant
1855 1015 1950 1068 lustra

257 1100 449 1170 Norinbergae
472 1100 509 1154 de
526 1099 672 1169 multiplici
691 1098 814 1155 Simonis
832 1099 990 1171 pontificem
1009 1117 1090 1156 accu-
1116 1098 1188 1167 lem,·
1205 1103 1256 1151 oe'r
1275 1105 1302 1152 et
1320 1100 1427 1153 sonitus
1445 1100 1712 1169 tintinnabulorum
1732 1100 1810 1169 ipnis
1823 1102 1951 1154 candela

259 1189 392 1242 amatr*
417 1186 457 1240 sie
476 1185 543 1240 dicti
568 1192 675 1256 partem
693 1202 749 1240 non
767 1185 908 1241 minimam
926 1187 962 1241 ad
975 1187 1089 1259 papales
1115 1203 1192 1254 rum,·
1209 1187 1366 1240 conduntur
1379 1188 1479 1240 merita
1490 1195 1546 1239 tum
1557 1187 1690 1252 oioorrsm,
1703 1195 1762 1240 tum
1775 1196 1950 1256 mortuorunm,

258 1289 363 1329 errores
394 1271 579 1327 contulerunt.
629 1271 721 1326 Primo
758 1273 830 1327 enim
865 1273 960 1329 Simon
990 1273 1089 1344 Magus
1116 1273 1264 1341 euipuntur
1281 1273 1431 1341 occupatio
1447 1291 1504 1326 non
1523 1292 1542 1327 o
1560 1274 1631 1327 uinis
1648 1281 1771 1342 tantum,
1803 1276 1856 1327 secl
1872 1275 1951 1327 dmm

256 1361 398 1430 affectavit
421 1361 532 1413 dirime
554 1360 687 1421 bonores,
711 1357 885 1429 Nicephorius
908 1359 1001 1414 lib.'2.
1025 1359 1089 1412 hist.
1117 1376 1136 1412 a
1154 1361 1453 1423 moraru,'oenduntur
1473 1360 1637 1430 cantilenae,
1655 1368 1846 1423 sacramenta,
1864 1377 1951 1413 sacen

256 1463 317 1518 cap.
347 1452 388 1503 30.
419 1445 544 1517 pontifex
569 1444 710 1500 Romanus
742 1445 837 1500 itidem
865 1446 894 1500 in
917 1445 982 1514 jure
1008 1461 1089 1500 cano-
1116 1447 1211 1514 dotia,
1236 1446 1300 1514 ipsa
1324 1446 1444 1516 decimae
1466 1449 1598 1500 conditur
1615 1447 1745 1500 remissio
1764 1455 1948 1516 peccatorum.

256 1533 319 1587 nico
337 1550 368 1587 se
387 1540 468 1587 vocet
490 1534 579 1588 derum
615 1547 640 1589 o.
666 1530 740 1586 Setis
766 1531 829 1586 dist.
851 1538 891 1588 06.
921 1531 1032 1587 Steuch.
1056 1531 1091 1587 de
1116 1532 1227 1587 Restau.
1251 1531 1398 1586 Castaldua
1424 1539 1503 1589 treet.
1533 1533 1567 1588 de
1590 1532 1715 1604 imperat.
1741 1550 1852 1602 papam
1876 1541 1951 1586 cecat

256 1619 348 1674 donst.
374 1617 468 1675 Const.
493 1636 520 1688 p.
550 1623 610 1673 141:
641 1619 782 1671 Adoravit
811 1619 1009 1672 Constantinus
1032 1636 1089 1687 pa·
1115 1620 1200 1672 totius
1222 1619 1356 1672 simoniae
1380 1619 1568 1672 monarcham.
1609 1618 1705 1674 Tertio
1730 1617 1853 1673 Simonis
1873 1618 1950 1672 disci·

251 1723 321 1775 pcm
344 1706 389 1758 uti
412 1707 495 1758 deum
519 1721 554 1757 ac
578 1703 689 1757 dr'rrinos
712 1703 830 1756 bonores
849 1705 877 1757 ei
893 1705 1026 1772 eontuiit;
1049 1703 1089 1758 ni·
1115 1703 1174 1774 puli
1193 1709 1222 1758 et
1239 1719 1410 1759 successores
1425 1704 1669 1772 diounturomues,
1687 1705 1739 1775 qui
1749 1707 1991 1774 propemedum.

254 1791 354 1845 mirum
380 1796 410 1842 nt
434 1789 610 1856 ostendatur,
635 1805 737 1859 papam
763 1805 823 1844 esse
843 1790 1013 1844 succesorem
1034 1806 1088 1843 non
1116 1791 1276 1844 adrrbmnt
1304 1792 1448 1845 ueritatem
1473 1798 1501 1843 et
1523 1792 1707 1859 praeconium
1736 1792 1872 1845 ecclesiae
1897 1791 1952 1843 iac

256 1877 376 1933 Simonis
394 1876 483 1945 Petri,
508 1879 556 1930 sed
575 1874 694 1930 Simonis
712 1875 804 1947 Magi,
832 1876 931 1931 Petrus
949 1877 1021 1931 enim
1040 1875 1089 1929 hos
1118 1878 1192 1930 derat.
1230 1875 1301 1932 Iren.
1326 1876 1373 1931 lib.
1396 1882 1416 1931 l.
1441 1876 1502 1931 adr.
1520 1876 1578 1930 har.
1598 1893 1621 1932 c.
1641 1881 1689 1931 3οε
1725 1877 1862 1938 Quamuis
1882 1879 1952 1930 enin

255 1964 372 2020 honores
397 1961 500 2033 repulit
522 1962 616 2016 Actor.
641 1968 686 2025 10,
710 1980 736 2018 v.
763 1967 804 2019 26.
841 1961 968 2018 &cundo
996 1962 1090 2017 Simon
1116 1964 1234 2034 (inquit)
1261 1981 1316 2016 non
1346 1966 1530 2028 confiteantur
1557 1979 1656 2016 nomen
1679 1964 1813 2033 mupretri
1841 1964 1888 2017 eui
1914 1966 1952 2016 ad

253 2051 376 2118 pecunia
393 2049 480 2102 coluit
496 2064 586 2101 emere
605 2048 641 2100 ab
660 2049 805 2116 apostolis,
827 2056 858 2101 ut
871 2066 925 2117 per
939 2049 1090 2119 impositio·
1116 2051 1304 2104 seductionem
1321 2050 1509 2119 reliquorum,-
1533 2057 1562 2101 at
1579 2056 1671 2102 tamen
1689 2049 1770 2102 iilius
1789 2052 1952 2104 sententiam

256 2153 317 2188 nem
337 2153 436 2188 manus
454 2136 585 2201 conferre
594 2141 692 2201 posset
707 2133 845 2202 Spiritum
857 2143 983 2188 sanctum
996 2135 1090 2190 Actor.
1117 2137 1216 2190 decent
1237 2136 1342 2190 Christi
1359 2137 1470 2205 quidem
1491 2137 1561 2188 Jeme
1581 2153 1679 2189 nomen
1706 2143 1843 2205 tanquam
1859 2138 1951 2190 irrita·

258 2229 287 2290 8,
312 2228 396 2278 v.19.
422 2220 495 2275 unde
515 2217 661 2276 Simoniaoi
684 2219 831 2283 dicantur,
850 2221 897 2291 qui
922 2227 1029 2290 emunt,
1049 2220 1092 2274 vel
1117 2231 1235 2276 mentum
1264 2225 1473 2292 praeferentes,
1506 2223 1629 2276 Simonis
1662 2231 1753 2276 autem
1784 2225 1952 2292 impietatem

259 2309 385 2364 vendunt
401 2323 459 2363 rem
476 2306 655 2378 spiritualem,
674 2305 849 2361 Lomberdus
861 2313 961 2363 luent.
976 2307 1037 2361 dist
1052 2313 1091 2362 25.
1117 2310 1194 2363 narie
1219 2310 1441 2377 introducentes,
1469 2311 1637 2375 mortificant
1661 2310 1765 2364 multos
1782 2326 1840 2380 per
1858 2326 1952 2364 nornen

257 2413 280 2450 c.
306 2403 329 2451 t.
374 2395 414 2448 Aa
439 2393 508 2448 baec
533 2392 654 2448 Simonis
678 2393 707 2446 in
727 2399 786 2448 toto
802 2398 908 2464 papatu
927 2399 1038 2465 regnet,
1062 2398 1094 2446 ut
1119 2397 1217 2451 bonum
1243 2397 1407 2449 sententiam
1434 2414 1513 2450 msam
1536 2398 1609 2450 male
1635 2397 1833 2466 disperdentes
1856 2405 1885 2450 et
1900 2413 1952 2466 per

256 2482 385 2553 Baptista
403 2480 570 2535 Mantuanus
589 2478 737 2535 exclamet:
763 2481 880 2534 Venalia
899 2482 978 2535 nebu
1118 2482 1295 2536 dulcedinem
1320 2491 1346 2536 et
1372 2485 1499 2538 decerem
1524 2485 1644 2538 nominis
1667 2501 1798 2537 amarum
1826 2491 1852 2536 et
1875 2484 1952 2538 mali·

316 2586 442 2654 Templa,
458 2586 628 2652 sacerdotes,
646 2584 765 2653 ultoria,
783 2602 875 2649 saera,
896 2601 1024 2647 coronae,
1118 2587 1203 2638 inum
1225 2569 1368 2638 Pii⁷⁸⁰²l²²⁸⁸
1396 2568 1558 2638 ⁰P0⁸lai⁸⁵⁰⁶
1585 2572 1722 2639 minimi
1749 2585 1884 2624 ”mmm
1916 2571 1953 2624 θ’*

312 2674 401 2742 ipnis,
419 2673 512 2735 tlara,
526 2687 634 2740 preces,
654 2670 760 2724 coelum
779 2671 876 2724 uenale
891 2672 1032 2740 unaque.
1114 2655 1299 2724 PWWW'·
1338 2653 1416 2709 Haec
1440 2655 1526 2710 verba
1551 2654 1670 2725 [remit
1698 2655 1801 2726 qffibw'
1822 2656 1952 2713 Simm‘

1118 2757 1214 2796 norum
1233 2739 1373 2811 ingenium
1392 2740 1532 2808 describit,
1553 2741 1622 2795 adeo
1644 2742 1814 2797 conveniunt
1831 2741 1952 2811 Jesnitis,

221 2878 223 2882 ,
257 2827 420 2882 20ΑΙνιιτιισ
439 2825 571 2897 Pelagius
594 2824 641 2882 lib.
662 2831 685 2881 2.
704 2825 739 2879 de
759 2825 872 2894 planetu
891 2823 1022 2879 ecclesiae
1040 2829 1092 2880 art.
1117 2834 1150 2880 ut
1167 2826 1195 2880 in
1216 2826 1290 2897 ipsos
1310 2826 1386 2880 diota
1404 2826 1559 2880 videantur.
1592 2825 1674 2881 “De
1691 2825 1803 2882 Simone
1822 2835 1954 2883 memorat

260 2921 299 2970 10.
318 2913 338 2968 f.
360 2919 416 2969 109.
436 2913 468 2967 b:
488 2914 548 2966 Pro
556 2913 686 2981 pecuniis
703 2913 852 2980 celebrant,
871 2928 973 2981 corpus
988 2909 1095 2963 Generi
1117 2913 1289 2983 Epiphanius
1313 2911 1419 2967 haeres.
1445 2919 1487 2969 20.
1513 2914 1590 2983 quod
1610 2922 1674 2983 post
1699 2914 1909 2983 corruptiorem
1928 2922 1953 2967 et

253 3017 309 3070 pro
327 2999 451 3069 pecuinis
472 3000 594 3052 vendunt
615 3016 677 3051 cum
702 2999 800 3064 Judu,·
823 3005 986 3050 consecrant
1003 3004 1029 3049 et
1047 3014 1091 3049 or·
1117 3001 1258 3053 interitum
1277 3000 1372 3052 carnis
1391 3001 1545 3053 tradiderit
1564 3007 1664 3071 ψυχῶν
1679 2999 1829 3072 κάθαρσιν,
1847 3001 1954 3053 anima·

257 3087 357 3140 dinant
378 3092 404 3139 et
415 3103 473 3155 pro
487 3085 612 3154 pecunia
629 3086 780 3148 conferunt
799 3086 1091 3149 omniasacramenta,
1118 3103 1179 3139 nrm
1199 3087 1431 3154 purificationem.
1475 3085 1607 3158 Papistae
1631 3090 1831 3157 postmortem
1850 3092 1879 3142 et
1895 3103 1952 3140 cor·

256 3175 309 3226 reci
327 3173 451 3241 pratiam
468 3190 525 3225 non
543 3172 699 3240 conferunt,
717 3188 800 3239 arram
812 3189 867 3224 non
881 3171 987 3223 labent.
1011 3170 1091 3223 Nilu‘i
1118 3173 1273 3244 raptionem
1296 3173 1418 3244 corporis
1442 3172 1543 3228 docent
1560 3172 1780 3244 purificationem
1799 3173 1952 3228 animarum

258 3260 399 3328 accipitur
416 3259 522 3326 pratis,
546 3258 619 3311 nitu
641 3258 725 3310 danen
744 3257 850 3326 pratis,
879 3257 1030 3310 collatores
1049 3258 1092 3308 di·
1117 3261 1239 3315 futuram
1264 3260 1293 3314 in
1321 3259 1534 3332 purgamini*
1582 3259 1687 3323 Quarto
1710 3259 1816 3323 Simoni
1840 3266 1869 3315 et
1893 3262 1951 3331 ejus

256 3353 335 3414 mm,
356 3346 433 3413 quod
450 3345 687 3414 comparavimus,
704 3343 896 3396 vendimus*
931 3342 974 3396 Ac
993 3342 1091 3398 Frena.
1117 3345 1301 3401 sectatoribus
1326 3345 1453 3401 asscribit
1479 3345 1610 3400 Irenaeus
1637 3345 1684 3402 lib.
1711 3351 1734 3402 l.
1758 3364 1782 3401 o.
1809 3351 1851 3402 20.
1872 3362 1951 3399 mum

256 3431 409 3487 Petrsrcha
427 3430 456 3483 in
475 3430 537 3486 dial.
556 3431 591 3485 de
608 3429 686 3484 Rom.
704 3446 761 3483 our.
783 3429 846 3484 evit.
865 3428 968 3497 scribit,
985 3430 1092 3483 Romae
1117 3435 1344 3498 crumenarum,
1372 3449 1453 3503 quem
1476 3437 1584 3487 constat
1607 3430 1729 3502 Papistis
1757 3449 1867 3504 quoqne
1892 3447 1952 3488 esse

261 3519 402 3573 Simonem
410 3519 528 3584 Mapum
543 3533 605 3570 cum
617 3516 736 3584 conjupc
746 3533 799 3568 rua
811 3516 939 3569 Simoma
949 3517 1091 3572 revisisse.
1116 3518 1292 3584 familiarem,
1318 3517 1365 3588 qui
1389 3517 1544 3573 exorcisant
1565 3533 1619 3572 non
1645 3517 1733 3572 solum
1751 3526 1895 3573 creaturas
1912 3519 1950 3573 in·

261 3603 413 3659 Βιιιιιιᾱιιι
430 3602 465 3656 de
482 3602 563 3657 modo
581 3601 681 3656 celebr.
700 3617 774 3657 conc.
793 3619 856 3673 gen.
874 3609 944 3672 part.
959 3608 982 3658 2.
994 3602 1037 3658 tit.
1053 3609 1091 3659 10.
1117 3605 1282 3678 telligentes,
1302 3604 1351 3659 sed
1372 3609 1400 3659 et
1417 3604 1513 3659 brutas
1532 3604 1661 3676 omnique
1677 3604 1735 3658 rita
1751 3610 1779 3660 et
1799 3621 1884 3660 sensu
1904 3622 1948 3661 es·

259 3691 340 3759 dicit,
365 3690 395 3743 in
415 3690 534 3742 ccclesia
552 3690 682 3742 flumana
698 3704 818 3757 repnare
835 3690 995 3757 simoniam,
1015 3708 1050 3743 ac
1067 3691 1094 3743 si
1117 3697 1221 3758 rentes,
1239 3697 1271 3747 ut
1288 3691 1393 3760 oleum,
1413 3691 1469 3757 sal,
1487 3691 1595 3759 herbas,
1615 3690 1753 3760 candelas,
1775 3707 1879 3764 aquam
1898 3698 1949 3748 etc.

260 3777 370 3831 numm
387 3784 456 3829 esset
468 3784 622 3844 peccatum.
658 3773 727 3829 ”Si
746 3782 778 3830 ut
795 3782 837 3831 est
855 3793 878 3830 o.
916 3775 1035 3839 Quidam
1051 3783 1092 3832 24.
1117 3777 1219 3844 Quinto
1247 3778 1281 3833 de
1306 3776 1424 3833 Simonis
1447 3777 1590 3849 discipulis
1614 3778 1711 3833 scribit
1736 3777 1868 3834 irenaeus
1890 3779 1950 3835 loeo

261 3881 288 3935 q.
304 3868 327 3919 0.
347 3877 370 3918 o.
388 3860 553 3917 Haereticns
566 3877 590 3917 e.
619 3860 714 3926 Quiin
728 3863 932 3918 ecolesiscans.
947 3869 1092 3934 etquaest.
1118 3866 1207 3935 dicte,
1230 3866 1307 3934 qued
1331 3865 1450 3918 labeant
1473 3864 1622 3934 imayinem
1643 3865 1765 3919 Simonis
1775 3867 1894 3934 saetam
1911 3867 1951 3920 ad

260 3949 321 4003 iisd.
349 3967 404 4018 pro
432 3949 580 4002 taucica
606 3956 669 4000 eunt
696 3948 829 4017 habendi,
867 3950 918 4018 qui
945 3950 1091 4003 simoniam
1117 3953 1236 4021 fipuram
1256 3952 1339 4004 Jeuis
1359 3959 1384 4004 et
1404 3950 1520 4004 Selenes
1538 3951 1568 4005 in
1583 3954 1706 4021 liparam
1725 3953 1875 4006 Mineruae
1892 3969 1949 4008 eas·

262 4043 402 4103 erucem,
428 4036 479 4104 qui
501 4034 615 4102 ampelos
633 4035 739 4102 colunt,
766 4036 816 4103 qui
832 4034 904 4087 nillil
916 4037 1093 4104 possidentes
1119 4056 1170 4108 que
1199 4040 1326 4092 adorem.
1369 4037 1506 4092 Eusebius
1533 4038 1579 4093 lib.
1601 4045 1625 4094 2.
1649 4038 1713 4095 hist.
1737 4039 1837 4096 eoeles.
1859 4057 1884 4095 c.
1911 4045 1948 4096 te.

164 4150 183 4167 ι.
216 4134 246 4168 ,ιι
257 4122 415 4193 proprium>
435 4138 612 4190 nequaquam
637 4120 854 4189 recipiuntaut,
878 4122 929 4190 qui
946 4122 1042 4190 aliqum
1062 4124 1092 4175 in
1118 4124 1153 4179 de
1177 4123 1229 4177 illis
1254 4124 1351 4193 refert,
1384 4126 1462 4194 quod
1484 4143 1579 4179 coram
1601 4125 1721 4196 picturis
1740 4133 1766 4179 et
1782 4126 1949 4197 imapinilus

259 4210 315 4265 hoc
336 4210 439 4264 munelo
462 4215 593 4275 utamur,
621 4208 670 4276 qui
691 4221 791 4260 carnes
808 4208 1017 4275 abominantur,
1045 4210 1094 4279 qui
1116 4211 1239 4280 prostati
1267 4211 1398 4265 odoribus
1429 4213 1563 4280 incensis,
1592 4213 1711 4267 uictimis
1740 4221 1767 4266 et
1793 4213 1949 4268 libamentis

261 4295 395 4365 conjupia
421 4302 570 4363 remeunt,
597 4293 647 4362 qui
669 4293 754 4345 nesciis
771 4294 893 4361 perlibrrs
916 4291 981 4361 (fine
1000 4311 1092 4366 snper·
1117 4297 1249 4351 uenerari
1270 4314 1318 4350 eus
1341 4298 1420 4350 soliti
1433 4299 1551 4363 fuerint.
1587 4297 1713 4354 Eundem
1733 4299 1840 4354 cultum
1857 4299 1949 4372 imagi·

263 4380 382 4450 stitioso)
407 4381 564 4446 «amicus,
588 4378 638 4448 qui
652 4395 714 4431 cum
731 4379 886 4432 homiuibus
903 4397 959 4433 nen
976 4382 1093 4434 mandu-
1119 4382 1201 4437 nibus
1225 4382 1254 4437 in
1273 4383 1436 4437 Antichristi
1461 4400 1546 4454 regno
1565 4383 1716 4439 deferrier
1736 4385 1816 4454 praxi
1835 4393 1949 4455 constat,

105 4459 112 4480 '
214 4466 227 4499 ·’
259 4474 337 4534 eant,
368 4466 417 4534 qui
428 4470 431 4477 '
448 4460 626 4535 Scriptorum
655 4473 863 4518 sacrosanctam
885 4465 968 4519 aliter
991 4467 1094 4520 intelli·
1119 4477 1150 4523 ut
1169 4470 1299 4523 irenaeus
1317 4468 1365 4524 lib.
1389 4475 1410 4523 l.
1429 4484 1452 4523 c.
1473 4475 1496 4524 0.
1532 4469 1702 4526 Simonianos
1721 4470 1798 4526 haud
1816 4471 1949 4528 immerite

258 4559 341 4622 punt,
368 4568 451 4621 quam
474 4566 572 4604 sennes
595 4550 720 4620 Spiritus
738 4553 832 4604 senui
848 4552 975 4621 flapitat,
1002 4570 1021 4604 a
1040 4569 1093 4621 que
1119 4556 1224 4609 vocarit
1247 4555 1417 4608 Anticlrristi
1432 4572 1641 4624 praecursores.
1680 4556 1764 4611 Sexto
1782 4557 1818 4613 de
1837 4559 1948 4616 Simoni·

260 4638 419 4707 coempta
448 4645 502 4704 est,
529 4638 580 4705 qui
600 4638 782 4707 principatus
807 4637 853 4690 sui
877 4639 972 4706 pratia
999 4636 1178 4721 samaritanis
1202 4639 1285 4696 refert
1302 4639 1432 4696 irenaeus
1450 4640 1497 4696 lib.
1520 4647 1542 4697 1.
1561 4659 1584 4695 e.
1604 4647 1627 4698 8.
1647 4644 1725 4711 quod
1739 4645 1899 4711 piorierrtur
1915 4645 1948 4698 ele

260 4724 405 4795 opiniones
430 4725 597 4791 defendunt,
627 4725 677 4792 qui
698 4725 776 4793 quod
790 4741 879 4793 pram
897 4725 1011 4793 sopiunt
1030 4743 1092 4779 con·
1118 4728 1162 4796 iis,
1181 4745 1252 4796 pirae
1270 4747 1325 4781 non
1343 4736 1407 4781 sunt
1424 4729 1540 4800 scripta,
1557 4730 1609 4782 secl
1624 4730 1687 4783 virsa
1704 4730 1795 4783 solum
1814 4747 1879 4786 uoce
1894 4741 1948 4785 tra·

260 4810 405 4864 tumenter
413 4816 609 4880 propaginem,-
623 4824 679 4864 non
690 4816 821 4880 poterunt
833 4813 942 4882 patroni
954 4810 1093 4881 pontificis
1119 4814 1189 4867 (lita.
1214 4831 1237 4867 e.
1265 4820 1305 4869 lu
1328 4816 1404 4883 quod
1426 4816 1645 4868 inenarrabilem
1663 4816 1867 4872 multitudinem
1884 4836 1948 4888 apo·

257 4896 293 4951 ab
319 4896 466 4951 haereseos
493 4895 607 4950 crimine
634 4897 765 4951 excusari.
810 4897 896 4952 Porro
923 4899 1093 4968 apostolicos
1119 4901 1286 4967 cryptarum
1307 4901 1526 4969 scripturarum,
1551 4918 1622 4970 quas
1647 4902 1705 4969 ipsi
1719 4903 1874 4973 firmarunt,
1900 4904 1947 4958 od·

257 4985 414 5038 naerencos‘
438 4989 519 5039 vocat
538 4983 712 5055 Augustinus
730 4983 834 5039 haeres.
853 4989 894 5040 40.
911 5001 970 5054 eos,
994 4987 1044 5054 qui
1060 5004 1092 5039 ee
1117 4987 1215 5051 ferant
1239 4989 1279 5039 ari
1302 4993 1443 5057 streperem
1468 4987 1674 5040 insensatorum
1693 4996 1718 5040 et
1735 5007 1808 5057 quae
1825 4999 1889 5044 sunt
1907 5007 1946 5044 oe·

252 5086 348 5139 praem
366 5070 521 5124 imitatione
537 5085 567 5123 se
582 5071 726 5137 apostolos
740 5070 894 5138 erprimere
907 5071 1092 5125 dictabantur
1118 5073 1211 5125 ritatie
1239 5090 1294 5125 nou
1321 5072 1465 5125 scientium
1489 5072 1597 5128 literae.
1621 5073 1668 5129 lib.
1693 5079 1716 5129 3.
1740 5090 1765 5130 o.
1791 5081 1815 5131 2.
1841 5077 1876 5132 de
1896 5077 1948 5131 illis

258 5171 303 5227 eo,
322 5158 399 5226 quod
417 5165 510 5209 tamen
528 5155 720 5226 apostolorum
738 5157 881 5225 nonfuit,
901 5172 998 5226 nempe
1015 5159 1093 5226 quod
1118 5157 1198 5226 dicit,
1224 5160 1300 5228 arrad
1317 5176 1377 5211 eum
1397 5176 1429 5212 er
1450 5157 1606 5228 scripturis
1627 5170 1798 5232 arpuuntur,
1819 5165 1948 5233 imperfe-

256 5243 364 5297 nullum
381 5242 412 5296 in
424 5259 505 5296 meam
518 5242 735 5297 communionem
746 5244 911 5312 receperint,
930 5244 980 5312 qui
990 5260 1091 5298 unores
1117 5245 1215 5297 ctionis
1241 5263 1289 5299 eas
1312 5254 1457 5315 mussent,
1481 5247 1558 5314 qued
1574 5263 1631 5300 non
1644 5249 1733 5317 possit
1750 5265 1784 5303 ea
1802 5250 1863 5304 eliis
1882 5250 1950 5306 sciri

257 5335 307 5381 oret
322 5328 644 5397 possessioneslaberet.
676 5329 769 5382 Iidem
782 5328 861 5383 nullo
875 5330 959 5383 morlo
971 5330 1091 5385 tolerare
1118 5332 1220 5384 ceritas
1248 5333 1284 5385 ab
1314 5333 1370 5402 lis,
1401 5334 1452 5403 qui
1475 5328 1600 5386 nesciunt
1628 5335 1817 5389 traditionem.
1869 5336 1949 5395 Hanc

253 5422 404 5484 potuerunt
430 5416 510 5481 illos,
539 5417 590 5485 qui
612 5425 742 5471 rammam
768 5414 930 5469 coelibatum
952 5424 978 5470 et
991 5417 1262 5486 posteahsereseos
1277 5425 1384 5489 partem
1404 5435 1498 5474 omnes
1518 5418 1577 5474 fere
1595 5420 1704 5475 sectarii
1722 5421 1758 5476 ab
1779 5421 1834 5476 illis
1851 5423 1948 5480 banse

185 5518 188 5525 ·
257 5500 462 5563 matrimonium
482 5508 692 5568 comment,
717 5502 844 5571 munais
857 5516 886 5556 re
903 5511 995 5558 return
1012 5472 1194 5576 suumlrunt,
1222 5510 1256 5561 nt
1277 5504 1374 5560 merito
1400 5504 1503 5561 scribat
1527 5502 1657 5562 irenaeus
1681 5505 1728 5565 lib.
1755 5513 1776 5565 1.
1800 5524 1824 5566 c.
1853 5517 1894 5567 20.
1918 5525 1950 5573 ea
