4004 6022
227 186 289 244 132
343 172 346 177 ’
797 168 920 228 LOCUS
936 165 1141 228 vicesimus
1159 164 1360 225 SECUNDUS

228 333 294 404 ipsi.
332 329 475 404 Quomodo
503 328 572 383 haec
597 325 791 398 concilianda?
820 326 949 380 nimirum
969 328 1064 396 quate-
1090 338 1178 391 eaque
1202 323 1297 376 omnia
1319 321 1407 392 funqi
1432 320 1529 389 officio
1552 327 1671 390 praeter
1694 319 1813 387 aarum
1833 320 1929 375 deses·-

229 437 282 474 nus
301 418 450 489 proselytis
470 414 622 470 doctrinam
643 412 748 483 Moysis
772 420 800 468 et
817 411 1012 483 prophetarum
1031 427 1065 464 ex
1090 415 1165 462 tores
1184 416 1209 462 et
1226 408 1374 475 borninem,
1394 408 1443 477 qui
1460 424 1474 462 e
1490 409 1586 478 primo
1606 407 1658 462 silo
1675 414 1752 462 statu
1769 425 1824 460 ersa
1844 405 1929 476 eulpa

230 506 341 576 scriptis
361 505 470 559 illorum
482 500 683 573 proponebant,
704 507 817 555 eatenus
830 498 1063 567 ,audiendierant
1092 494 1239 562 exciderit,
1272 496 1301 547 in
1327 513 1380 564 quo
1407 511 1426 546 a
1456 495 1520 548 Deo
1546 502 1662 562 parente
1682 494 1796 563 positus
1821 493 1928 561 fuerat,

231 598 347 647 eatenus
369 592 452 645 etiam
476 588 600 644 hominos
624 587 742 658 gentiles
761 586 795 640 ad
816 586 935 639 salutem
954 600 1064 638 conver·
1091 581 1220 651 idemque
1238 589 1357 635 natrrroe
1376 582 1483 649 lapibus
1503 589 1648 650 rectaeque
1666 581 1776 634 rationi
1799 580 1927 632 adume-

230 677 342 747 tebant3
371 676 420 732 sed
446 680 583 746 quatenus
608 673 778 744 pharisaicas
804 688 868 726 suas
887 668 1064 740 corruptelas,
1077 675 1144 742 ,tur
1180 668 1304 720 Discunt
1324 670 1466 736 deinceps,
1488 669 1578 721 Deum
1597 684 1654 720 esse
1672 668 1777 720 trinum
1797 673 1823 720 et
1836 683 1926 733 ιιιιιιιιι,

230 763 393 818 traditiones
418 768 447 817 et
466 759 675 831 superstitiones
696 758 845 829 proselytis
864 751 1172 831 proponebantjcujm
1202 754 1349 822 imperium
1373 753 1483 823 primus
1509 753 1559 806 ille
1583 753 1663 807 bomo
1690 752 1854 821 neqleoerit.
1891 752 1927 804 Et

231 857 345 904 eatenus
365 866 420 902 non
439 853 518 902 erant
536 845 682 913 audiendi,
703 843 840 914 siquidem
859 859 909 914 per
927 841 988 894 illas
1007 839 1064 893 aoi-
1092 840 1223 908 quoniam
1244 841 1371 905 infinitae
1388 841 1533 909 majestati
1549 857 1583 893 oc
1603 839 1712 893 arimini
1720 841 1810 906 sacta
1823 837 1927 907 injurio

232 936 297 989 dius
317 941 446 1004 acceptas
463 941 492 987 et
506 933 685 1002 pertinacius
706 929 833 984 defensas
852 925 986 999 proselyti
1005 925 1065 979 red·
1077 962 1080 971 ·
1092 926 1231 994 infinitam
1250 944 1356 995 qnoque
1377 926 1602 992 satisfactionem
1622 925 1758 994 eeiqeret,
1776 925 1927 978 secundam

231 1022 369 1077 dabantur
386 1020 436 1073 filii
457 1019 609 1090 gehennae.
645 1016 885 1083 Quemadmodum
904 1022 996 1068 autem
1018 1027 1067 1082 per
1095 1014 1246 1066 Trinitatis
1270 1030 1435 1082 personam,
1461 1030 1523 1065 cum
1547 1029 1635 1082 qenus
1660 1013 1812 1065 basmonum
1837 1011 1926 1064 aliare

230 1106 389 1164 Scribarum
409 1113 437 1160 et
457 1105 669 1162 Pharisaeorum
689 1102 870 1157 ministerium
892 1101 928 1155 ad
946 1116 1066 1171 quorun·
1093 1101 1204 1154 cornino
1225 1108 1321 1153 creata
1340 1106 1445 1153 natrsra
1464 1100 1598 1153 soluendo
1617 1117 1671 1153 non
1692 1108 1778 1167 essct,
1803 1097 1926 1151 humani·

231 1194 294 1248 dam
320 1192 525 1247 conversionem
550 1198 579 1245 et
601 1189 718 1244 salutem
742 1189 819 1243 Deus
839 1188 892 1242 fuit
915 1186 1012 1241 efficax
1040 1190 1067 1238 et
1092 1195 1176 1240 tatem
1194 1195 1319 1239 noctram
1340 1187 1414 1240 rdtro
1433 1186 1619 1255 assumpsisse
1638 1193 1721 1255 atque
1740 1184 1884 1249 induisse,
1900 1191 1926 1234 ut

232 1279 464 1353 quemadmodum
482 1295 532 1347 per
548 1275 730 1330 ministerium
742 1273 898 1329 Leviticum
911 1272 1067 1328 idololatria
1092 1274 1166 1326 idem
1191 1274 1271 1327 horno
1296 1273 1382 1325 simul
1407 1280 1431 1324 et
1448 1274 1530 1326 Dens
1552 1271 1793 1326 innocentissimus
1809 1287 1927 1341 poenam

232 1375 261 1423 et
288 1365 426 1421 erroribus
454 1370 615 1432 corruptum
643 1361 719 1416 Deus
747 1360 800 1415 sibi
825 1360 920 1432 genuit
943 1358 1016 1412 filios
1039 1364 1066 1411 et
1093 1361 1196 1412 nostris
1222 1360 1371 1412 sceleribus
1399 1359 1522 1411 debitmn
1550 1358 1678 1427 pretioso
1709 1357 1850 1424 sanquine
1881 1374 1927 1410 sao

230 1453 317 1521 filias,
336 1450 436 1505 Erech.
460 1454 505 1516 tt,
522 1466 547 1502 v,
568 1454 609 1505 20.
630 1448 671 1501 ita
688 1464 799 1517 quoque
818 1464 867 1516 per
887 1445 1066 1499 ministerium
1094 1448 1250 1515 acerbaque
1271 1455 1358 1500 morte
1371 1446 1547 1515 persolveret
1571 1454 1596 1498 et
1614 1463 1665 1499 nos
1683 1445 1713 1497 in
1735 1444 1928 1514 omnipotentis

226 1538 352 1612 illorum,
371 1536 418 1607 qui
438 1536 527 1589 lucem
545 1532 683 1603 evangelii
694 1531 847 1586 Pontificiis
867 1531 949 1585 fumis
968 1530 1064 1586 obscu·
1095 1535 1153 1587 Dei
1168 1534 1290 1602 qratiam
1312 1533 1477 1588 restitueret.
1515 1533 1596 1585 Haec
1615 1532 1676 1586 ιἰιὶι
1694 1532 1789 1585 onznia
1809 1532 1888 1585 clare
1904 1540 1927 1583 et

231 1635 333 1692 ratam,
357 1640 476 1676 massam
499 1621 640 1675 doctrinae
667 1618 793 1673 coelestis
816 1615 951 1672 fermento
972 1617 1067 1670 bunia·
1093 1621 1203 1690 copiose
1216 1621 1401 1689 explicantur,
1419 1627 1477 1673 turn
1491 1621 1532 1673 od
1546 1636 1641 1673 eorum
1654 1618 1834 1687 quaestiones
1844 1617 1928 1686 probe

230 1729 331 1767 aarum
349 1709 528 1766 traditionum
545 1704 736 1772 commixtam,
760 1721 857 1757 aurum
875 1703 953 1758 verbi
972 1719 1067 1772 snper·
1093 1709 1279 1777 respondetur
1296 1715 1322 1759 ιι
1341 1705 1430 1760 omnis
1448 1723 1481 1758 es
1499 1723 1595 1759 eorum
1613 1705 1730 1772 animis,
1755 1705 1854 1773 quood
1871 1703 1928 1770 eius

232 1798 376 1854 stitionum
391 1793 488 1849 scoriis
500 1791 726 1859 contaminatum,
745 1789 923 1861 margaritam
936 1789 1066 1842 Christia—
1088 1794 1157 1862 fleri
1171 1801 1278 1862 potest,
1299 1793 1437 1846 dubitatio
1457 1792 1582 1856 tollitur,
1603 1799 1689 1860 ¹atque
1708 1799 1737 1843 ut
1756 1790 1819 1844 illis
1839 1797 1928 1843 certae

231 1885 312 1938 nismi
331 1881 480 1953 pretiosam
499 1895 585 1933 coeno
609 1877 790 1931 humanarum
815 1876 974 1946 opinionum
992 1875 1066 1928 invo-
1091 1881 1233 1948 precandi
1255 1880 1401 1943 formulae
1421 1886 1627 1948 praeceptoque
1653 1876 1785 1944 decaloyi
1804 1876 1927 1946 emporiis

232 1968 320 2024 lutam
348 1966 426 2022 novis
451 1964 506 2018 illis
526 1964 623 2018 insulis
642 1963 809 2031 intulerunt,
837 1963 874 2016 ud
894 1961 1068 2033 quorundam
1094 1975 1171 2033 sunt,
1192 1964 1374 2034 promittunt,
1399 1983 1428 2018 se
1454 1966 1591 2018 barbaros
1616 1966 1688 2018 ritus
1707 1964 1926 2033 superstitiones·

232 2054 439 2110 conversionem
463 2058 490 2106 et
516 2052 632 2105 salutem
652 2049 730 2104 Deus
749 2048 846 2103 efficax
864 2049 930 2118 fuit,
956 2066 1011 2102 non
1028 2053 1068 2101 ta·
1094 2069 1146 2121 qnc
1164 2053 1351 2120 deposituros.
1388 2053 1517 2122 Denique
1539 2051 1618 2104 sacri
1636 2050 1814 2119 baptismatis
1829 2049 1873 2103 ιιι
1891 2056 1926 2101 ot·

233 2157 296 2197 men
321 2145 457 2210 quatenus
482 2137 520 2190 illi
539 2135 654 2208 papales
672 2136 833 2191 traditiones
851 2143 880 2191 et
898 2134 1068 2205 corruptelas
1095 2156 1145 2207 que
1171 2139 1302 2207 mysteria
1326 2140 1427 2192 iisdem
1451 2139 1629 2208 explicantur
1655 2146 1738 2206 atque
1759 2135 1802 2189 ita
1821 2134 1927 2188 Christo

233 2226 442 2298 praedicarunt,
465 2223 513 2276 sed
538 2229 673 2292 qnatenus
691 2221 805 2277 verbum
824 2221 877 2276 Dei
894 2239 928 2276 ex
945 2221 1068 2291 Scriptu-
1095 2228 1163 2278 stant
1183 2227 1296 2278 nornine
1316 2233 1341 2278 ct
1361 2226 1545 2294 baptizantur.
1579 2224 1621 2277 Ex
1639 2223 1681 2277 his
1695 2228 1821 2293 apparet,
1841 2221 1927 2278 Juni-

233 2313 272 2368 ris
292 2311 433 2367 canonicis
449 2316 661 2380 proposuerunt.
697 2309 802 2363 Textus
825 2308 998 2378 scripturae,
1023 2306 1067 2360 de·
1095 2319 1137 2365 tas
1161 2312 1190 2366 in
1216 2311 1312 2382 primis
1336 2310 1507 2366 Christianae
1532 2311 1673 2382 religionis
1692 2310 1858 2364 rudimentis
1876 2307 1992 2362 tra-m

234 2399 363 2469 calogns,
385 2396 472 2451 oratio
490 2395 650 2463 Dominica,
672 2402 874 2451 sacramentum
892 2394 1024 2466 baptismi
1042 2403 1069 2448 at
1095 2398 1193 2451 dendis
1212 2416 1229 2452 a
1246 2396 1402 2452 Pontificiis
1420 2397 1616 2452 traditionibus
1637 2402 1666 2452 et
1687 2394 1927 2467 superstitionibus

234 2502 336 2541 coenae
355 2482 517 2538 Dominicae
536 2490 600 2536 sunt
618 2483 717 2550 media,
734 2501 849 2553 quorum
865 2483 1069 2553 dispensatione
1095 2484 1149 2539 sihi
1169 2491 1325 2556 temperare
1346 2501 1378 2538 ac
1398 2484 1653 2539 fundamentalibus
1671 2483 1737 2538 fidei
1756 2483 1928 2539 Christianae

234 2571 376 2642 plantatur
400 2576 428 2623 et
451 2576 570 2639 augetur
593 2570 723 2637 ecclesia,
751 2587 842 2641 neque
866 2569 914 2623 illa
940 2569 1070 2623 desinunt
1096 2572 1219 2626 articulis
1237 2571 1367 2638 imbutos,
1386 2571 1528 2642 decalogo,
1547 2570 1673 2642 symbolo
1690 2569 1853 2639 apostolico,
1873 2584 1928 2624 ors·

235 2673 295 2712 esse
313 2657 387 2727 quod
406 2662 485 2725 sunt,
510 2671 600 2725 neque
618 2655 747 2710 desinunt
765 2674 824 2711 esse
842 2653 979 2719 efficacia,
1004 2670 1066 2707 cum
1096 2658 1171 2713 tione
1191 2659 1338 2713 Dominica
1355 2658 1530 2712 mediocriter
1548 2657 1710 2712 informatos
1728 2656 1884 2726 baptizare,
1902 2661 1929 2710 nt

234 2742 270 2797 ab
294 2741 409 2810 impuris
432 2740 591 2796 doctoribus
613 2740 767 2795 haeresium
794 2746 823 2794 et
844 2740 1068 2810 superstitionum
1097 2744 1211 2800 dubium
1242 2743 1348 2798 nullum
1381 2743 1430 2811 sit,
1469 2761 1551 2815 quam
1579 2742 1713 2814 plurimos
1744 2742 1798 2797 hae
1827 2744 1929 2798 ratione

234 2842 320 2881 coeno
345 2826 458 2880 imbutis
485 2826 728 2896 administrantur,
756 2827 806 2881 sed
829 2833 942 2882 manent
966 2843 1070 2897 organa
1096 2831 1207 2887 christo
1227 2830 1371 2894 lucrifieri,
1395 2830 1441 2900 qni
1464 2831 1578 2901 papalia
1603 2831 1735 2902 dogmata
1752 2831 1800 2885 vel
1816 2847 1875 2885 non
1892 2830 1928 2885 in·

234 2913 344 2977 saluti&
370 2930 419 2982 Ρθϊ
442 2929 514 2983 quae
539 2913 677 2967 mediante
699 2912 818 2981 Spiritus
844 2931 866 2968 ⁸·
892 2910 1015 2966 efficacia
1040 2911 1069 2963 in
1096 2918 1235 2989 tellignnt,
1255 2918 1299 2972 vel
1319 2916 1348 2971 in
1367 2916 1551 2971 tentationum
1570 2916 1635 2987 igne
1652 2916 1799 2986 abjiciunt
1828 2916 1929 2972 Notau-

234 3004 363 3069 corrupto
389 2999 523 3054 ecclesiae
548 3006 623 3054 statu
649 2999 736 3070 aliqui
754 3004 952 3054 convertuntur
970 3005 999 3053 et
1016 2999 1069 3053 sal·
1096 3005 1162 3058 dnm
1181 3018 1260 3071 vero,
1281 3019 1337 3057 non
1356 3001 1392 3056 ab
1410 3003 1538 3057 omnibns
1557 3002 1731 3066 catechistis,
1757 3021 1810 3058 nec
1829 3004 1859 3058 in
1877 3019 1929 3057 om·

234 3090 342 3141 vantur.
379 3086 456 3150 Quae
481 3086 573 3141 omnia
598 3092 680 3140 erunt
702 3086 834 3155 clariora,
860 3086 895 3160 si⁸
910 3085 1070 3140 observetur
1096 3089 1177 3144 nibus
1207 3089 1275 3143 locis
1300 3088 1379 3142 illam
1406 3088 1580 3159 diligentiam
1607 3093 1636 3143 st
1662 3088 1740 3142 illum
1766 3086 1928 3143 instituendi

234 3171 422 3228 catecheticae
450 3172 631 3228 institutionis
658 3172 747 3242 ratio,
779 3189 872 3243 qnam
889 3171 1013 3227 tanne
1040 3170 1069 3224 in
1096 3176 1208 3230 modum
1238 3175 1266 3229 in
1300 3175 1505 3230 catechizandis
1534 3174 1612 3229 Indis
1641 3174 1738 3229 aliisve
1764 3175 1831 3229 nori
1858 3172 1928 3228 orbis

233 3257 263 3316 in
289 3259 481 3315 convertendis
505 3256 640 3314 insulanis
664 3259 719 3313 illis
743 3258 894 3330 gentilibus
912 3258 1067 3314 observant.
1096 3262 1206 3333 populis
1224 3261 1365 3331 adhiberi,
1389 3263 1463 3317 unde
1489 3262 1573 3316 etiam
1592 3277 1678 3330 opera
1696 3261 1873 3331 quorundam
1890 3265 1929 3315 est

233 3344 397 3405 Persuasuri
420 3346 460 3400 eis
487 3344 671 3401 Christianam
697 3344 859 3417 religionem
884 3361 941 3400 non
959 3344 1068 3398 ordian-
1096 3349 1152 3402 illic
1172 3348 1253 3403 valde
1275 3347 1389 3415 sterilis,
1413 3348 1454 3402 sic
1482 3347 1556 3401 enim
1579 3346 1676 3401 scribit
1698 3346 1806 3402 Acosta
1822 3347 1930 3404 Jesuita

234 3437 280 3486 tur
305 3432 341 3486 ab
367 3433 531 3488 auctoritate
556 3433 689 3489 eeclesiae
709 3432 864 3498 Romanae,
891 3449 947 3487 non
964 3431 1000 3484 ab
1019 3429 1069 3483 hu·
1097 3435 1144 3490 lib.
1164 3441 1189 3490 4.
1208 3434 1244 3488 de
1264 3434 1427 3504 procurand.
1447 3433 1580 3488 Indorum
1597 3433 1714 3488 salutes
1736 3438 1766 3490 ιι
1791 3434 1931 3488 Accusont

235 3517 324 3571 manis
341 3518 545 3584 traditionibus,
563 3537 619 3574 non
637 3535 654 3572 a
673 3517 771 3586 missis,
790 3535 846 3572 non
865 3533 882 3571 a
901 3517 1070 3587 purgatorio,
1097 3521 1188 3576 nostri
1213 3521 1352 3575 Indorum
1380 3521 1544 3574 tarditatem
1569 3522 1610 3573 ad
1632 3520 1773 3588 capienda
1800 3520 1931 3589 mysterio

235 3621 291 3673 non
317 3603 354 3657 ab
378 3621 493 3674 opernm
511 3603 615 3659 meritis
635 3610 663 3659 et
678 3603 866 3658 Romanarum
884 3602 1070 3673 indulgentia
1095 3609 1173 3677 fidet,
1191 3609 1334 3671 frustra
1322 3626 1352 3661 m
1371 3609 1407 3661 iis
1426 3607 1577 3661 edocendis
1595 3615 1703 3675 ternpus
1723 3607 1791 3673 teri,
1812 3608 1929 3676 dentque

236 3707 297 3744 rum
314 3688 467 3759 mercibus,
494 3690 543 3744 sed
566 3690 626 3744 istis
643 3689 673 3744 in
692 3690 783 3760 prima
801 3689 975 3746 institutione
991 3706 1070 3759 prae·
1094 3701 1157 3762 post
1180 3712 1270 3748 anuos
1289 3695 1355 3762 jum
1380 3694 1573 3762 quadruplata
1592 3693 1627 3745 ab
1645 3692 1815 3760 eoanqciii
1802 3710 1931 3763 suprema

236 3775 370 3829 termissis
393 3775 555 3844 simpliciter
579 3775 777 3830 concionantur
804 3776 838 3831 de
862 3775 943 3845 lapsu
970 3774 1070 3844 primo-
1096 3780 1125 3832 in
1143 3787 1200 3833 tarn
1220 3781 1354 3834 immensa
1377 3781 1458 3832 turba
1476 3780 1521 3832 uie
1539 3795 1703 3848 quemquam
1723 3779 1861 3848 reperiri,
1885 3779 1934 3848 qai

236 3879 298 3916 rum
325 3866 471 3932 parentum
496 3867 524 3916 et
547 3861 775 3917 condemnatione
798 3861 834 3915 ab
858 3860 937 3917 illo
929 3878 959 3915 m
982 3866 1071 3916 totum
1096 3867 1282 3935 symboliduo
1298 3866 1393 3934 capito
1407 3866 1555 3935 intelligat,
1573 3867 1644 3934 quid
1659 3866 1784 3919 Christus
1797 3867 1844 3928 sit,
1865 3867 1932 3935 quid

237 3965 326 4019 genus
345 3948 496 4003 humanum
513 3948 686 4012 introducta,
714 3949 750 4002 de
768 3948 890 4018 gratuita
906 3948 992 4003 nostri
1009 3948 1070 4002 red·
1097 3954 1156 4007 vita
1176 3961 1304 4022 aeterna,
1323 3953 1394 4022 quid
1411 3952 1591 4020 eucharistia,
1612 3951 1654 4005 vel
1673 3967 1767 4004 crasse
1787 3961 1931 4020 aenoseut,

239 4035 357 4090 emtione
387 4034 463 4090 sacta
493 4052 544 4106 per
569 4034 709 4090 Christum
741 4033 934 4100 mediatorem,
965 4034 1019 4088 Dei
1044 4040 1072 4089 et
1094 4042 1217 4109 pecudes
1232 4041 1330 4110 potius
1347 4039 1490 4093 habendos
1508 4057 1591 4109 quam
1605 4038 1738 4093 homines.
1771 4036 1873 4092 Verum
1885 4038 1933 4109 qui

238 4119 343 4176 Mariae
367 4120 482 4191 virginis
505 4121 605 4187 filium,
632 4121 678 4176 cui
699 4138 750 4191 per
774 4118 857 4175 fidem
879 4121 916 4176 sit
939 4120 1069 4176 adhaere·
1098 4127 1152 4180 isto
1164 4127 1290 4196 jactant,
1314 4127 1504 4195 respondeant
1526 4125 1609 4194 eniti,
1635 4142 1690 4193 qua
1710 4123 1865 4192 ditiqentia
1884 4123 1932 4177 isti

238 4208 371 4264 scendum
403 4214 432 4262 ct
460 4207 512 4263 hoe
542 4208 653 4263 nomine
684 4207 824 4279 baptisma
854 4206 1070 4278 percipiendum.
1098 4215 1284 4268 erudiantur!
1313 4213 1444 4267 Ιιιιιιιιιι
1467 4213 1527 4266 iltis
1551 4211 1593 4264 tis
1615 4220 1688 4265 terve
1709 4211 1739 4263 ιιι
1756 4211 1932 4265 teodoraci

237 4293 441 4349 Annotabimus
467 4293 520 4348 hac
546 4294 580 4348 de
608 4311 639 4348 re
665 4294 752 4351 verba
775 4296 921 4365 eujusdam
946 4294 1071 4350 Jesuitae
1097 4302 1250 4370 symbolum
1267 4308 1294 4354 et
1308 4316 1417 4369 preces,
1436 4299 1522 4367 idque
1540 4298 1698 4366 Hispanico
1717 4297 1869 4366 idiomate,
1883 4298 1932 4366 ju·

236 4381 372 4437 «iohannis
392 4380 538 4451 Baptistae
558 4379 666 4450 Montii,
688 4382 736 4454 qui
755 4381 784 4435 in
801 4381 889 4436 literis
909 4399 973 4437 ann.
989 4382 1071 4437 Dom.
1098 4390 1194 4441 bentur
1212 4387 1331 4454 denique
1350 4385 1508 4454 Hispanico
1527 4383 1596 4436 baec
1613 4382 1736 4452 discere,
1762 4402 1880 4453 quorum
1900 4399 1932 4436 nc

238 4473 312 4523 1564.
337 4484 370 4523 ex
393 4465 494 4538 Bungo
517 4468 584 4523 urbe
604 4467 741 4539 deponiae
765 4469 801 4523 ad
819 4469 983 4524 Michablem
999 4468 1070 4522 Tur·
1096 4476 1235 4542 syllabam
1249 4472 1361 4541 qnidem
1380 4471 1540 4537 intelligunt
1559 4477 1586 4523 et
1598 4471 1790 4538 pronummnt
1803 4470 1931 4524 ridicule.

236 4570 343 4609 rentem
381 4554 500 4609 exaratis
533 4555 572 4608 tic
601 4555 737 4625 loquitur:
768 4556 957 4625 Evanyelium
988 4557 1070 4625 lonae
1102 4560 1233 4628 Vulqaris
1258 4566 1350 4611 tamen
1375 4565 1400 4610 et
1422 4557 1505 4610 tritus
1529 4558 1674 4611 doctrinae
1698 4558 1857 4611 tradendae
1882 4558 1932 4611 iste

236 4641 346 4710 lateque
367 4648 554 4710 pervapatum
581 4649 620 4694 est
640 4649 665 4695 et
683 4659 752 4696 sone
766 4644 908 4711 probatur
926 4642 955 4696 in
971 4644 1070 4711 vulqus
1097 4654 1136 4700 est
1150 4647 1256 4700 arodus.
1286 4641 1344 4698 Ubi
1363 4643 1526 4711 exquisitius
1544 4661 1590 4697 res
1603 4643 1707 4712 oqitar,
1727 4645 1931 4697 socmdosser·

237 4736 261 4780 ιι
283 4728 347 4793 fere
369 4742 479 4795 semper
504 4729 545 4779 ad
563 4727 728 4796 baptismum
747 4729 808 4782 Dei
829 4731 959 4793 beneficio
979 4729 1072 4799 aliqui
1097 4751 1175 4787 mone
1192 4731 1295 4784 Indico
1313 4727 1468 4798 composito
1486 4733 1626 4798 quaedam
1645 4729 1675 4782 ιἰι
1696 4730 1858 4783 catechismi
1869 4731 1932 4795 for-

234 4816 437 4884 perducuntur.
473 4813 562 4866 Ratio
579 4821 671 4866 autem
688 4822 786 4868 nostra
805 4833 868 4869 cum
886 4816 947 4870 iilis
965 4815 1072 4883 aqendi
1097 4837 1168 4872 mam
1189 4817 1376 4885 recitatorem
1396 4816 1931 4887 tomenipseiinquaelndicaepror·

236 4910 276 4956 est
295 4900 441 4970 ejusmodi.
481 4899 632 4962 Quaeritur
648 4901 786 4972 primum,
803 4920 887 4971 quam
906 4911 1010 4956 sectam
1029 4920 1069 4957 se·
1096 4923 1143 4959 ιιιι
1160 4912 1200 4957 ιιι
1218 4904 1327 4968 infans,
1347 4903 1459 4972 quodsi
1472 4903 1584 4972 peritus
1603 4903 1648 4970 sit,
1668 4903 1746 4971 quod
1763 4921 1863 4957 rarum
1883 4911 1932 4969 est,

235 4994 372 5056 quaritur,
400 4987 502 5040 dende
520 5004 576 5040 uon
593 4989 692 5058 modo,
717 5006 802 5058 quam
821 4989 879 5057 ipsi
893 4991 1069 5057 profitentur,
1095 5000 1188 5045 tarnen
1212 4989 1344 5057 nspsteria
1367 4989 1440 5054 fidei
1459 5006 1547 5058 neque
1572 4989 1721 5058 captarat,
1752 5004 1841 5058 neque
1868 5007 1932 5042 cero

235 5075 289 5128 sed
310 5075 438 5143 reliquae
461 5089 554 5127 omnes
571 5073 732 5143 Japonicae
757 5084 848 5130 sectae
871 5075 966 5130 multis
983 5076 1070 5130 ratio·
1095 5077 1166 5130 satir
1183 5077 1268 5129 nouit.
1307 5075 1375 5138 Qun
1392 5093 1455 5129 uero
1474 5093 1597 5144 unquam
1616 5074 1769 5129 cateciu'sto
1792 5076 1931 5130 rationem

236 5160 317 5212 rubus
343 5162 385 5214 ito
409 5161 607 5227 confutantur,
630 5169 660 5223 nt
686 5179 782 5217 earum
801 5179 853 5232 ope
871 5180 905 5216 ac
920 5163 1069 5232 praesidio
1096 5164 1258 5217 auditorum
1276 5162 1386 5230 eoepit?
1409 5161 1538 5230 Denique
1552 5162 1674 5230 perinde
1698 5161 1780 5215 Indis
1802 5163 1932 5216 doctrina

237 5254 353 5300 aeterna
377 5248 469 5302 calme
488 5265 517 5302 se
534 5266 676 5318 nunquam
693 5250 785 5319 potiri
797 5265 882 5318 posse
898 5249 1069 5319 intellipant.
1096 5252 1234 5320 traditur,
1258 5259 1341 5318 atque
1368 5267 1428 5303 cum
1453 5266 1471 5301 a
1494 5249 1629 5302 mendicis
1648 5249 1730 5318 stipis
1751 5249 1932 5317 colliqendoe

237 5331 276 5383 ld
299 5333 347 5384 ubi
367 5343 565 5404 perceperunt,
595 5337 745 5400 docentor,
774 5353 860 5389 unum
889 5351 948 5391 esse
972 5353 1068 5390 rerum
1096 5355 1184 5391 causa
1211 5337 1390 5407 precationes
1419 5344 1467 5388 aut
1493 5352 1589 5389 oersrra
1616 5334 1708 5405 aliqui
1734 5336 1933 5404 remediantur,

237 5418 357 5473 mutum
375 5419 510 5490 opificem,
528 5423 579 5493 qui
595 5439 628 5478 eu
645 5423 735 5480 nihilo
753 5430 853 5479 cuncta
866 5423 1070 5493 procreaverit,
1095 5424 1146 5496 qui
1162 5426 1240 5482 iilud
1256 5432 1364 5480 tontum
1381 5429 1516 5493 spectant,
1534 5429 1563 5475 ut
1585 5422 1706 5476 dicendo
1726 5420 1785 5491 apsi
1798 5423 1841 5476 od
1851 5428 1933 5487 ιιιιιιιι
