4004 6022
194 132 257 191 274
763 119 886 178 bocUs
902 104 1108 177 uouemus
1125 114 1325 178 SECUNDUS

196 280 315 349 αἵματος
334 274 385 331 soi
404 278 529 345 Χριστοῦ
547 274 662 344 tilitas,
684 293 738 347 per
755 292 836 346 pum
853 275 1030 342 vetustisor·
1058 273 1208 345 solymam:
1239 290 1323 331 uuam
1353 288 1427 347 quae
1455 279 1498 330 est
1523 270 1542 340 sl
1566 270 1639 344 dra,
1669 270 1743 330 siue
1880 312 1888 344 ,

196 363 337 417 aaaron
353 368 380 415 e
396 361 489 431 nepe
503 361 627 416 tonino
645 377 679 416 a
697 362 823 431 ,necne
836 359 962 415 menes
975 358 1032 413 at·
1058 343 1152 433 nise
1164 345 1210 434 bri
1221 342 1364 436 eleum,
1379 359 1649 432 mananseo,
1660 357 1744 427 iris,
1809 412 1848 431 ,,
1883 418 1889 439 ,

195 454 299 502 eanber
323 446 514 501 remissionem
533 456 715 517 peecatorum
733 447 901 518 accipientes
921 454 947 500 et
965 446 1033 498 ulte·
1060 446 1145 521 ”⁸2⁹2
1166 429 1246 521 519.
1290 446 1529 512 Quemadmodum
1557 444 1756 517 Hierosolyma
1788 450 1889 501 ιειτω

197 536 260 588 rius
278 549 333 587 uon
344 542 497 603 morantes.
533 532 589 596 Qui
602 534 704 588 osteum
716 535 815 588 domus
828 540 892 587 tuoe
906 546 1034 602 opressus
1059 533 1113 588 fuit
1132 532 1291 605 metropolis
1305 533 1480 589 Palaestinae
1499 549 1533 588 ac
1550 531 1669 605 proinde
1686 536 1779 589 mater
1788 530 1889 587 lsratli·

192 619 288 686 suerit
306 617 414 685 (dicunt
426 618 611 689 exploratores
624 618 660 672 ad
671 617 814 674 Rebebem
826 618 885 674 Joe.
899 624 923 681 ι,
933 634 959 670 r.
975 616 1034 687 ta),
1059 628 1151 675 tarum
1168 621 1319 675 secundum
1339 635 1465 688 emnem3
1491 618 1530 673 sic
1549 608 1666 674 &eclesia
1683 622 1727 673 est
1745 616 1890 689 spiritualis

198 722 263 759 reus
282 702 338 760 sibi
356 704 416 773 erit,
431 706 549 774 sanquis
565 705 657 775 ipsius
677 706 731 759 erit
749 706 779 758 in
798 712 883 774 caput
899 705 977 772 eius5
994 701 1034 757 sic
1060 711 1149 761 mater
1177 704 1299 760 omniurn
1328 704 1499 761 credentium
1525 704 1714 760 Israillitarum
1746 702 1890 760 secuudum

199 792 247 863 qui
271 792 307 846 ab
331 790 450 847 ecelesia
467 797 582 862 exerent,
609 791 720 862 ipsimet
739 790 782 846 sui
801 790 878 846 exitii
898 790 950 845 sibi
971 795 1035 844 eunt
1060 788 1202 860 Spiritum,
1222 790 1315 846 Galat
1329 797 1354 858 t,
1372 807 1397 844 r.
1411 795 1452 847 ιιι.
1478 789 1720 855 Quemadmodum
1737 788 1890 860 Hierosoly·

199 883 333 934 auctores.
369 878 528 950 (lypriauus
549 877 612 934 libr.
634 884 658 933 1.
685 877 765 948 epist.
784 882 809 932 6.
832 891 888 930 uon
911 876 994 946 louge
1018 891 1036 927 a
1060 893 1133 930 mam
1156 876 1273 948 singulis
1299 876 1378 930 annis
1401 875 1491 930 tribus
1513 874 1621 931 vicibus
1639 891 1736 930 omnes
1755 874 1891 930 israelitae

199 965 300 1035 princ:
319 966 421 1020 liotab
440 974 536 1034 typum
548 964 685 1034 portabat
697 963 838 1031 ecclesiae,
858 961 906 1015 cui
916 962 1034 1014 mundu-
1060 962 1262 1019 conveniebant
1278 961 1365 1018 Erod.
1386 967 1427 1026 23,
1445 979 1472 1018 v.
1495 967 1532 1017 tt.
1554 968 1582 1017 et
1598 967 1637 1017 l't.
1661 960 1747 1016 Deut.
1764 966 1804 1024 16,
1821 978 1845 1016 r.
1857 966 1891 1017 16.

199 1058 245 1104 tur
269 1057 297 1104 et
319 1051 442 1105 dicitur:
476 1051 591 1104 Patrem
617 1057 694 1103 tuum
718 1056 744 1103 et
768 1055 886 1101 matrem
908 1055 986 1101 tuam
1009 1053 1035 1098 et
1060 1049 1223 1102 Jerusalem
1241 1048 1412 1113 aedificatur
1430 1048 1579 1113 mcimtas,
1597 1048 1893 1102 utillucadscendaat

199 1138 308 1202 fratres
325 1144 388 1191 tuos
408 1144 537 1191 ettotam
560 1137 672 1189 unum
686 1134 784 1203 patris
800 1136 842 1187 tui
859 1134 974 1202 eollipee
995 1132 1036 1184 od
1061 1135 1159 1199 tribus,
1177 1133 1266 1187 tribus
1287 1133 1419 1201 Domini,
1437 1133 1622 1188 testimonium
1641 1132 1739 1188 israel
1757 1132 1802 1186 ad
1818 1133 1892 1191 cost-

168 1270 173 1277 ,
199 1230 227 1275 te
252 1222 345 1292 speum
370 1223 401 1275 in
431 1225 543 1276 ἅοιιιιιηι
570 1230 665 1287 tuam,
692 1227 719 1273 et
746 1221 836 1275 omnis
863 1220 914 1289 qui
939 1220 1036 1273 coierit
1061 1223 1174 1275 tendum
1199 1220 1305 1274 nomini
1324 1219 1443 1274 Domini
1467 1218 1570 1274 Psalm.
1592 1222 1655 1286 ιιι,
1679 1237 1705 1271 v.
1725 1223 1749 1274 6.
1769 1224 1800 1274 et
1817 1224 1842 1274 4.
1859 1216 1892 1271 sic

201 1309 302 1362 ostium
322 1310 421 1362 domus
439 1314 502 1361 tuae
517 1311 611 1374 foros,
629 1324 694 1360 reus
707 1307 833 1360 sitierit.
866 1307 927 1369 Quo
940 1322 1035 1359 eucro-
1062 1306 1179 1362 ecclesia
1201 1311 1243 1360 est
1261 1306 1439 1377 congregatio
1457 1305 1579 1361 omnium
1597 1309 1767 1360 sauctorum.
1799 1304 1893 1371 Quem·

200 1401 289 1449 mento
308 1394 487 1462 declaratur,
514 1394 545 1447 in
562 1412 649 1447 unam
665 1393 902 1460 domumculam,
925 1394 976 1446 boc
996 1399 1036 1444 est
1062 1392 1210 1447 admodum
1237 1391 1432 1463 Hierosolyma
1453 1391 1508 1447 fuis
1530 1390 1609 1449 sedes
1634 1389 1714 1463 regni
1748 1395 1778 1446 et
1811 1405 1892 1444 sacm-

200 1480 231 1534 in
244 1480 400 1545 ecclesium,
419 1480 542 1534 uicbsros
560 1486 587 1533 et
604 1481 640 1533 ab
656 1481 771 1534 interitu
788 1479 888 1533 mundi
905 1494 1036 1532 suasuros
1061 1478 1145 1542 dotii;
1163 1478 1203 1532 sic
1221 1478 1250 1531 in
1267 1477 1385 1533 ecclesia
1400 1477 1527 1533 curatus
1543 1493 1659 1549 reguum
1671 1481 1699 1532 et
1711 1475 1894 1532 sacerdotium

199 1565 301 1634 collipi
322 1572 465 1633 oportere,
488 1565 615 1635 quisquis
639 1573 730 1619 autem
755 1567 790 1618 de
814 1565 938 1619 collectio
947 1567 1036 1631 foros
1062 1563 1249 1630 administrat,
1277 1563 1344 1635 quin
1368 1569 1396 1619 et
1420 1562 1495 1619 cirea
1517 1563 1650 1619 eccleciae
1673 1562 1744 1617 iacit
1764 1579 1850 1633 repes
1865 1578 1895 1615 oc

200 1651 325 1720 ejecerit,
343 1651 376 1704 id
393 1658 433 1704 est
446 1651 474 1704 si
491 1651 637 1720 piscosam
656 1651 686 1703 in
705 1650 824 1705 eccksia
836 1652 960 1723 pretinm
973 1669 1036 1704 con·
1062 1653 1224 1705 sacerdotes
1243 1649 1331 1720 Apoc.
1353 1656 1379 1717 1,
1404 1669 1431 1705 v.
1448 1656 1472 1705 6.
1510 1649 1752 1717 Quemadmodum
1769 1648 1896 1706 Hieroso·

200 1746 310 1792 secutus
335 1736 479 1790 recesserit
503 1744 529 1790 et
552 1737 587 1789 ab
613 1738 730 1791 ecclesio
752 1739 862 1806 scierit,
886 1755 965 1792 reum
984 1738 1038 1792 eiii
1062 1737 1139 1806 lyma
1161 1736 1215 1791 init
1239 1737 1293 1790 sita
1319 1737 1348 1791 in
1371 1736 1511 1792 montibus
1535 1737 1636 1792 Psalm.
1663 1742 1709 1803 87,
1737 1754 1763 1793 v.
1786 1730 1819 1791 1.’
1829 1734 1898 1791 etin

201 1826 344 1891 imorum,
367 1823 459 1876 idest
478 1823 642 1891 ipsunseibi
662 1825 739 1893 puori
753 1832 863 1892 pereat,
888 1824 1037 1893 imputatu-
1063 1822 1217 1878 meditullio
1245 1827 1290 1889 τῆς
1315 1825 1493 1896 οικουμένης,
1522 1828 1554 1876 ιιι
1579 1826 1659 1877 notat
1683 1820 1776 1876 Rabbi
1809 1821 1898 1877 Abeu-

201 1928 272 1963 rum.
308 1908 494 1978 Hieronymus
519 1908 548 1963 in
568 1908 648 1979 epist.
667 1909 705 1964 ad
722 1910 908 1979 Nepotianum
928 1911 964 1966 de
980 1910 1038 1965 vite
1064 1910 1150 1973 Ezra,
1173 1908 1296 1963 stodor
1323 1908 1449 1964 coelestis
1473 1908 1617 1962 doctrinae
1643 1922 1675 1962 ex
1699 1923 1735 1962 ca
1755 1907 1783 1961 in
1804 1912 1900 1980 gentes

202 1994 295 2049 cleric.
321 2010 377 2048 non
393 1993 476 2065 longe
493 2010 511 2048 a
528 1995 630 2064 princ:
661 1996 761 2050 Ratae
779 1997 912 2050 meretrico
927 1997 958 2050 in
972 2006 1037 2067 typo
1064 1995 1169 2050 vicinas
1186 1994 1335 2066 propagari
1356 2000 1463 2064 possets
1481 1995 1521 2050 sic
1539 1993 1655 2051 ecclesia
1671 1999 1714 2049 eat
1732 1993 1835 2049 ciritae
1850 1990 1901 2049 Dei

204 2081 338 2135 ecclesiae
361 2080 524 2134 resticulam
549 2082 708 2150 mysterium
732 2082 879 2151 sanpuinic
899 2084 1037 2137 contineo·
1065 2098 1149 2152 supra
1174 2087 1295 2137 montem
1318 2082 1409 2152 posita
1432 2080 1532 2136 Mettb.
1561 2088 1589 2149 5,
1613 2098 1639 2134 r.
1664 2087 1703 2136 14.
1722 2087 1755 2136 ιιι
1774 2080 1902 2135 omnibus

205 2175 273 2230 tens,
296 2175 328 2220 ut
352 2166 486 2221 Hiericho
505 2175 642 2236 pereunte
667 2170 766 2221 domus
790 2169 852 2236 ejus
870 2170 1038 2236 solveretur,
1065 2169 1102 2223 ad
1125 2167 1202 2221 illam
1220 2173 1315 2237 pateat
1331 2183 1468 2226 accessus.
1504 2167 1744 2235 Quemadmodum
1764 2183 1797 2222 er
1817 2166 1902 2223 omni·

204 2253 350 2322 appendit.
385 2251 476 2310 Gloss.
500 2252 588 2308 ordin.
613 2254 639 2307 b.
663 2255 695 2309 l.:
720 2256 791 2323 Ipsa
805 2272 934 2323 pannum
952 2256 1038 2309 coeci·
1065 2255 1118 2309 bus
1153 2252 1342 2309 lsraiilitarum
1378 2253 1537 2309 civitatibus
1567 2252 1790 2324 Hierosolymam
1827 2254 1901 2309 Deus

204 2356 285 2393 neum
300 2338 384 2409 ponit
398 2340 428 2392 in
448 2342 531 2393 domo
550 2357 617 2405 sua,
631 2356 686 2409 per
703 2343 780 2410 quod
797 2341 921 2396 soluetur
929 2327 976 2394 “ab
996 2358 1039 2394 eo·
1065 2340 1164 2412 elegit,
1188 2347 1220 2394 ut
1242 2340 1282 2394 ibi
1305 2339 1445 2396 babitaret
1466 2357 1499 2395 ac
1525 2339 1666 2395 sacrificiis
1683 2340 1837 2407 coleretur3
1865 2340 1904 2395 sic

205 2426 282 2481 cidio
311 2425 432 2479 civitatis
460 2427 632 2490 cocciacum,
656 2426 764 2481 scilicet
792 2429 869 2496 proed
894 2429 1041 2496 sanpuinis
1066 2427 1094 2480 in
1122 2427 1180 2481 sola
1203 2426 1321 2482 ecclesia
1345 2432 1388 2481 est
1414 2443 1480 2483 sera
1497 2426 1550 2482 Dei
1568 2425 1682 2498 agnitio,
1700 2442 1783 2482 verus
1801 2427 1903 2491 cultus,

204 2514 330 2575 smmum
348 2511 477 2578 peretot,
497 2512 705 2575 smalstertin,
724 2515 800 2581 quod
816 2514 891 2568 nulii
908 2522 978 2568 esset
997 2534 1040 2569 so·
1066 2528 1133 2567 vera
1150 2511 1285 2568 sacrificia
1303 2512 1406 2569 Psalm.
1420 2518 1461 2580 67,
1478 2529 1504 2566 v.
1525 2519 1553 2567 2:
1574 2513 1773 2567 mammaea
1791 2514 1856 2584 ejus
1876 2513 1905 2566 in

207 2599 262 2664 lue,
287 2597 346 2651 nisi
369 2597 400 2649 in
414 2597 552 2665 sanquine
569 2597 681 2655 Cirs'sti.
718 2598 753 2652 ss·
769 2599 832 2668 puis
850 2601 960 2655 solumi
976 2602 1042 2669 meli,
1067 2600 1204 2655 montibm
1222 2599 1334 2661 sanctis,
1353 2598 1449 2667 dilicit
1463 2599 1604 2653 Dominus
1618 2606 1722 2668 portas
1735 2598 1808 2654 Sion
1819 2614 1906 2670 msper

206 2683 299 2738 ueniat
328 2683 359 2735 s'n
388 2682 461 2736 iaec
490 2684 614 2749 domum,
651 2684 681 2735 in
708 2701 765 2752 qua
795 2685 899 2739 Christi
926 2688 1043 2757 soumis
1069 2685 1163 2739 omnia
1192 2684 1373 2738 tabernacula
1402 2684 1511 2753 Jacob5
1538 2702 1564 2741 v.
1590 2688 1619 2739 ιι
1650 2685 1778 2754 pluriora
1806 2686 1906 2739 dicua-

206 2770 318 2838 sipnum
337 2776 377 2821 est
394 2768 581 2822 redemtionis.
611 2770 701 2823 Nemo
717 2785 783 2836 erpo
801 2779 880 2824 entra
899 2773 1043 2826 ecclesiam
1069 2778 1116 2823 tur
1138 2770 1168 2823 in
1192 2779 1219 2824 te
1244 2769 1343 2823 ciuitas
1366 2771 1429 2825 Dei.
1466 2770 1703 2835 Quemadmodum
1722 2770 1757 2826 de
1776 2768 1908 2828 Hieroso·

207 2854 343 2909 solemur.
383 2853 439 2916 Qui
455 2855 540 2916 foras
561 2855 628 2922 ecit,
648 2856 745 2909 mortis
764 2859 975 2924 succressit,
993 2860 1043 2913 boc
1069 2857 1146 2926 lyma
1176 2855 1292 2921 dicitur,
1321 2856 1396 2926 qnod
1426 2857 1500 2924 ipnis
1528 2864 1553 2910 ci
1581 2859 1708 2912 cominius
1733 2856 1797 2911 Dei
1818 2859 1849 2911 in
1875 2875 1909 2912 eu

209 2948 250 2994 est
273 2939 421 3008 sanpuinis
444 2940 567 3010 ciprum,
598 2941 666 3008 puin
690 2942 759 2995 baec
784 2949 825 2995 est
848 2944 1043 3013 sanctificatio,
1069 2943 1160 3007 riserit
1185 2940 1249 2995 Esa.
1270 2947 1318 3010 31,
1341 2959 1367 2995 v.
1387 2948 1410 2998 9.
1442 2942 1481 2997 sic
1505 2942 1534 2998 in
1559 2942 1677 2999 ecclesia
1701 2942 1779 2998 Deus
1798 2944 1911 3000 habitat

209 3042 283 3095 puae
293 3044 349 3096 per
367 3026 532 3096 sanquinem
548 3035 665 3084 constat.
704 3028 786 3092 Quod
804 3030 834 3082 in
850 3030 979 3093 teneura
997 3032 1043 3085 ‹tc-
1070 3029 1192 3099 gratiose
1208 3043 1259 3082 suu
1276 3028 1440 3098 praesentia.
1477 3029 1598 3083 Possunt
1617 3030 1700 3084 etiam
1713 3028 1784 3084 aliae
1797 3029 1910 3102 figurae

205 3115 313 3182 pendet
336 3113 388 3165 boc
410 3114 533 3181 ciprum,
560 3113 637 3168 illud
659 3114 783 3168 arbitror
803 3114 943 3180 indicere,
969 3119 1045 3185 puod
1072 3133 1104 3169 er
1125 3113 1159 3170 V.
1177 3113 1210 3166 Τ.
1229 3113 1283 3167 buc
1303 3113 1420 3176 adduci,
1439 3119 1534 3185 utpote
1551 3114 1748 3170 candelabrum
1768 3115 1797 3169 in
1816 3116 1908 3171 taber-

208 3203 336 3265 senestro
359 3200 471 3252 ιιοιηιιηι
495 3198 639 3253 illuminat
662 3207 688 3253 et
701 3217 757 3268 per
774 3217 858 3269 quam
877 3208 984 3255 tontum
1003 3202 1042 3255 tu·
1071 3199 1402 3270 naculoectemplollsa.
1416 3204 1540 3268 ι5,ι.31.
1561 3200 1908 3271 Ζιιοιι.ι,ι.ι.ιιιγτιειυπι

210 3287 292 3339 minis
324 3285 462 3354 capimus,
496 3293 630 3354 quomam
659 3286 787 3350 assidat
818 3288 909 3342 oculis
939 3288 1044 3342 amris
1071 3285 1153 3343 Zacb.
1169 3290 1190 3348 1,
1204 3301 1230 3341 r.
1246 3289 1269 3340 e.
1282 3290 1334 3339 etc.
1348 3301 1465 3355 quarum
1477 3285 1712 3356 comparationum
1725 3286 1909 3344 membraer-

210 3381 236 3426 et
254 3373 334 3437 sisui,
354 3378 381 3425 et
397 3371 558 3426 incarnatio
575 3372 730 3427 saluatoris
748 3391 804 3428 non
817 3374 1044 3443 nobisinteprum
1071 3370 1151 3442 ponit
1168 3370 1222 3426 Do.
1241 3370 1277 3424 D.
1295 3368 1451 3424 Balduiuue
1470 3371 1499 3425 in
1518 3378 1662 3427 comment.
1687 3372 1802 3427 Zachar.
1821 3378 1874 3428 etc.

211 3458 325 3512 deitatis
344 3459 505 3528 arlspectm
522 3459 652 3528 inpertit,
675 3461 728 3512 sed
746 3467 881 3530 tanquam
893 3478 950 3530 per
965 3463 1045 3527 senc·
1108 3463 1148 3512 ιι.
1175 3455 1264 3526 Typis
1282 3454 1317 3510 V.
1336 3454 1369 3510 T.
1389 3454 1547 3526 allegoriae,
1565 3456 1758 3512 similitudines
1777 3474 1810 3513 ec
1829 3467 1940 3530 para-t

210 3554 299 3599 stram
312 3562 369 3614 per
385 3544 608 3599 incorrectionem
625 3562 704 3599 suam
717 3546 792 3613 fecit
810 3564 861 3599 noe
879 3547 972 3601 lumen
988 3548 1045 3602 dei·
1073 3543 1153 3598 boloe
1177 3542 1212 3597 N.
1235 3540 1269 3595 T.
1292 3542 1505 3614 conjungendae
1525 3549 1597 3597 sunt.
1635 3550 1657 3598 1.
1677 3546 1776 3627 Mons,
1804 3544 1834 3600 in
1855 3523 1942 3618 quoi}

211 3633 279 3685 tatis
304 3630 467 3698 crispicere,
494 3630 559 3684 ideo
588 3630 657 3683 mibi
677 3632 789 3683 uidetur
810 3633 921 3702 sipnum
946 3633 1047 3688 salutis
1074 3628 1199 3683 Christus
1222 3627 1313 3698 legem
1337 3627 1468 3682 moralem
1493 3628 1522 3682 in
1548 3629 1686 3700 principio
1704 3630 1851 3687 ministerii
1868 3630 1942 3687 snit

207 3731 263 3782 per
281 3716 442 3780 fenestram
469 3715 580 3775 domur,
612 3730 667 3782 quo
695 3715 815 3768 sautem
843 3727 1047 3787 consequantur
1074 3714 1196 3785 explicat
1218 3712 1316 3769 Matth.
1345 3720 1374 3778 ι,
1398 3730 1423 3767 v.
1450 3719 1472 3769 1.
1502 3713 1650 3785 allegorice
1669 3715 1808 3788 significat
1824 3687 1942 3774 eccle-li

213 3817 319 3867 oriones,
337 3799 387 3867 qui
405 3799 436 3850 in
455 3800 537 3851 domo
558 3799 709 3865 ejusmoni.
1074 3802 1157 3865 eiam,
1188 3798 1324 3871 siquidem
1353 3800 1381 3854 in
1406 3798 1456 3853 illa
1473 3798 1535 3871 ipsa
1552 3801 1684 3856 concione
1702 3800 1829 3858 Christus
1850 3820 1911 3859 eam

248 3891 288 3940 31.
317 3890 341 3939 8.
356 3883 559 3952 Hierosolyma,
578 3883 630 3938 sub
651 3884 731 3953 cujus
750 3885 860 3940 nomine
879 3887 914 3940 de
932 3888 1050 3943 ecclesia
1075 3891 1218 3955 comparat
1242 3886 1352 3940 civitati
1376 3903 1466 3955 supro
1491 3894 1609 3941 montem
1629 3888 1743 3958 positae
1767 3888 1868 3946 blattb.
1888 3897 1912 3955 5,

86 3953 131 3990 μ’
175 3970 181 3980 ’
213 3972 247 4026 N.
266 3971 299 4026 T.
320 3970 423 4041 passim
442 3968 628 4023 vaticinantur
645 3969 797 4039 prophetae
816 3970 891 4028 Esai.
910 3978 951 4041 ll,
969 3991 993 4026 v.
1009 3980 1049 4028 tt.
1075 3988 1100 4024 s.
1120 3977 1159 4027 14.
1182 3970 1304 4026 ostendit
1327 3971 1413 4043 igitur
1435 3972 1505 4026 haec
1528 3971 1632 4043 figura,
1658 3973 1811 4028 doctrinam
1842 3975 1913 4048 legis

212 4077 236 4112 c.
256 4063 303 4120 66,
322 4072 348 4109 v.
370 4063 392 4111 1.
424 4055 506 4110 Zacb.
526 4061 550 4117 6,
567 4072 593 4107 v.
614 4062 638 4114 3.
658 4059 711 4110 etc.
748 4055 810 4126 ipsa
828 4074 937 4129 quoqne
955 4059 1049 4112 trium
1076 4056 1104 4110 in
1129 4056 1246 4110 ecclesia
1270 4073 1369 4112 sonare
1387 4057 1495 4112 debere.
1533 4058 1612 4113 Sicut
1629 4076 1707 4113 mons
1727 4058 1801 4114 altus
1822 4067 1866 4115 est
1884 4066 1913 4118 et

213 4143 301 4213 pbans
325 4143 354 4196 in
378 4141 462 4197 coelis
480 4140 597 4195 ecclesia
615 4141 771 4212 appellatur
788 4142 913 4197 coelestis
932 4149 960 4198 et
977 4160 1050 4198 nova
1075 4141 1184 4206 firmus,
1210 4143 1250 4197 sic
1276 4143 1393 4198 ecclesia
1418 4143 1521 4199 eminet
1540 4144 1688 4200 virtutibus
1711 4151 1739 4199 et
1758 4147 1912 4203 stabilitate

213 4227 420 4298 Hierosolyma,
438 4226 529 4281 Galat.
550 4232 574 4290 t,
591 4245 616 4282 v.
638 4233 684 4283 ι6ι
710 4228 773 4282 Illa
791 4245 862 4299 posue
880 4247 991 4283 mersum
1010 4239 1049 4284 est
1076 4227 1141 4282 fidei
1168 4228 1247 4283 firma
1273 4234 1329 4298 cet3
1359 4229 1431 4284 sient
1456 4247 1535 4286 mons
1559 4230 1685 4286 evehitur
1708 4248 1793 4302 supra
1818 4233 1911 4299 colles,

212 4314 387 4379 Jerusalem,
414 4312 504 4365 libera
528 4321 579 4380 est,
604 4331 675 4381 pesae
694 4323 735 4368 est
753 4322 842 4367 nsoter
860 4318 982 4370 cronium
1000 4334 1048 4370 no·
1076 4315 1115 4368 sic
1133 4312 1250 4369 ecclesia
1268 4314 1359 4369 tendit
1376 4315 1413 4368 ad
1432 4315 1574 4385 superiora
1591 4317 1764 4373 etinferiora
1784 4318 1911 4390 despicit

213 4411 308 4455 strum.
326 4397 413 4453 Hebr.
429 4406 467 4467 ιι,
485 4415 512 4455 v.
526 4404 571 4454 ιιι
592 4400 745 4454 Accessitis
763 4403 804 4454 ad
816 4398 1049 4457 Jerrssolemcoe
1076 4399 1178 4456 Procul
1205 4398 1290 4453 dubio
1316 4400 1400 4453 etiam
1422 4399 1550 4456 Christus
1575 4402 1696 4472 respexit
1719 4403 1755 4456 ed
1778 4403 1913 4458 vaticinia

213 4489 310 4542 testem
330 4493 356 4540 et
375 4485 524 4539 mrrltorum
541 4484 662 4539 millium
674 4488 837 4555 onpelomsm
848 4489 1048 4558 frequentiam.
1077 4486 1111 4542 V.
1129 4485 1161 4540 T.
1186 4484 1214 4538 in
1240 4484 1341 4555 quibus
1364 4485 1464 4540 montis
1485 4487 1673 4558 appellatione
1691 4488 1811 4544 ecclesia
1829 4489 1912 4544 deno·

213 4575 302 4646 Apoc.
329 4577 358 4635 3,
383 4590 407 4627 v.
439 4577 485 4629 ιιι
513 4571 642 4626 Scribam
660 4590 745 4641 super
765 4590 826 4626 enm
845 4590 943 4628 nomen
962 4593 1050 4630 nonae
1076 4578 1151 4626 tatur
1176 4570 1277 4625 Psalm.
1296 4575 1326 4633 ι,
1351 4588 1376 4626 v.
1396 4576 1420 4626 6.
1453 4572 1554 4629 Psalm.
1577 4579 1621 4641 15,
1644 4591 1670 4626 v.
1692 4580 1713 4629 1.
1748 4575 1850 4631 Psalm.
1870 4581 1912 4644 66,

213 4659 388 4722 Jerusalem,
418 4675 491 4728 prone
522 4658 665 4711 descmdit
691 4659 727 4711 de
750 4660 826 4713 coelo
849 4677 867 4712 a
891 4662 956 4713 Deo
981 4679 1050 4719 oneo.
1076 4676 1101 4711 v.
1121 4664 1162 4713 61.
1182 4662 1235 4713 etc.
1271 4655 1387 4713 Veteres
1404 4662 1539 4726 statuunt,
1556 4658 1716 4714 concionem
1734 4658 1812 4715 illam
1832 4659 1912 4715 babi-

215 4750 302 4817 Apoc.
324 4750 370 4809 ιι,
395 4762 421 4802 v.
447 4750 477 4800 ιι
508 4745 576 4799 Vidi
593 4753 720 4798 sanctam
735 4745 873 4799 ciuitatem
889 4748 1050 4801 Jcmssalem
1076 4751 1132 4798 tum
1161 4759 1222 4798 esee
1249 4743 1278 4796 in
1306 4750 1399 4798 monte
1425 4742 1553 4807 Thabor,
1582 4745 1630 4815 qui
1656 4744 1868 4802 deflectentibus
1895 4765 1913 4801 a

216 4851 315 4888 norom
333 4833 543 4885 descendentem
561 4829 690 4884 decocto
709 4847 728 4882 a
740 4832 804 4883 Deo
821 4839 963 4900 paratam,
979 4835 1051 4887 sicut
1062 4888 1064 4893 ⁴
1076 4828 1144 4884 mari
1162 4827 1306 4883 Galilaeae
1325 4829 1444 4899 primum
1462 4830 1583 4885 occurrit
1608 4834 1636 4885 et
1657 4831 1731 4886 inter
1746 4835 1912 4905 praecipuos

216 4935 349 4989 sponsum
381 4924 508 4971 moutam
535 4915 596 4968 ciro
619 4932 679 4970 suo.
717 4914 813 4970 Habet
836 4922 929 4973 eutem
951 4915 1220 4975 nomentGalilaeae
1239 4920 1345 4971 montes
1362 4924 1524 4973 numeretur
1534 4915 1637 4971 Psalm.
1648 4922 1690 4981 89,
1702 4934 1727 4972 v.
1741 4923 1780 4974 13.
1807 4919 1910 4975 Jerenr.

217 5004 427 5075 llierosolymae
447 5003 475 5056 in
494 5001 623 5058 Hebraeo
643 5001 752 5077 duplum
770 5001 887 5057 formem
902 4990 1121 5080 Εἶξιξιπζζιι,
1145 5018 1171 5056 v.
1201 5006 1238 5057 te.
1266 5018 1385 5073 cumque
1413 5003 1441 5057 in
1465 5003 1562 5058 eodem
1584 5008 1679 5059 monte
1696 5008 1794 5074 postea
1815 5006 1912 5061 audita

128 5089 164 5126 '‘¹-
178 5087 249 5145 ³2'ob
271 5091 341 5145 duas
360 5089 437 5145 urbis
455 5095 561 5160 partes:
580 5105 636 5143 nne
648 5089 703 5144 fuit
720 5088 787 5144 urbs
805 5073 890 5163 filiii
912 5090 1003 5147 Salem
1019 5092 1048 5146 in
1059 5106 1062 5151 ι
1073 5087 1158 5143 fuerit
1175 5104 1227 5143 ror
1246 5087 1334 5159 patris
1354 5088 1482 5143 coelestis
1507 5088 1543 5143 (le
1557 5084 1681 5156 (lbi-isto,
1708 5090 1781 5143 lunc
1805 5094 1909 5160 circite,

211 5184 304 5232 monte
323 5177 389 5231 Sion
407 5175 475 5239 sita;
495 5176 583 5230 altera
600 5174 684 5248 ntss'tj,
705 5192 784 5231 mons
803 5174 900 5244 Moris,
919 5176 980 5231 urbi
1000 5170 1171 5248 poiMattb.
1195 5180 1235 5241 tl,
1256 5190 1281 5229 v.
1301 5181 1323 5228 5.
1345 5175 1410 5229 inde
1429 5174 1583 5247 colligitur,
1602 5175 1749 5230 ecclesiam
1766 5177 1910 5250 alligatam

210 5267 271 5318 stea
286 5264 401 5332 junctus
420 5268 449 5318 et
465 5262 599 5317 inclusus.
628 5261 661 5315 ld
674 5261 765 5332 ipsum
778 5250 1132 5335 apostolusmystioe{esse
1158 5261 1194 5315 ad
1220 5277 1316 5316 vocem
1342 5262 1436 5333 sponsi
1459 5261 1518 5327 aui,
1547 5260 1599 5314 boc
1622 5268 1666 5316 est
1692 5263 1728 5317 ad
1757 5264 1911 5319 doctrinam

207 5348 320 5419 exponit
341 5349 402 5405 Gal.
415 5356 440 5419 t,
460 5365 487 5405 v.
500 5354 540 5405 to.
556 5348 632 5420 quod
650 5346 789 5419 significet
800 5347 940 5417 duplicem
948 5346 1181 5405 Hiero-ichristi.
1217 5348 1350 5405 iucunde
1365 5349 1450 5404 etiam
1467 5352 1510 5402 est
1526 5345 1595 5402 baec
1614 5349 1732 5419 pictura.
1769 5350 1802 5406 Io
1821 5349 1856 5407 V.
1874 5349 1907 5404 T.
