4004 6022
807 305 859 362 DE
876 302 1069 360 secutum.
1184 308 1191 327 ⁸
1721 307 1782 365 tas

88 466 149 520 hem
169 466 306 535 accipere
328 483 401 518 ausa
426 473 474 519 est.
514 464 678 532 Quanquam
704 468 729 514 et
755 478 775 514 a
806 459 927 515 Graecis
953 457 1104 530 genitores,
1131 455 1179 526 qui
1197 455 1309 512 fueram
1326 473 1359 513 ex
1379 462 1455 513 secta
1472 454 1700 524 Pharisaeorum
1725 453 1784 510 Ste-

88 570 152 606 cum
170 553 326 622 ipnominia
343 552 459 621 repulsa
475 551 533 613 fuit
551 559 577 604 et
595 551 675 619 apud
687 548 779 601 Indos
796 565 852 601 non
859 563 926 618 per-
952 545 1059 616 pharius
1079 544 1141 598 Act.
1163 549 1186 597 7.
1205 542 1241 597 de
1258 542 1331 599 iales
1347 542 1474 598 doctrina
1485 547 1632 596 accusatus
1644 540 1681 595 ad
1692 540 1784 594 Abra·

88 640 167 692 misit
185 640 340 703 Dominus,
362 647 392 692 nt
410 639 555 704 scestigslum
572 638 658 706 tipcre
673 642 786 705 posset‚·
805 634 927 704 itemque
952 632 1062 684 hamum
1082 637 1221 700 provocat,
1242 647 1259 684 a
1278 648 1332 701 quo
1352 630 1485 701 iucipiens
1503 628 1540 682 ad
1557 633 1681 698 tempora
1693 626 1784 697 Baby-

88 723 175 795 illius,
196 725 271 795 quod
289 725 317 778 in
335 725 450 794 praeiet.
472 730 538 779 tons.
555 727 575 776 t.
590 720 837 776 controversiarum
849 735 927 790 prae·
952 718 1058 772 lonicae
1082 715 1252 784 captivitatis
1273 716 1417 772 descendit
1434 724 1517 787 atque
1536 714 1600 768 inde
1618 714 1656 768 ad
1673 713 1722 768 illa
1740 729 1785 768 us·

89 809 147 866 lixa
171 811 281 867 scribit:
313 810 383 873 Quis
407 812 532 879 ipnorat,
551 816 658 878 pestem
681 808 869 861 Lutlseranam
897 805 927 857 in
954 820 1007 874 que
1025 808 1161 872 tempora,
1187 802 1215 855 in
1233 802 1334 874 quibus
1352 802 1474 870 susus,
1501 807 1551 857 400
1571 800 1681 855 circiter
1699 816 1786 854 annos

90 899 220 952 &sonia
235 896 324 967 paulo
343 905 408 951 ante
426 905 550 950 exortam
568 913 631 950 mos
644 893 827 948 Germaniam
834 910 927 962 paene
938 938 941 963 ,
953 889 1199 961 praetergrediens.
1234 889 1472 954 Quemadmodum
1491 887 1576 959 igitur
1593 885 1711 959 apostoli
1727 885 1785 940 fuc-

89 992 178 1039 satam
190 1001 350 1053 occupasse,
367 984 435 1036 inde
453 984 494 1035 ad
507 981 667 1050 aquilonem
679 989 704 1034 et
717 980 849 1034 orientem
856 997 926 1049 pro·
939 967 941 984 '
953 983 1017 1031 runt
1038 976 1095 1031 veri
1118 974 1315 1046 prophetarum
1340 991 1529 1041 successores,
1550 973 1616 1045 qnia
1633 971 1786 1028 doctrinam

87 1072 197 1136 sectam
221 1071 362 1136 Daniam,
390 1069 577 1137 Noruepiam,
608 1067 750 1135 Sisciam,
783 1065 1046 1132 Gotlsiam,1corum
1064 1080 1163 1134 puram
1182 1069 1210 1117 et
1226 1070 1391 1133 receperunt
1408 1068 1436 1118 et
1453 1067 1658 1135 propagarunt,
1674 1059 1787 1113 fuerunt

88 1158 283 1225 Pannoniam,
311 1157 491 1226 Hunpuriam
517 1155 696 1221 absumsisse,
721 1161 777 1207 tum
798 1155 839 1207 ad
857 1154 926 1207 occi·
939 1130 1009 1241 iveri
1036 1150 1156 1204 Aaronis
1181 1167 1366 1220 successores,
1400 1149 1465 1221 quia
1490 1148 1573 1204 fidem
1597 1147 1671 1202 illius
1690 1143 1788 1201 sectati

90 1248 201 1300 &mem
218 1253 244 1298 et
261 1244 405 1297 meridiem
420 1241 491 1313 pari
509 1241 652 1295 celeritate
674 1241 799 1295 delatam
816 1249 842 1294 et
857 1240 928 1295 Gai·
939 1246 941 1253 '
953 1242 1032 1307 sunt,
1050 1236 1114 1292 licet
1132 1253 1182 1292 nec
1201 1237 1357 1308 prophetis,
1376 1254 1427 1293 nec
1446 1236 1550 1292 Aaroni
1569 1233 1727 1289 immediate
1744 1249 1786 1288 ra-

88 1332 174 1396 liam,
205 1331 354 1399 Anpls'am,
386 1330 523 1391 Scouam,
551 1327 756 1395 florentissima
785 1328 927 1396 quondm
953 1325 1027 1379 tione
1049 1322 1104 1378 loci
1131 1325 1325 1391 succederent3
1355 1322 1394 1378 sic
1426 1323 1508 1378 etiam
1526 1321 1584 1377 veri
1601 1319 1788 1392 apostolorum

89 1434 189 1486 repna,
207 1417 284 1470 brem
299 1424 420 1485 tempore
427 1414 605 1485 populatam,
623 1414 665 1466 ad
676 1422 824 1468 mtremum
839 1413 928 1482 Alpes
953 1426 1123 1465 successores
1143 1409 1290 1481 judicandi
1315 1415 1393 1477 sunt,
1418 1408 1467 1479 qui
1486 1407 1639 1463 doctrinam
1659 1413 1687 1462 et
1704 1405 1788 1460 fidem

90 1504 299 1558 &emendasse
317 1509 344 1556 st
363 1502 393 1555 in
410 1502 531 1555 ltaliam
547 1517 633 1569 usque
650 1502 836 1570 penetrasse!
954 1496 1142 1568 apostolorum
1165 1495 1194 1549 in
1218 1494 1327 1566 seriptis
1350 1494 1470 1564 ipsorum
1489 1493 1715 1564 comprehensam
1734 1492 1787 1545 sin·

597 1600 600 1606 '
955 1599 1016 1639 cere
1044 1583 1264 1653 amplectuntur,
1288 1581 1354 1635 licet
1373 1586 1514 1636 externam
1533 1587 1561 1637 et
1580 1580 1694 1635 localem
1712 1577 1788 1632 illam

953 1669 1154 1724 successionem
1177 1686 1232 1723 non
1255 1666 1385 1723 babeant.
1422 1666 1660 1731 Quemadmodum
1687 1664 1785 1720 doctri·

954 1756 1011 1811 nali
1028 1755 1068 1809 illi
1080 1753 1255 1823 successioni,
1274 1770 1330 1823 qua
1343 1753 1470 1824 apostoli,
1489 1753 1631 1825 prophetis
1646 1757 1674 1807 et
1687 1750 1788 1806 Aaroui

365 1810 384 1869 Β
404 1811 431 1872 Ε
451 1811 472 1872 c
489 1812 513 1871 Τ
532 1811 591 1873 Ῑο
626 1808 662 1869 v·
954 1842 1071 1914 aliisque
1090 1841 1144 1912 piis
1162 1839 1353 1895 sacerdotibus
1372 1840 1480 1895 ratione
1498 1838 1642 1894 ministerii
1659 1838 1788 1894 ecelesia-

91 1968 159 2034 nn
182 1967 381 2049 cursus
409 1965 705 2033 noonnsrsn
735 1963 872 2032 sons
899 1964 928 2028 s
954 1928 1016 1983 ccc
1043 1933 1247 1995 ⁸¹¹⁰⁰⁸⁸⁸⁰r¹¹¹¹t2
1277 1926 1354 1980 nulls
1381 1944 1415 1982 ⁶¹
1440 1934 1521 1998 cccc
1543 1926 1686 1993 obstabat,
1714 1924 1788 1996 ,scs

955 2014 1124 2085 temporibus
1143 2013 1274 2083 proximis
1293 2014 1451 2070 sacerdotes
1469 2013 1601 2070 haeretici
1621 2018 1650 2067 et
1667 2011 1789 2084 graviter

92 2069 430 2138 BELLARMINO
484 2067 823 2143 ASSIGNATA’>
857 2066 928 2131 VI·
955 2102 983 2155 in
1004 2100 1060 2156 fide
1078 2108 1199 2155 errantes
1216 2099 1290 2169 ipsos
1308 2107 1531 2170 praecesserant,
1555 2100 1596 2153 ita
1614 2114 1723 2170 quoque
1741 2099 1790 2152 do·

91 2172 322 2240 Dsmcsu
351 2169 697 2240 SUccESSIONE
727 2167 928 2236 EPISCO-
956 2187 1064 2242 ccicsu
1086 2187 1127 2241 rus
1150 2185 1332 2253 successioni,
1354 2203 1411 2256 qus
1435 2186 1475 2257 pu
1495 2193 1523 2241 cs
1542 2185 1686 2240 cctncocsr
1705 2183 1791 2240 cccic-

419 2273 604 2342 PORUM.
956 2275 1014 2330 siae
1032 2272 1150 2328 ministri
1169 2272 1352 2343 apostolicam
1371 2271 1454 2326 fidem
1474 2271 1580 2326 sincere
1592 2271 1790 2342 amplectentes

956 2362 1122 2429 succedunt,
1142 2375 1319 2432 nequaquam
1338 2357 1444 2423 obstat,
1467 2359 1541 2430 quod
1559 2359 1729 2428 temporibus
1745 2375 1790 2413 su·

38 2469 78 2512 sss
132 2451 189 2503 19⁰·
226 2446 532 2515 Membfflmprimum·
569 2444 647 2500 Sitne
667 2441 804 2498 mettio
824 2447 932 2497 vertet
957 2447 1111 2520 perioribus
1136 2463 1186 2516 per
1208 2455 1367 2516 corruptum
1386 2445 1568 2501 ministerium
1587 2445 1723 2499 successio
1742 2443 1791 2498 ills

39 2542 81 2622 ’.ᾖν
94 2532 208 2605 propria
233 2531 367 2588 ecclesiae
394 2538 467 2588 nota
503 2532 613 2601 Duplex
632 2538 675 2585 est
692 2529 844 2598 successio,
875 2547 932 2585 una
956 2535 1039 2591 luerit
1055 2533 1220 2603 interrupta
1252 2531 1492 2598 Quemadmodum
1509 2530 1629 2600 apostoli
1647 2548 1665 2584 a
1683 2547 1791 2588 succes·

39 2639 81 2684 stt.
95 2618 208 2691 quidem
233 2618 360 2672 locorum
388 2628 414 2672 tl
436 2635 641 2687 personarum,
669 2617 756 2672 altera
776 2616 930 2671 doctrinae·
957 2622 1034 2677 sione
1054 2618 1137 2675 locali
1149 2626 1178 2674 et
1192 2624 1313 2680 externa,
1332 2635 1387 2689 qus
1400 2617 1537 2687 Caiaphas
1549 2617 1660 2688 gloriari
1673 2621 1791 2687 poterat,

39 2755 74 2786 ss·
94 2704 175 2760 illam
197 2721 297 2759 vocare
320 2704 408 2775 possis
430 2713 584 2774 estunam,
609 2703 681 2759 hano
700 2720 765 2759 vero
784 2704 930 2760 internam.
957 2706 992 2761 ad
1004 2706 1204 2762 successionem
1219 2705 1398 2760 doctrinalem
1412 2710 1440 2758 et
1452 2703 1587 2758 internam
1596 2709 1790 2774 provocarunt,

39 2808 57 2838 s
94 2789 240 2847 Successio
261 2791 382 2844 locorum
400 2797 429 2844 ct
444 2807 625 2860 personarum
644 2797 686 2846 est
702 2789 832 2844 accidens
844 2790 930 2860 quod·
957 2795 1068 2863 quando
1086 2791 1200 2863 publice
1218 2790 1362 2862 protestati
1375 2794 1448 2858 sunt,
1466 2791 1542 2858 arcad
1554 2789 1626 2843 nihil
1639 2791 1789 2860 quidquam

39 2857 79 2943 ᾖ
95 2877 160 2932 dam
177 2882 320 2933 externum
339 2882 367 2930 et
385 2875 528 2942 mutabile,
549 2892 600 2931 uec
618 2876 772 2949 quidquam
784 2875 930 2930 valetabs·
955 2888 1035 2934 estru
1061 2897 1109 2949 ea,
1137 2896 1208 2948 quae
1231 2880 1346 2946 Moyses
1367 2885 1393 2930 et
1414 2877 1569 2946 prophetae
1587 2876 1690 2938 futura
1706 2893 1792 2945 prae·

39 2971 43 2984 '
95 2981 150 3037 qus
166 2963 308 3020 doctrinae
327 2963 508 3033 successione,
528 2963 669 3019 doctrinae
686 2972 779 3019 autem
792 2964 929 3019 successio
956 2969 1099 3035 dicerunt,
1125 2966 1243 3019 doceant
1267 2965 1330 3020 Aet.
1357 2967 1405 3032 26,
1433 2978 1459 3018 v.
1484 2966 1525 3016 22.
1545 2977 1597 3015 nec
1617 2963 1791 3033 petierunta

94 3058 137 3108 est
155 3066 237 3105 verae
255 3049 388 3105 ecclesiae
407 3049 525 3120 propria
562 3053 706 3107 Personae
726 3051 804 3105 aliae
816 3052 846 3104 s'n
858 3051 929 3105 ulio·
956 3051 1080 3124 Caiapba
1099 3050 1315 3119 ordinationem
1341 3048 1381 3103 ita
1399 3065 1510 3120 quoque
1528 3046 1610 3102 hodie
1628 3048 1656 3103 in
1671 3047 1793 3104 ecclesiis

93 3155 158 3191 rum
176 3137 266 3191 locum
286 3136 432 3190 subeuntes
449 3155 505 3190 non
521 3139 633 3201 faciunt
652 3139 861 3202 successionem,
879 3139 932 3193 sed
957 3138 1124 3212 evangelicis
1139 3153 1157 3191 a
1174 3135 1347 3191 successione
1362 3134 1443 3191 locali
1455 3144 1483 3188 et
1491 3134 1630 3205 personali
1638 3136 1674 3189 ad
1683 3152 1791 3191 succes·

90 3231 246 3296 perpetuus
263 3223 410 3276 doctrinae
428 3240 584 3292 consensus,
602 3225 652 3293 qui
666 3224 737 3288 fidei
751 3225 863 3279 uinculo
880 3242 930 3293 po·
956 3226 1060 3281 sionem
1075 3224 1255 3280 doctrinalem
1272 3229 1347 3277 recte
1363 3237 1552 3290 provocamus,
1567 3237 1618 3275 nec
1630 3238 1647 3274 a
1656 3219 1792 3292 pontifici·

94 3312 226 3366 ster-iores
239 3309 386 3378 potorium
406 3311 564 3380 conjuupit,
589 3316 622 3364 nt
640 3319 714 3367 recta
734 3311 830 3366 scribit
848 3310 929 3366 Gelu·
951 3300 1009 3368 vbiis
1022 3311 1154 3366 Romanis
1169 3310 1204 3383 dc
1220 3307 1395 3362 successione
1410 3305 1446 3360 ab
1456 3306 1587 3377 apostolis
1597 3307 1789 3377 gloriantibus,

94 3397 153 3451 sius
170 3396 198 3450 in
218 3402 362 3450 comment.
381 3394 431 3452 lib.
452 3404 475 3451 3.
496 3396 604 3452 lrenaei
623 3413 647 3452 c.
669 3401 692 3452 3.
717 3397 764 3451 Sic
784 3415 849 3470 ergo
866 3416 929 3453 con·
956 3397 1065 3455 interim
1084 3414 1150 3453 vcro
1173 3394 1326 3467 Csiapham
1343 3392 1515 3448 imitantibus
1535 3392 1734 3448 ordinationem
1748 3394 1792 3448 vel

39 3491 79 3535 m.
93 3490 139 3537 trs
162 3480 234 3536 banc
257 3488 350 3537 notam
375 3489 614 3554 argumentamur:
649 3489 671 3539 1.
694 3481 775 3548 Quod
800 3485 931 3541 ecclesiae
956 3486 1191 3542 confirmationem
1202 3484 1331 3555 petimus.
1363 3480 1474 3551 Excipit
1485 3479 1678 3545 Bellarmiuus,
1698 3497 1790 3536 sacer·

39 3557 80 3647 i'c‘s
94 3586 151 3624 non
175 3569 305 3624 convenit
327 3586 435 3638 semper
459 3586 492 3624 sc
514 3576 663 3640 perpetuo,
688 3589 743 3626 non
761 3579 931 3642 potestesse
957 3575 1063 3628 dotium
1073 3573 1247 3627 duronicum
1258 3571 1350 3634 fuisse
1365 3568 1518 3638 temporale
1533 3576 1558 3620 et
1572 3568 1662 3621 solum
1673 3570 1792 3624 durasse

40 3662 74 3699 πῆ
93 3670 162 3710 reru
181 3662 209 3709 et
227 3655 339 3726 propria
357 3655 430 3709 illius
450 3662 523 3710 nota.
548 3656 637 3728 Atqui
649 3659 785 3714 successio
799 3676 855 3714 non
867 3674 930 3713 con·
956 3676 1042 3730 usqree
1072 3662 1115 3713 ad
1141 3658 1345 3712 inchoationem
1373 3657 1411 3712 N.
1443 3656 1475 3709 Τ.
1506 3655 1638 3725 deinceps
1669 3657 1792 3726 caepisse

41 3722 61 3752 ⁸⁸
93 3741 172 3798 venit
196 3742 328 3797 ecclesiae
351 3748 487 3812 perpetuo
511 3758 543 3796 ac
567 3760 684 3814 semper.
719 3743 795 3816 Ergo
816 3754 932 3799 nonest
956 3747 1146 3802 sacerdotium
1182 3746 1334 3798 secuudum
1372 3743 1499 3796 ordinem
1535 3741 1743 3797 Melchisedech
1773 3760 1791 3797 a
1805 3753 1898 3799 xtttt

94 3844 160 3885 veru
183 3836 211 3883 et
234 3828 347 3899 propria
367 3830 440 3882 illius
459 3835 534 3882 nota.
573 3829 737 3884 Assumtusn
755 3837 799 3885 est
816 3831 930 3887 munite·
960 3835 1070 3892 Cliristo
1093 3834 1263 3901 institutum,
1287 3831 1369 3899 cujus
1393 3830 1549 3883 sacerdotii
1571 3848 1632 3882 cum
1645 3831 1792 3899 primitias

93 3920 177 3977 stum,
196 3915 263 3987 quia
280 3915 335 3969 fuit
348 3933 414 3970 vera
431 3922 458 3971 et
472 3917 761 3986 apostolicaecclesia,
780 3926 928 3989 antequam
954 3922 1065 3987 suerint
1090 3919 1226 3990 apostoli,
1250 3917 1314 3971 ideo
1339 3933 1395 3969 non
1415 3915 1541 3969 debuisse
1560 3914 1626 3967 illos
1646 3916 1793 3985 Cataplsae

92 4007 167 4056 esset
195 4001 258 4056 talis
288 4002 439 4070 successio,
466 4002 573 4058 scilicet
595 4004 624 4056 in
647 4003 791 4074 principio.
832 4004 930 4077 Neque
956 4008 1112 4076 succedere,
1132 4006 1183 4058 sed
1202 4021 1262 4058 esse
1275 4002 1451 4072 principium
1469 4000 1704 4054 novisacerdotis'.
1739 4001 1792 4056 uc·

92 4085 169 4143 enim
181 4096 302 4157 propter
321 4088 521 4142 successionem
540 4090 575 4142 ab
596 4090 734 4160 apostolis
754 4091 872 4145 ccclesia
887 4092 930 4144 di·
956 4093 1137 4166 spondemus:
1165 4097 1188 4147 1.
1214 4089 1320 4144 fatetur
1342 4088 1401 4160 ipss
1425 4084 1609 4141 Bellarmiuus
1637 4085 1684 4140 lib.
1709 4093 1733 4143 4.
1758 4088 1793 4143 ds

91 4175 167 4228 auur
191 4175 362 4242 apostolica,
386 4180 418 4228 ut
440 4173 625 4230 Bellarmiuus
651 4177 821 4247 suspicatur,
846 4174 930 4230 seda
958 4182 1053 4238 eccles.
1075 4197 1099 4236 c.
1122 4185 1145 4234 t.
1164 4173 1192 4250 ξ.
1214 4177 1242 4231 in
1254 4175 1337 4242 omni,
1356 4174 1503 4228 ecelesiam
1516 4171 1623 4227 Christi
1633 4192 1688 4227 non
1694 4174 1792 4242 fuisse

91 4260 219 4318 doctrina
239 4261 400 4332 apostolica,
419 4262 555 4334 siquidem
574 4263 603 4316 in
621 4262 749 4334 symbolo
768 4262 929 4334 apostolico,
956 4286 1057 4322 nouam
1083 4266 1245 4332 ecclesiam,
1269 4263 1322 4315 sed
1342 4261 1432 4346 saluus
1452 4262 1631 4314 mutationem
1650 4262 1793 4330 quandam

91 4347 168 4420 quod
194 4348 230 4401 ab
255 4348 326 4418 ipsis
352 4350 490 4417 apostolis
508 4351 690 4419 compositum
708 4366 769 4406 esse
786 4349 929 4404 Beliarmi·
955 4361 1046 4408 status
1065 4352 1206 4406 ecclesiae
1263 4347 1370 4412 Quodsi
1388 4353 1496 4402 mutata
1513 4345 1686 4401 successione
1704 4352 1793 4400 status

90 4451 145 4489 nus
164 4433 213 4488 lib.
233 4440 256 4490 1.
280 4434 315 4488 de
331 4433 524 4504 justification.
543 4453 566 4490 c.
587 4442 610 4492 9.
630 4436 737 4506 statuit,
756 4435 873 4492 ccclesia
891 4436 930 4489 di·
957 4441 1093 4494 duntaxat
1124 4434 1257 4493 ecclcsiae
1288 4440 1417 4489 externus
1447 4438 1582 4497 mutatum,
1616 4450 1672 4488 uon
1700 4439 1793 4487 autem

91 4519 165 4576 citur
184 4521 349 4589 apostolica,
370 4539 433 4576 cum
453 4522 576 4576 nondum
594 4521 623 4577 in
642 4540 677 4578 ea
694 4530 767 4578 esset
784 4522 848 4577 talis
868 4539 929 4576 suc·
956 4543 1028 4580 nova
1056 4523 1173 4580 ecclesia
1201 4521 1392 4589 constituitur,
1422 4536 1488 4593 ergo
1517 4519 1654 4575 successio
1678 4537 1733 4575 non
1752 4525 1793 4574 est

91 4607 196 4677 cessio,
215 4607 265 4663 sed
283 4607 394 4678 ipsimet
411 4609 529 4679 apostoli
548 4609 638 4664 adhuc
660 4608 798 4664 docerent.
834 4607 929 4663 Eccle·
956 4629 1021 4667 vera
1040 4617 1068 4666 et
1085 4608 1247 4675 essentialis,
1266 4608 1316 4662 sed
1334 4614 1442 4662 mutum
1461 4606 1641 4662 accidentalis
1660 4605 1793 4661 ecclesiae

92 4694 135 4749 sia
153 4694 202 4748 illa
219 4694 369 4764 primitiva,
389 4694 418 4748 in
436 4712 492 4766 qua
511 4695 636 4750 Christus
656 4702 684 4749 ct
701 4695 929 4766 apostolidocuc·
956 4704 1036 4767 nota,
1062 4697 1128 4768 quia
1154 4695 1261 4749 scilicet
1280 4711 1336 4747 uon
1356 4694 1392 4747 ad
1412 4693 1485 4747 illius
1505 4693 1666 4757 essentiam,
1690 4691 1738 4746 sed
1756 4690 1794 4745 ad

92 4787 167 4850 runt,
185 4779 240 4835 suit
252 4778 302 4834 flos
316 4780 458 4849 ecclesiae,
477 4787 617 4836 catanien
630 4782 720 4836 caruit
734 4781 815 4836 locali
829 4787 857 4836 et
869 4798 930 4852 per·
957 4793 1099 4841 externum
1123 4783 1260 4837 duntaxat
1279 4786 1382 4834 statum
1400 4780 1529 4851 pertinet.
1567 4786 1590 4834 2.
1610 4780 1651 4836 Ut
1668 4776 1793 4833 Christus

93 4865 183 4922 sousli
201 4866 250 4920 illa
266 4867 447 4922 successione.
483 4867 534 4922 Cui
554 4868 628 4923 enim
643 4869 775 4924 successit
787 4866 930 4922 Christus?
957 4872 1048 4943 potuit
1067 4888 1126 4924 esse
1145 4870 1273 4923 sacerdos
1289 4867 1441 4922 secuudum
1454 4868 1578 4922 ordinem
1590 4863 1793 4929 hlelchisedcci,

95 4952 141 5007 cui
171 4960 364 5008 successerunt
393 4952 531 5024 apostoli?
578 4953 695 5024 epistola
723 4953 760 5007 ud
786 4952 930 5008 flchrseoc
957 4961 1009 5014 hoo
1029 4965 1071 5012 est
1090 4973 1232 5012 successor
1249 4953 1459 5023 stelehiscdeci,
1479 4954 1544 5008 hcet
1564 4953 1669 5024 aliquot
1688 4951 1793 5007 seculo-

95 5039 274 5110 demonstrat,
292 5039 431 5095 Christum
446 5056 505 5094 esse
523 5039 696 5094 sacerdotem
717 5040 870 5094 secundum
888 5057 930 5094 or·
956 5063 1017 5099 rum
1037 5044 1154 5098 decursu
1174 5040 1311 5095 successio
1331 5039 1381 5094 illa
1400 5047 1472 5095 essct
1491 5041 1646 5108 interupta3
1671 5038 1710 5092 sie
1730 5054 1795 5108 apo·

94 5125 189 5182 dinem
212 5125 423 5181 Melchisedech.
459 5125 534 5197 Ergo
560 5126 694 5180 suecessit
718 5125 931 5192 Melchisedem,
957 5132 1091 5186 stolorum
1118 5144 1289 5183 successores
1316 5143 1378 5183 esse
1405 5134 1534 5197 possunt,
1569 5125 1616 5194 qui
1643 5123 1795 5179 doctrinam

41 5224 80 5268 m
94 5229 163 5284 ergo
188 5229 253 5267 vera
274 5212 410 5267 successio
427 5218 594 5282 potestesse
615 5212 785 5281 interrupta,
807 5211 830 5264 si
850 5212 931 5267 modo
958 5216 1144 5289 apostolorum
1166 5214 1301 5268 sinceram
1321 5219 1350 5266 et
1366 5211 1555 5282 incorruptam
1574 5210 1747 5279 profitentur,
1764 5209 1795 5263 li-

94 5298 236 5356 doetrinae
259 5298 461 5354 successionem
479 5300 654 5368 conjunctam
677 5296 788 5353 habeat·
826 5296 930 5353 Paulus
958 5306 1023 5359 licet
1045 5301 1208 5372 interruptio
1227 5300 1322 5371 aliqua
1342 5298 1473 5369 temporis
1493 5298 1654 5352 locorumet
1665 5312 1795 5367 persone·

94 5386 164 5442 dicit
183 5391 207 5442 2.
227 5383 298 5442 Tim.
321 5391 349 5448 l,
368 5402 393 5436 v.
413 5390 436 5439 3.
456 5403 485 5439 se
505 5385 565 5440 Deo
585 5385 724 5441 servires
741 5385 931 5453 propositori·
944 5384 1017 5444 'rum
1045 5388 1152 5442 ratione
1170 5386 1333 5442 intercedat.
1371 5390 1393 5439 3.
1417 5383 1455 5440 Ut
1472 5384 1502 5437 iu
1518 5381 1553 5439 V.
1571 5381 1604 5436 Τ.
1624 5383 1796 5454 praedictum

94 5473 154 5538 tiss,
172 5471 225 5527 boc
244 5478 286 5526 est
304 5470 340 5525 ab
360 5470 530 5540 Abrahamo,
549 5471 656 5540 hasco,
676 5468 783 5526 Jacobs
800 5476 852 5526 etc.
870 5461 932 5542 pro·
959 5483 1036 5544 erat,
1063 5472 1233 5529 Aaronicum
1259 5469 1445 5527 sacerdotium
1476 5473 1659 5538 cessaturum,
1685 5477 1798 5540 propter

93 5559 145 5617 bst
163 5574 231 5631 ergo
247 5556 330 5613 fidem
346 5574 424 5613 suam
441 5559 617 5615 successione
635 5559 789 5629 interrupta
807 5574 858 5628 per
869 5576 931 5630 pre
945 5558 948 5617 i
960 5577 1044 5634 quem
1070 5576 1182 5616 causam
1200 5557 1319 5631 apostoli
1338 5565 1412 5611 recte
1432 5553 1574 5636 faciebant
1592 5571 1610 5611 a
1629 5554 1798 5627 crispiaci

1412 5659 1465 5715 ιδ’
