4004 6022
784 304 1043 364 6666611616
1696 315 1754 375 331

47 463 163 532 injuste
180 462 492 530 6661616166,6116111
511 461 544 515 ob
556 477 653 515 eorum
663 477 812 530 corporum
818 464 911 531 June
909 462 959 516 166
980 463 1112 532 peculim
1130 463 1251 534 quadam
1271 462 1429 531 6166616616
1452 469 1577 534 tempore
1595 463 1759 519 Antichristi

50 550 286 649 damnandorum
309 549 394 601 totius
419 550 485 617 jorn
513 548 614 602 mundi
640 548 678 602 sit
706 533 911 604 1666616161ιά6
922 555 988 604 ante
1010 549 1138 604 ultimum
1156 549 1257 605 Christi
1278 549 1429 605 adrentum
1446 551 1638 621 adjudicium
1655 551 1758 620 futura,

49 632 329 704 66666.Δςιιο6611
345 633 422 687 hoc
414 651 475 703 1666
492 632 683 703 Bellarminus,
702 635 766 690 ideo
784 634 897 690 dimissa
909 650 989 705 crgo
1013 634 1065 689 hoc
1091 652 1146 690 non
1170 641 1264 705 potest
1288 636 1377 706 accipi
1400 637 1437 690 de
1459 637 1633 706 particulari,
1657 637 1705 694 sed
1723 638 1760 693 de

50 719 148 790 priore
175 719 354 789 responsione
383 719 465 773 aliam
492 719 645 791 subjungit.
694 720 743 774 Vel
769 711 1109 776 dicamuscommuniore
1126 722 1247 793 quadam
1266 722 1502 778 etunivcresliore
1515 723 1675 792 defectione,
1693 741 1760 796 qus·

53 805 170 875 (inquit)
191 822 255 859 cum
274 806 495 875 Tbeopbplacto,
517 807 596 875 ioqui
614 809 767 862 Dominum
786 809 822 861 de
835 810 896 877 fide
908 860 910 865 ⁴
922 807 956 860 lis
980 813 1103 878 tempore
1128 807 1315 878 apostolorum
1337 809 1461 864 nondum
1486 809 1654 882 contigerat,
1681 811 1759 866 Anti·

53 892 184 946 obsolute
203 899 229 946 61
244 891 317 946 nelle
335 893 436 960 dicere,
453 910 563 962 paucos
574 895 696 962 futuros
714 893 813 955 fideles
831 885 910 959 tem-i
923 894 1019 947 61111611
1036 898 1129 947 autem
1147 894 1317 963 temporibus
1336 894 1430 950 futura
1448 897 1625 966 praedicitur,
1646 913 1702 967 quo
1718 912 1759 951 re·

10 981 38 1025 ¹⁰·
49 995 125 1048 pore
137 978 315 1046 Anticbristi,
334 986 500 1032 nontamen
516 980 685 1047 6611661166
704 986 762 1033 tom
777 997 895 1049 pouces,
922 978 1038 1034 serenda
1056 985 1121 1033 sunt
1138 980 1239 1034 similia
1258 980 1389 1036 vaticinia
1408 981 1443 1036 de
1461 989 1535 1037 statu
1554 982 1688 1038 ecelesiae
1706 981 1759 1037 sub

53 1072 87 1118 ut
105 1081 162 1118 non
176 1064 292 1133 socient
308 1064 461 1118 ecclesiam.
497 1064 536 1118 At
554 1064 606 1119 hoe
624 1065 714 1135 ipsum
727 1072 754 1120 et
766 1083 815 1120 nos
829 1066 894 1119 dici·
923 1064 1094 1119 Antichristo
1112 1067 1228 1135 Apocal.
1253 1072 1297 1130 12,
1314 1084 1341 1121 v.
1363 1072 1386 1121 6.
1417 1073 1634 1136 6.13,1.3.6.
1656 1073 1758 1124 1611.

52 1166 125 1212 6166,
147 1148 188 1203 616
206 1166 273 1220 ergo
292 1155 391 1218 sponte
408 1165 441 1204 66
451 1149 511 1205 abst
524 1149 718 1219 Bellarminus,
736 1168 791 1221 quo
804 1152 894 1248 ipsum
922 1168 946 1207 c
971 1156 1015 1214 ll,
1039 1169 1065 1203 v
1086 1157 1109 1207 2.
1143 1169 1165 1206 c.
1191 1157 1235 1218 16,
1263 1170 1288 1204 1.
1310 1158 1333 1207 3.
1352 1170 1469 1223 quorum
1486 1154 1679 1208 vaticiniorum
1697 1171 1758 1224 per·

52 1234 215 1306 pertrahere
240 1250 379 1288 conamur.
416 1235 599 1306 Nequaquam
618 1235 671 1291 hoc
691 1237 883 1301 rolumus‚in
855 1238 1068 1307 166616611616
1078 1239 1145 1292 moti
1155 1236 1581 1309 Anglo-Remensesinannotat.
1597 1245 1621 1295 2.
1630 1240 1758 1296 Τ1ι666..2

52 1321 150 1377 cidere
178 1336 261 1392 posse
294 1328 404 1391 tempus
434 1323 586 1419 ejusmodi,
621 1328 653 1376 ut
680 1323 749 1377 nulli
776 1323 894 1394 amplius
922 1329 989 1377 scot.
1007 1330 1032 1379 6.
1051 1325 1216 1387 concedunt,
1236 1342 1298 1378 eom
1316 1326 1500 1393 defectionem
1511 1326 1759 1393 foreinteprorum

52 1405 198 1478 supersint
214 1406 326 1474 fideles,
348 1409 393 1462 161
413 1413 470 1463 tam
488 1407 584 1478 pauci,
603 1415 708 1463 utnon
727 1408 893 1465 166166166-
921 1427 1077 1479 repnorum,
1094 1413 1265 1480 populorum
1285 1418 1311 1464 61
1325 1413 1548 1480 prouinciarum,
1569 1430 1604 1465 oc
1615 1413 1758 1482 publicam

53 1493 185 1558 clesiamJ
203 1493 253 1548 sed
271 1493 324 1548 boc
343 1493 469 1556 dicimus,
488 1495 725 1563 persecutionibus
742 1495 893 1550 velhaere·
921 1511 953 1546 eo
985 1504 1108 1564 tempore
1133 1497 1266 1565 fidelium
1298 1497 1523 1551 consuetudinem
1552 1516 1614 1551 cum
1640 1499 1758 1553 66616616

53 1579 136 1633 sibus
154 1579 387 1634 invalescentibus
405 1595 469 1634 vere
486 1579 582 1633 fideles
601 1579 638 1632 ad
653 1596 714 1634 eam
726 1580 893 1649 paucitatem
920 1582 1050 1635 Romano
1068 1590 1255 1651 cessato-om,
1277 1583 1318 1637 its
1339 1588 1371 1636 ut
1386 1584 1470 1638 corde
1488 1584 1622 1638 duntaxat
1641 1601 1704 1639 cum
1725 1601 1759 1640 ea

54 1665 147 1737 redigi
164 1681 255 1735 posse,
273 1672 306 1720 ut
326 1683 393 1735 prae
404 1666 572 1737 reliquorum
586 1665 894 1737 multitudineexiguus
921 1667 1148 1722 communicaturi
1167 1668 1229 1723 sint.
1266 1662 1392 1724 1111616
1411 1669 1549 1724 ieremias
1567 1669 1620 1725 hoc
1640 1670 1760 1725 obvertit

55 1760 84 1807 ct
108 1758 265 1806 contemtus
289 1751 325 1804 sit
345 1767 441 1806 eorum
460 1759 571 1820 coetus,
596 1759 628 1805 ut
652 1767 708 1805 non
726 1752 894 1807 constituant
922 1754 1119 1817 Bellarminus,
1140 1756 1217 1823 quod
1235 1756 1381 1822 Pontificii
1398 1774 1453 1809 non
1472 1757 1629 1825 plorientur
1647 1758 1677 1809 in
1694 1765 1759 1810 tem·

54 1838 194 1892 illustrem
212 1836 335 1907 aliquem
347 1843 457 1891 coetum
468 1837 595 1892 omnibus
610 1838 797 1907 conspicuum,
815 1839 894 1893 6666
919 1842 979 1910 6116
1004 1849 1029 1894 61
1051 1841 1224 1894 successione
1248 1842 1443 1910 episcoporum
1466 1850 1493 1895 et
1517 1843 1675 1912 apostolico
1693 1846 1760 1897 sede

56 1940 112 1995 que
132 1927 165 1977 ut
182 1939 249 1978 1616
266 1922 384 1976 ecclesia
400 1923 429 1976 16
449 1923 547 1993 paucis
557 1929 743 1980 conservetur.
775 1930 798 1978 3.
810 1923 895 1978 Dicto
922 1929 1073 1980 secundum
1090 1943 1133 1990 se,
1150 1929 1202 1980 sed
1215 1935 1335 1997 propter
1355 1928 1460 1982 0116111
1469 1928 1702 1996 promissionem,
1731 1937 1760 1981 tu

56 2008 212 2080 apostolico
231 2013 256 2065 2.
272 2007 368 2063 Thess.
388 2014 452 2077 2,1.
472 2014 496 2063 3.
508 2008 894 2073 66666161111Β61161161666,
922 2029 952 2064 66
970 2014 1090 2080 Petrus,
1116 2020 1142 2065 61
1166 2029 1251 2080 super
1276 2013 1349 2067 banc
1369 2021 1482 2081 petram
1499 2015 1656 2083 aedeficabo
1676 2015 1760 2068 eccie-

51 2103 156 2165 poirss
181 2095 317 2162 6166616111
341 2100 372 2146 ut
391 2094 582 2162 Ambrosium,
611 2095 758 2149 Sedulium
784 2104 810 2150 61
829 2097 894 2150 Pri·
922 2098 1002 2166 siam,
1021 2099 1132 2166 61616111
1147 2099 1361 2167 promissionem
1378 2099 1489 2151 Judaei
1505 2117 1647 2168 nunquam
1659 2101 1762 2153 16616-

57 2183 180 2236 mosium
203 2180 280 2235 iliud
304 2180 462 2248 inteilipere
486 2183 522 2234 66
545 2183 702 2249 desectione
722 2183 757 2235 ab
776 2183 896 2250 imperio
922 2183 987 2238 rint.
1030 2182 1257 2254 Respondemus:
1280 2184 1316 2238 66
1339 2185 1414 2237 61616
1433 2184 1536 2238 Christi
1557 2192 1584 2239 et
1604 2202 1668 2239 vero
1687 2186 1761 2239 illius

58 2272 198 2335 Romano,
216 2271 353 2339 qssosdcm
366 2285 432 2322 oero
444 2278 476 2322 ut
487 2267 721 2338 Obrysostomum,
740 2271 896 2324 Theodore-
923 2284 1006 2322 sensu
1024 2267 1090 2322 alibi
1108 2274 1252 2324 tractetur.
1288 2267 1432 2323 israelitae
1449 2270 1598 2324 clamantes
1617 2276 1760 2340 perpetuo,

58 2365 131 2424 tum,
157 2355 366 2416 Oeeumens'um,
397 2354 637 2423 Tbeophpicctum
664 2363 690 2408 61
710 2356 895 2421 Aupuetinum
923 2356 1055 2424 tempium
1074 2355 1205 2423 Domini,
1224 2357 1357 2424 tempium
1378 2356 1503 2424 Domini,
1522 2355 1545 2408 si
1566 2349 1595 2409 in
1612 2356 1680 2410 ludo
1697 2356 1760 2410 Bel·

58 2443 105 2496 lib.
127 2445 172 2497 21,
192 2441 228 2494 de
247 2442 297 2495 616.
315 2441 376 2494 Dei
392 2457 416 2497 6.
437 2445 479 2494 19.
500 2442 823 2511 desperacionem,
848 2443 898 2510 qui
923 2439 1032 2493 larmini
1051 2440 1169 2495 fuissent
1189 2440 1289 2508 edocti,
1310 2440 1452 2511 prophetis
1472 2440 1641 2511 corruptelas
1658 2440 1760 2495 doctri·

59 2528 196 2582 6166661116
209 2542 265 2596 661·
281 2526 483 2595 metonymiam,
502 2527 571 2596 quic
587 2525 641 2580 erit
658 2544 755 2596 causa,
774 2536 805 2580 ut
815 2528 898 2582 multi
923 2542 975 2579 nae
996 2525 1157 2580 taxantibus
1182 2533 1210 2581 et
1228 2527 1396 2582 eversionem
1415 2526 1511 2596 templi
1528 2526 1760 2581 comminantibus

59 2615 210 2669 dumam
240 2629 259 2666 n
283 2610 404 2667 Obristo.
445 2612 666 2682 Respondemus:
694 2613 749 2667 imo
773 2628 838 2667 vero
861 2614 896 2668 de
924 2610 997 2666 idem
1016 2611 1160 2667 obvertere
1179 2613 1347 2682 potuissent,
1371 2614 1490 2682 maJores
1510 2611 1582 2666 enim
1602 2613 1760 2682 promissio

60 2699 203 2773 apostasia
229 2715 248 2753 a
269 2696 325 2753 666
341 2698 460 2769 ,proprie
485 2703 515 2753 et
536 2699 685 2769 praecipue
702 2698 896 2770 explicandum
923 2714 973 2751 666
992 2698 1028 2752 66
1045 2714 1095 2752 666
1111 2698 1214 2768 templo
1232 2698 1382 2767 habebant,
1401 2714 1485 2769 quam
1503 2696 1640 2752 Pontificii
1658 2699 1694 2755 66
1706 2697 1761 2753 Ro·

60 2784 314 2857 est-apostolieum
348 2785 417 2838 illud
452 2784 572 2853 dictum,
610 2786 649 2839 ita
680 2787 752 2840 enim
787 2786 897 2857 exponit
924 2799 1006 2837 mana
1029 2784 1147 2838 ecclesia
1170 2801 1202 2838 ex
1222 2783 1372 2854 Scripturis
1391 2783 1513 2855 proferre
1533 2790 1657 2854 possunt.
1693 2785 1760 2838 Pro-

60 2875 120 2945 ipse
144 2871 287 2943 apostolus
313 2878 334 2926 1.
358 2870 428 2927 'lim
453 2877 529 2937 1,1.
553 2873 580 2927 t:
607 2872 732 2941 Spiritus
749 2861 897 2940 manifeste
925 2870 1067 2925 missiones
1085 2870 1120 2925 de
1140 2871 1258 2926 ecclesia
1275 2869 1308 2926 N.
1325 2871 1359 2925 Τ.
1378 2871 1520 2943 Querela
1538 2878 1617 2937 snut,
1643 2871 1761 2943 ideoque
1774 2872 1809 2914 Η
1824 2871 1869 2915 ¹²¹·

60 2960 146 3021 dicit.
165 2961 237 3026 fore
259 2966 290 3011 ut
317 2958 347 3009 in
372 2956 531 3011 noosbsimis
550 2959 723 3028 temporibus
741 2961 899 3013 desciscant
924 2973 1099 3029 nequaquam
1119 2958 1156 3012 ad
1174 2956 1262 3011 solam
1274 2957 1428 3012 Romanam
1439 2958 1762 3029 ecclesiamrestringen-

60 3047 178 3116 quidam
197 3063 216 3098 o
228 3046 289 3113 fide
309 3043 457 3113 spiritibus
468 3045 663 3113 deceptoribus
675 3046 798 3099 animum
810 3054 897 3100 611611-
925 3045 990 3111 dae,
1015 3045 1064 3099 sed
1089 3044 1232 3099 Israe'litae
1249 3043 1391 3099 habebant
1412 3044 1607 3114 promissiones
1628 3046 1762 3115 speciales

60 3137 159 3187 61611166
183 3140 209 3185 61
227 3132 364 3185 docemus
383 3132 606 3187 doemoniorum.
644 3131 795 3185 Praeterea
810 3133 898 3203 loqui-
925 3131 959 3183 de
976 3129 1080 3200 templo
1097 3128 1359 3198 Hierosolymitano,
1377 3129 1451 3199 qnod
1465 3130 1545 3182 Deus
1557 3130 1763 3199 inperpetuum

59 3226 106 3273 tur
125 3218 265 3287 apostolus
284 3218 319 3272 66
335 3215 494 3286 6116616616
512 3233 562 3287 per
574 3214 778 3271 Antichristum
796 3216 899 3286 futura,
925 3215 965 3266 ibi
983 3215 1111 3267 babitare
1129 3214 1209 3276 66111,
1230 3214 1312 3268 Deut.
1335 3219 1374 3277 16,
1393 3232 1418 3269 1.
1437 3220 1461 3268 2.
1491 3221 1514 3268 2.
1532 3213 1631 3269 Chron.
1651 3221 1675 3282 6,
1693 3232 1718 3268 1.
1737 3222 1761 3270 2.

56 3307 116 3375 jam
129 3319 195 3358 vero
205 3302 396 3358 Antichristus
410 3302 493 3358 66661
505 3309 533 3358 61
547 3302 718 3373 religionem,
738 3309 899 3357 nouantem
925 3299 1039 3356 Nehem.
1061 3306 1085 3366 1,
1105 3318 1130 3354 1.
1149 3306 1173 3356 9.
1204 3300 1268 3353 Eae.
1288 3306 1329 3363 31,
1347 3318 1372 3354 v.
1393 3307 1416 3355 9.
1438 3307 1489 3355 etc.
1510 3308 1584 3355 6166
1597 3300 1759 3372 magnificas

59 3390 185 3461 politiam
203 3396 415 3460 oppugnaturus
429 3396 497 3456 erat,
517 3390 551 3444 66
562 3387 629 3442 6661
640 3389 727 3460 igitur
741 3388 899 3458 6166616616
925 3385 985 3438 illas
1007 3389 1035 3438 et
1051 3386 1157 3454 amplas
1174 3385 1368 3455 promissiones
1387 3386 1491 3456 populo
1508 3386 1662 3440 Israilitico
1682 3386 1761 3441 datas

62 3478 131 3531 haec
149 3475 302 3546 praedictio
322 3475 519 3548 intelligenda;
540 3475 778 3545 66611666616166
795 3475 899 3530 ibidem
926 3488 1116 3525 enumeremus
1136 3471 1285 3539 universas,
1305 3487 1442 3542 quaenam
1459 3477 1552 3542 potest
1565 3489 1625 3526 6666
1637 3472 1762 3542 amplior,

60 3563 90 3617 sb
108 3561 262 3634 μυστήριον
279 3561 332 3630 ἤδη
351 3567 501 3633 1116611116
521 3563 566 3628 τῆς
586 3559 714 3631 ἀνομίας,
740 3563 899 3630 mysterium
926 3574 1010 3629 quarn
1028 3573 1099 3628 quae
1118 3565 1207 3613 exstat
1225 3558 1314 3614 Levit.
1336 3564 1377 3623 26,
1394 3577 1419 3613 v.
1441 3566 1486 3615 11:
1508 3560 1617 3612 Ponam
1632 3561 1763 3614 tabernu-

62 3649 223 3720 iniqus'totis
239 3667 312 3702 nune
331 3657 473 3717 operatur,
488 3649 547 3717 Jam
565 3646 788 3717 vqroimperium
799 3648 899 3703 Roma·
925 3644 1017 3698 cuium
1044 3646 1075 3697 in
1099 3645 1192 3698 medio
1220 3646 1317 3709 661111,
1344 3653 1371 3698 61
1397 3664 1452 3698 non
1468 3647 1584 3714 objiciet
1600 3664 1649 3700 666
1667 3647 1764 3700 animo

61 3753 128 3791 num
154 3743 278 3805 tempore
304 3724 492 3805 apostolorum
510 3748 687 3804 nequaquam
705 3734 827 3797 nutavit,
850 3734 898 3789 666
925 3748 994 3787 oneo.
1030 3731 1187 3784 Ambulobo
1206 3732 1280 3783 inter
1298 3748 1347 3784 666
1367 3739 1394 3784 61
1411 3748 1459 3784 ero
1478 3734 1558 3785 Deus
1575 3739 1678 3799 vester,
1702 3749 1763 3786 oos-

61 3823 111 3877 diu
139 3820 231 3876 66666
258 3821 360 3876 floruit.
395 3821 490 3891 Atque
517 3835 549 3873 eo
575 3818 657 3872 modo
682 3817 900 3889 interpretantur
926 3835 978 3887 que
996 3819 1076 3871 eritis
1092 3818 1217 3887 populus
1234 3820 1330 3870 meets!
1351 3817 1537 3876 Nihilominus
1555 3834 1619 3872 cum
1636 3817 1763 3888 neglecto

62 3909 195 3962 irenaeus
218 3906 267 3961 lib.
291 3913 315 3961 5.
341 3905 404 3959 661.
429 3906 533 3960 haeres.
560 3922 583 3959 e.
605 3909 646 3959 21.
687 3904 898 3975 chrysostomus
927 3903 1763 3974 16111611616116166611661666166661666161616616

62 3995 135 4049 hom.
156 4000 180 4049 3.
202 3994 232 4046 16
249 3992 380 4048 2.Τ11666.
414 3993 589 4062 Augustinus
604 3990 653 4044 lib.
667 3998 707 4046 26.
728 3991 764 4046 66
781 3993 833 4049 civ.
846 3992 900 4046 Dei
926 4009 976 4046 nes
1000 3991 1063 4045 illas
1086 3990 1121 4045 de
1143 3990 1246 4060 templo
1272 3989 1384 4043 Domini
1411 3996 1603 4059 provocarent,
1626 3990 1764 4045 ieremias

63 4086 149 4137 619.
174 4077 742 4142 1)6ι1166666661111.1.6111166621.
771 4077 900 4148 Lyrauus
927 4077 982 4131 illis
999 4076 1105 4146 objicit,
1124 4076 1198 4146 quod
1217 4077 1359 4140 conrident
1376 4076 1407 4127 in
1426 4076 1597 4130 sermonibus
1614 4077 1765 4143 mendacii,

63 4170 92 4222 in
111 4183 209 4222 comm.
240 4165 436 4219 Adrichomius
454 4164 483 4217 in
505 4164 596 4219 chron.
610 4164 630 4218 f.
643 4170 701 4219 266.
713 4171 763 4218 616.
778 4164 901 4235 quinimo
928 4168 1031 4235 quanto
1041 4162 1142 4217 rectius
1153 4161 1308 4217 Pontificiis
1318 4160 1370 4215 hoc
1380 4161 1520 4231 chieitur,
1534 4162 1581 4232 qui
1595 4162 1630 4216 66
1639 4162 1765 4218 Romana

63 4255 118 4325 ipsi
137 4252 393 4325 AngloRemenses
414 4251 443 4304 in
455 4257 578 4306 annotat.
607 4258 629 4306 2.
648 4251 745 4305 Thess
761 4257 785 4307 2.
797 4257 863 4306 6661.
877 4259 901 4306 6.
928 4249 1045 4304 ecclesia
1056 4249 1127 4303 tales
1140 4247 1274 4318 speciales
1284 4247 1479 4318 promissiones
1491 4265 1524 4302 ex
1539 4248 1688 4319 Scripturis
1700 4266 1762 4318 pro-

63 4345 229 4412 agnoscunt,
247 4339 322 4394 illam
340 4337 530 4404 defectionem,
550 4337 585 4393 de
597 4336 802 4408 quaapostolus
814 4336 902 4408 loqui·
927 4335 1000 4389 ferre
1018 4351 1076 4389 non
1095 4340 1219 4404 possunt,
1240 4338 1269 4388 61
1287 4333 1311 4386 61
1330 4333 1447 4388 maxime
1465 4339 1587 4403 possent,
1608 4351 1657 4390 666
1670 4341 1765 4390 tamen

63 4435 118 4494 tur,
135 4426 258 4479 futuram
276 4440 294 4478 6
311 4424 469 4495 praecipuis
486 4423 628 4496 religionis
647 4422 819 4479 Christianae
837 4425 902 4478 arti-
928 4438 984 4476 non
1004 4426 1097 4476 essent
1115 4418 1268 4474 absolutae.
1303 4419 1393 4475 Ratae
1411 4436 1444 4474 ac
1463 4419 1558 4475 616166
1575 4428 1640 4475 sunt
1652 4421 1765 4490 promis·

63 4510 347 4582 culis,cumq1ubus
365 4509 524 4565 auctoribus
541 4515 637 4566 exacte
650 4509 834 4577 consentiunt,
854 4510 901 4580 qui
929 4509 1019 4562 616666
1049 4508 1086 4562 66
1114 4506 1322 4561 conservatione
1351 4511 1379 4561 et
1405 4506 1606 4577 gubernatione
1634 4507 1766 4562 ecclesiae

62 4617 114 4671 per
139 4599 317 4652 6666166161
345 4597 435 4667 ipsum
460 4597 662 4653 Antichristum
689 4595 849 4666 intelligunt
869 4611 902 4649 ex
930 4592 1179 4654 divinitusfactae,
1198 4592 1320 4647 sednon
1339 4593 1375 4647 66
1392 4591 1534 4663 quoslibet
1551 4598 1646 4647 666166
1666 4599 1695 4646 61
1715 4611 1765 4664 gn-

62 4704 96 4741 co
122 4685 163 4739 616
182 4684 301 4747 dictum,
329 4685 395 4754 quia
414 4699 499 4737 causa
517 4683 583 4750 erit,
610 4689 643 4736 ut
662 4682 741 4736 multi
759 4699 778 4735 6
794 4680 903 4736 Christo
929 4681 1098 4748 bernatores,
1119 4680 1368 4750 quomodocunque
1386 4680 1502 4735 66661111
1520 4685 1627 4750 gerant,
1645 4679 1763 4734 referen-

63 4780 92 4827 et
111 4770 169 4824 666
188 4768 291 4824 Christi
309 4769 463 4824 discedant.
497 4768 635 4837 Agnoscit
651 4768 703 4824 hoc
720 4769 780 4838 1666
799 4768 917 4824 Bellen·
930 4768 981 4821 dac
1005 4773 1083 4829 sunt,
1108 4767 1158 4821 666
1182 4765 1322 4836 66166661
1345 4767 1380 4820 66
1407 4784 1499 4821 veram
1518 4766 1661 4821 eeclesiam
1681 4765 1765 4820 etad

63 4858 163 4920 minus,
182 4855 245 4911 ideo
262 4854 355 4924 addit,
377 4854 498 4921 intellipi
511 4854 541 4906 in
554 4854 647 4907 verbis
658 4856 784 4923 apostoli
800 4830 917 4943 disces-i
929 4855 1000 4920 11166,
1019 4853 1067 4922 qui
1085 4851 1230 4921 patiuntur
1246 4868 1276 4906 se
1295 4851 1355 4922 regi
1372 4852 1458 4906 verbo
1469 4850 1532 4915 Dei,
1555 4852 1603 4922 qui
1616 4852 1767 4921 respiciunt

63 4947 170 4999 sionem
188 4960 208 4994 a
225 4944 282 5006 fide
300 4960 356 4994 non
374 4941 546 5010 pecoralem,
565 4941 618 4992 sed
632 4941 852 5009 particularem,
871 4940 965 4994 idtad
984 4940 1074 5008 legem
1094 4945 1121 4992 et
1140 4939 1176 4992 ad
1196 4938 1382 4992 testimonium
1400 4955 1434 4992 ac
1448 4940 1530 5007 Juxta
1547 4954 1671 4991 normam
1688 4937 1766 4992 verbi

63 5039 105 5085 cst
121 5047 178 5083 non
196 5029 395 5092 omniasancti
413 5028 573 5090 multorum,
590 5025 635 5079 661
647 5026 768 5079 omnium
782 5026 917 5095 quidem,
914 5006 1015 5078 idivini
1035 5024 1144 5090 docent,
1159 5024 1288 5093 judicant
1307 5031 1335 5077 et
1352 5029 1448 5094 agunt.

62 5119 116 5172 sed
127 5116 300 5171 occultorum
311 5114 522 5176 neocororum
535 5129 584 5181 qus
581 5112 719 5165 censente
731 5112 917 5167 Antichristo
965 5118 1006 5165 112
1043 5116 1067 5164 6.
1085 5110 1199 5165 Sextum
1218 5107 1876 5209 6136666166Β61161161666666616116666-

63 5206 100 5257 66
118 5201 239 5257 66616616
258 5201 422 5254 dissentient
441 5207 467 5252 61
484 5197 659 5251 Antichristo
677 5213 707 5250 se
725 5199 903 5266 conjunpent
930 5205 1024 5269 petere
1054 5213 1087 5250 ex
1121 5195 1235 5250 historia
1261 5195 1371 5249 concilii
1396 5193 1565 5250 Basiliensis.
1609 5171 1826 5247 Concilium¹¹⁰¹¹
1781 5222 1859 5260 ,,,,,,.

63 5288 289 5359 Respondemus:
322 5284 406 5339 611616
436 5284 484 5338 1116
511 5289 646 5351 tempore,
678 5298 734 5352 quo
761 5298 829 5352 apos
831 5286 918 5346 tolus,
931 5284 1005 5336 enim
1024 5282 1101 5335 iilud
1120 5281 1249 5350 deposuit
1268 5281 1427 5346 Euponium
1446 5288 1580 5346 tunquam
1597 5273 1835 5332 hoereticum¹¹¹¹¹²¹
1853 5274 1892 5311 ‘¹⁰'

1795 5335 1821 5363 os
1823 5324 1856 5362 ult

64 5366 1118 5437 66666611161161,6661666166166161666116661666616666161166661
1136 5335 1862 5434 66166161166,616166111111166111,6616661666

64 5460 171 5515 debent
197 5465 221 5514 1.
245 5458 317 5512 Tim.
344 5462 370 5523 1,
397 5473 423 5508 1.
448 5460 489 5510 26.
525 5459 550 5508 2.
567 5452 638 5508 Tim.
662 5459 693 5539 2
716 5471 742 5509 1.
768 5458 807 5508 11.
837 5471 860 5511 o.
880 5463 905 5524 1,
931 5463 1024 5508 temen
1047 5453 1166 5508 concilio
1191 5453 1321 5507 concluso
1345 5459 1372 5505 et
1391 5451 1483 5505 soluto
1502 5451 1602 5504 11616111
1621 5451 1767 5521 Rupentus
1779 5435 1871 5518 16,,ξῖ
1872 5436 1898 5464 “”

19 5541 522 5610 ,1.16.1.161ι.2,1.16.]’661
541 5492 945 5612 veroloquiturapostolus'
932 5560 963 5596 sn
980 5543 1075 5598 sedem
1092 5541 1208 5612 irrepsit
1226 5540 1286 5593 sine
1303 5537 1367 5593 uilo
1385 5553 1523 5593 cunenses
1534 5536 1675 5605 6166166116
1692 5538 1767 5592 6161
