4004 6022
194 216 254 274 336
406 265 410 271 ,
764 200 887 260 Locus
905 197 1111 258 vlcesnlus
1128 197 1326 257 SECUNDUS

192 359 324 416 scandalo
340 357 454 413 fuerunt
472 363 593 428 recepta,
611 372 664 412 nec
681 357 805 411 dubitari
822 361 928 427 potest,
945 355 1030 426 pluri·
1056 354 1097 409 sic
1116 353 1184 408 dicti
1204 354 1233 406 iu
1251 352 1377 407 exsilium
1386 352 1590 424 Babylonicum
1608 349 1725 407 abducti
1743 358 1812 408 sunt
1828 353 1895 410 urbe

194 464 253 501 mos
290 462 323 499 ex
360 443 465 514 populo
504 445 578 515 regis
614 443 768 514 exemplum
796 442 882 497 firieee
913 447 1031 497 secutos.
1056 438 1251 508 Hierosolyma
1272 439 1332 510 regi
1357 438 1470 493 Judaici
1493 437 1638 510 metropoli
1664 455 1682 493 a
1707 436 1895 495 Nabuchodc

197 539 235 588 10.
254 531 324 585 Post
343 537 458 586 mortem
480 529 633 585 Salomonis
651 529 766 584 scissum
784 530 839 583 fuit
854 544 971 599 regnum
990 526 1031 580 Ie·
1055 542 1154 579 nosore
1174 524 1345 594 Babyloniae
1367 542 1433 596 rege
1458 531 1541 596 capte
1566 529 1595 579 et
1618 530 1799 579 concremata
1823 542 1896 581 anuo

194 616 348 672 raiiliticum
372 633 404 670 ac
431 617 526 671 decem
548 615 637 671 tribue
661 616 743 670 datae
765 614 946 680 Jeroboamo,
974 629 1031 666 une
1056 610 1152 665 muudi
1176 614 1252 666 3364.
1278 611 1326 666 661
1349 626 1400 681 per
1426 611 1549 683 integros
1569 617 1600 666 70
1619 626 1707 664 annos
1726 610 1895 666 miserrimos

194 703 283 758 solum
306 701 390 756 tribui
409 701 487 755 buda
510 701 566 756 filio
585 700 740 756 Salomonis
759 701 903 756 Roboamo
924 698 1030 763 relicta,
1055 695 1109 750 fuit
1139 695 1273 772 ecclesiae
1302 693 1439 751 iudaicae
1468 696 1497 750 in
1526 696 1700 766 Babylonica
1731 696 1895 768 captivitate

193 789 238 842 cui
265 787 350 842 tribui
380 793 512 856 tanquam
543 786 697 840 auctarium
723 785 864 857 quoddam
892 784 988 839 addita
1013 801 1031 837 a
1056 787 1152 835 status.
1200 787 1238 837 11.
1258 780 1328 835 Ρο61
1345 780 1466 835 reditum
1484 798 1517 835 ex
1541 782 1704 852 captivitate
1721 781 1896 854 Babylonica

193 874 313 929 Domino
333 873 423 927 tribus
442 871 601 941 Benjemin,
622 872 650 924 in
669 889 725 942 qua
741 870 808 925 urbs
826 870 1030 940 Hierosolyma,
1055 885 1089 922 aa
1112 866 1340 922 restaurationem
1366 867 1461 938 templi
1483 875 1510 923 et
1528 867 1606 923 urbis
1624 868 1895 939 Hierosolymitauae

194 976 266 1029 quae
296 959 402 1029 regiam
432 959 526 1013 sedem
552 966 581 1013 et
607 957 741 1027 templum
762 956 874 1011 Domini
900 954 1031 1024 habebat,
1057 953 1109 1008 sub
1130 953 1248 1008 ducibus
1268 953 1406 1025 quaedam
1425 954 1613 1025 tranquillitas
1631 954 1769 1010 ecclesiae
1788 953 1894 1009 israeli·

193 1045 248 1099 sita
277 1044 339 1099 1611.
386 1044 431 1099 Sic
460 1062 526 1116 ergo
556 1061 673 1114 regnum
700 1042 883 1097 israeliticum
911 1041 1029 1094 divisum
1056 1040 1128 1094 ticee
1155 1038 1256 1110 obtigit
1285 1045 1314 1094 et
1339 1039 1475 1094 sincerum
1504 1039 1592 1094 divini
1617 1041 1710 1095 cultus
1734 1041 1893 1095 exercitium

192 1130 247 1185 fuit
264 1133 294 1183 in
311 1148 426 1198 reqnvm
439 1132 535 1184 Ierac‘l
553 1129 711 1200 specialiter
722 1129 761 1183 sic
774 1128 887 1195 dictum,
906 1127 942 1180 ad
955 1126 1029 1196 quod
1041 1132 1044 1188 3
1057 1125 1222 1196 aliquandiu
1245 1124 1349 1195 riguit,
1378 1125 1428 1179 sed
1453 1142 1525 1179 anuo
1549 1125 1645 1179 mundi
1667 1131 1745 1182 3864.
1764 1126 1895 1181 66666661

193 1216 385 1282 pertinuerunt
403 1216 499 1271 decem
517 1215 619 1277 tribus,
645 1216 721 1271 etin
739 1230 854 1281 reanum
870 1213 966 1277 1666,
993 1200 1189 1283 6616666661
1215 1209 1369 1280 Epiphania
1398 1210 1536 1281 expeditio
1562 1210 1832 1282 Hierosolymitana,
1867 1213 1893 1266 16

193 1303 268 1373 6666
287 1303 480 1371 pertinuerunt
499 1302 571 1355 duae
589 1300 688 1365 tribus,
706 1300 783 1355 1666
800 1299 907 1353 scilicet
918 1303 946 1352 et
958 1298 1029 1352 Ben·
1056 1312 1112 1366 qua
1137 1295 1213 1350 urbis
1233 1296 1288 1350 1611
1304 1296 1428 1366 direpta,
1452 1297 1587 1366 templum
1608 1297 1759 1368 spoliatum
1777 1305 1806 1354 et
1823 1300 1894 1354 circs

190 1390 286 1461 jamin.
335 1389 431 1444 Porro
444 1389 480 1442 dc
499 1387 665 1442 Jeroboamo
688 1403 754 1457 rege
772 1386 885 1440 Israiilis
913 1400 1029 1439 comme·
1056 1380 1167 1451 plurimi
1194 1381 1340 1446 trucidati,
1365 1381 1414 1435 ubi
1442 1383 1533 1438 66666
1550 1383 1716 1439 miserabilis
1735 1383 1793 1439 fuit
1809 1385 1893 1441 eccle

193 1480 316 1530 moratur
336 1482 357 1529 1.
379 1474 449 1545 Reg.
472 1480 517 1541 12,
541 1491 566 1529 v.
586 1479 627 1528 te.
646 1473 721 1544 quod
739 1472 851 1535 veritus,
870 1468 1030 1524 ne‘subditi
1056 1467 1115 1522 siae
1137 1465 1231 1522 facies.
1273 1467 1429 1522 Antiochus
1452 1469 1525 1523 enim
1544 1470 1711 1540 mandabat,
1734 1480 1767 1525 ut
1786 1473 1896 1527 Judeei

193 1562 273 1631 regni
292 1560 439 1615 israelitici
459 1565 661 1615 reverterentur
680 1558 716 1613 ad
735 1559 847 1612 domum
863 1555 989 1624 Davidie,
1007 1510 1109 1611 611666
1135 1555 1266 1608 inetitvta
1289 1556 1477 1624 relinquerent
1506 1559 1526 1608 1.
1545 1555 1670 1611 Maccab.
1694 1561 1723 1624 1,
1748 1574 1776 1609 r.
1800 1562 1842 1613 43.
1862 1576 1894 1613 ac

194 1647 419 1717 Hierosolymam
439 1645 636 1701 sacrificiorum
654 1660 739 1699 causa
751 1643 899 1714 quotannis
915 1641 1029 1696 adscen·
1056 1641 1140 1694 multi
1158 1658 1190 1695 ec
1208 1642 1303 1694 Ierail
1321 1650 1518 1696 cenaeneernnt
1535 1642 1665 1696 6666116616·
1683 1644 1746 1712 ejus
1762 1651 1791 1696 et
1806 1645 1892 1698 oacri-

196 1735 308 1802 dereut,
334 1732 431 1787 habito
453 1732 567 1786 consilio
588 1731 687 1787 feeerit
709 1733 781 1784 dnae
797 1730 900 1784 6116166
918 1744 1029 1793 aureae,
1055 1728 1178 1793 ficorum
1203 1727 1292 1780 idolis
1316 1736 1342 1780 et
1361 1728 1610 1796 coinquinaverunt
1624 1729 1791 1783 eabbatbam
1808 1748 1835 1786 v.
1854 1736 1893 1788 45.

195 1837 312 1891 quorum
335 1836 421 1873 unum
442 1818 586 1873 collocarit
602 1819 632 1871 in
648 1820 726 1885 Dan,
747 1816 864 1871 alterum
878 1815 908 1867 in
930 1813 1030 1868 Bctbel
1056 1820 1083 1865 et
1109 1813 1186 1867 mieit
1210 1830 1259 1867 rac
1282 1814 1369 1868 librae
1388 1833 1444 1884 per
1465 1832 1565 1869 666666
1584 1816 1745 1870 nuntiorum
1763 1819 1795 1871 in
1811 1817 1893 1872 ,1666

193 1923 227 1961 ac
250 1905 350 1961 dixerit
370 1903 489 1959 subditis
509 1905 580 1958 auis:
616 1896 742 1958 Multum
760 1910 800 1956 eet
817 1903 894 1955 cobie
913 1903 1029 1953 adecen-
1056 1899 1144 1952 ealem
1171 1906 1198 1952 et
1222 1901 1253 1953 in
1275 1918 1368 1954 omnee
1386 1902 1514 1956 civitatee
1530 1903 1642 1966 dudae,
1664 1910 1696 1956 ut
1713 1911 1893 1973 requerentw

194 1995 262 2046 dere
280 1993 309 2045 in
330 1992 500 2058 Jeruealem,
523 2008 584 2045 ecce
603 1991 647 2044 dii
663 1990 706 2043 tui
723 1988 832 2057 Ierai'l,
853 1988 903 2056 qui
921 1995 946 2039 16
963 1988 1029 2040 6616-
1056 1985 1130 2054 leqcs
1153 1987 1276 2055 qentium
1303 1995 1395 2041 terrae
1414 2004 1438 2041 v.
1460 1994 1501 2043 46.
1521 1995 1547 2041 61
1558 1989 1744 2057 prohiberent
1761 1988 1891 2043 bolom·

194 2087 293 2132 66661
312 2095 345 2131 66
362 2079 499 2146 Aeqppto.
535 2078 595 2132 Sed
616 2079 726 2140 factuam
746 2084 786 2128 661
802 2076 914 2128 verbum
930 2074 982 2126 boc
1000 2073 1029 2125 in
1054 2079 1100 2124 616
1123 2079 1149 2124 61
1170 2073 1314 2142 sacrificia
1337 2082 1363 2127 et
1381 2075 1561 2143 placationes
1583 2075 1650 2140 fieri
1664 2075 1695 2128 in
1712 2076 1819 2145 templo
1837 2076 1894 2129 Dei

191 2173 336 2235 peccatum
355 2165 406 2217 toti
419 2165 528 2233 populo
545 2163 720 2226 166αὲ111166,
738 2162 812 2215 unde
831 2178 853 2215 c.
875 2166 920 2228 14,
942 2178 968 2212 v.
989 2164 1026 2214 16.
1055 2175 1080 2210 v.
1109 2163 1152 2213 41.
1179 2167 1206 2211 61
1231 2159 1411 2228 prohiberent
1433 2161 1574 2214 celebrari
1593 2162 1757 2215 eabbatburn
1782 2170 1809 2216 et
1832 2162 1891 2216 dies

195 2251 231 2305 de
248 2249 414 2305 Jeroboamo
433 2248 549 2315 dicitur,
574 2250 651 2316 quod
664 2264 786 2317 peccare
804 2249 907 2313 fecerit
924 2246 1027 2312 166αέ1,
1054 2245 1183 2298 colunnae
1206 2250 1295 2307 att.
1320 2254 1346 2299 et
1360 2247 1450 2315 jueeit
1468 2248 1649 2317 coinquinari
1664 2257 1764 2303 666616
1783 2257 1812 2303 61
1829 2267 1889 2302 666·

194 2337 246 2393 hoc
265 2343 307 2392 est
326 2336 401 2408 quod
420 2334 593 2389 institutione
610 2350 743 2389 novorum
764 2333 888 2388 cultuum
909 2331 1028 2386 occasio·
1054 2338 1126 2384 ctum
1139 2332 1279 2401 populum
1298 2333 1394 2387 Ierail
1412 2351 1436 2386 v.
1456 2340 1496 2391 49.
1516 2342 1542 2388 61
1553 2335 1644 2404 jureii
1659 2336 1890 2400 aedificarintne

193 2442 256 2480 nem
276 2423 384 2479 dederit
401 2421 591 2489 idololatriae,
615 2437 649 2475 ac
667 2419 779 2475 duravit
796 2418 940 2489 publicum
958 2418 1027 2473 illud
1055 2425 1081 2470 et
1107 2418 1212 2487 templo
1237 2426 1263 2472 61
1288 2419 1369 2473 idola
1392 2427 1418 2473 ct
1443 2421 1587 2474 immolari
1611 2437 1712 2475 carnee
1738 2422 1842 2476 6611166
1865 2430 1889 2475 61

193 2510 358 2565 idololatrici
378 2507 470 2562 cultus
487 2506 647 2562 exercitium
665 2505 695 2560 iu
711 2505 922 2577 reguolsrailis
939 2522 1027 2575 usque
1050 2519 1158 2571 pecora
1183 2505 1340 2559 communia
1367 2523 1394 2562 v.
1423 2513 1464 2564 56.
1491 2516 1518 2560 61
1542 2507 1701 2578 relinquere
1724 2508 1808 2577 filice
1828 2524 1889 2561 euve

192 2595 230 2649 ad
256 2594 460 2666 Babylonicam
490 2592 687 2663 captivitatem.
737 2591 818 2646 Hinc
845 2592 936 2647 tristes
963 2591 1028 2646 illae
1054 2588 1262 2645 incircumcieoe
1280 2600 1306 2646 et
1324 2593 1505 2662 coinquinari
1522 2594 1634 2647 animae
1651 2611 1748 2647 aarum
1761 2594 1792 2647 in
1805 2595 1888 2648 omni·

193 2681 320 2751 querelae
340 2683 375 2733 de
394 2680 512 2745 Nadab,
531 2681 643 2747 Ranae,
661 2680 734 2745 Ele,
753 2679 883 2748 Zambri,
899 2679 985 2733 Anni
1002 2687 1027 2731 et
1054 2676 1104 2728 666
1126 2678 1316 2731 immundiciie
1339 2687 1365 2732 et
1388 2680 1654 2749 abominationibus,
1682 2679 1723 2733 ita
1744 2681 1887 2735 61661161-

193 2767 304 2835 Acbab,
329 2767 405 2834 qnod
423 2765 628 2818 ambulaverint
646 2765 676 2817 in
692 2765 746 2817 viic
764 2766 931 2833 Jercboam,
951 2767 1028 2834 quod
1053 2771 1195 2817 ecerentur
1212 2764 1300 2832 leqem
1318 2772 1345 2818 et
1363 2765 1540 2819 immutarent
1557 2783 1650 2820 ornnes
1671 2768 1888 2836 ι16611666116666

192 2869 309 2922 peccare
326 2852 448 2915 fecerint
465 2850 542 2914 filice
558 2850 660 2914 Israel,
680 2853 758 2919 quod
775 2851 951 2904 irritaverint
967 2852 1027 2904 Do·
1055 2851 1115 2903 Dei
1138 2867 1164 2906 v.
1191 2857 1232 2905 bl.
1262 2858 1289 2903 et
1313 2851 1468 2921 quicunque
1495 2870 1551 2906 non
1574 2854 1709 2920 fecieeent
1737 2857 1887 2909 occandum

193 2939 297 2991 minum
315 2938 344 2990 in
364 2937 493 3005 operibor
512 2953 642 2990 manuam
661 2954 776 2989 6666666
798 2942 820 2992 1.
838 2935 909 3006 Reg.
932 2942 976 3004 15,
1001 2954 1027 2991 v.
1052 2937 1165 2989 verbum
1188 2937 1262 3004 reqie
1286 2938 1419 2991 Antiochi
1441 2946 1612 2992 morerentur
1637 2957 1663 2995 v.
1689 2945 1731 3000 52.
1758 2946 1812 2995 666.
1852 2942 1888 2995 Et

194 3030 236 3080 26.
258 3031 286 3079 et
310 3029 351 3079 34.
373 3040 395 3079 c.
418 3029 462 3091 16,
488 3034 521 3076 v.'
535 3031 559 3079 1.
581 3029 619 3080 13.
642 3030 679 3080 19.
699 3029 740 3080 25.
760 3030 788 3078 61
808 3029 849 3078 36.
868 3022 1028 3095 cumprimis
1054 3023 1218 3091 conpreqati
1235 3031 1299 3077 eunt
1317 3023 1401 3076 666111
1420 3026 1456 3077 de
1470 3025 1580 3094 populo
1598 3027 1640 3079 ad
1656 3040 1719 3096 666,
1746 3029 1886 3096 66161666-

194 3114 230 3165 dc
253 3111 370 3165 Acbabo
395 3116 635 3178 commemoratur,
665 3112 741 3179 qaod
762 3128 818 3164 non
834 3111 975 3179 euffccerit
993 3109 1026 3172 ei,
1054 3108 1197 3178 liquerant
1227 3110 1316 3179 leqem
1341 3110 1462 3164 Domini
1491 3120 1518 3165 et
1542 3113 1671 3175 fecerunt
1696 3115 1775 3168 mola
1807 3130 1887 3184 ereper

193 3206 224 3251 ut
243 3197 401 3252 ambularet
418 3198 447 3250 in
461 3197 589 3265 peccatie
608 3197 774 3262 Jcroboam,
797 3199 849 3249 scd
867 3197 952 3249 ctiam
969 3212 1026 3249 eer-
1054 3201 1159 3248 1666666
1183 3213 1208 3249 v.
1236 3202 1277 3251 55.
1312 3204 1339 3250 61
1368 3199 1558 3267 effuqaverunt
1577 3200 1715 3269 populum
1738 3200 1835 3254 Ierai'l
1861 3202 1886 3254 in

193 3285 292 3338 6166611
311 3284 390 3338 Baal
409 3291 435 3336 61
449 3283 579 3352 posuerit
599 3301 681 3337 aram
693 3284 772 3337 Bual
786 3283 816 3335 in
829 3283 928 3352 templo
940 3284 1027 3352 Baal,
1055 3281 1172 3338 abditiir
1189 3283 1256 3336 etin
1269 3283 1440 3337 absconditae
1450 3285 1635 3354 fuqitivorum
1649 3287 1719 3339 loaie
1730 3303 1758 3343 6.
1771 3293 1812 3342 56.
1836 3291 1886 3342 Ae·

193 3372 271 3440 quod
288 3370 481 3439 aedificaverit
497 3369 527 3422 in
544 3369 690 3439 Samaria,
709 3377 734 3422 61
748 3369 924 3439 plantaverit
935 3370 1027 3423 lucum
1054 3367 1179 3436 disicaoit
1203 3369 1287 3421 etiam
1309 3387 1360 3422 ree
1378 3370 1595 3425 abominandum
1612 3373 1720 3426 idolum
1740 3373 1886 3427 decolatio·

193 3466 219 3510 61
233 3458 303 3526 plue
318 3457 419 3521 fecerit
437 3455 556 3509 irritam
567 3456 723 3510 Dominum
741 3472 825 3523 arpen
842 3471 935 3509 omnee
949 3471 1028 3522 reqee
1055 3455 1098 3506 616
1115 3471 1200 3523 cuper
1218 3456 1312 3509 altare
1335 3457 1401 3522 Dei,
1419 3464 1447 3510 et
1460 3475 1516 3526 per
1534 3460 1680 3513 unicereae
1698 3460 1826 3514 civitatee
1839 3461 1887 3514 Ju

195 3542 289 3596 166661
309 3549 331 3596 1.
349 3542 419 3612 Reg.
442 3547 486 3614 16,
507 3558 533 3596 v.
552 3548 593 3597 31.
631 3541 749 3597 Acbebo
768 3543 901 3597 succeseit
917 3543 1028 3611 Joram,
1055 3542 1110 3594 dae
1135 3541 1166 3594 in
1190 3540 1309 3595 eircrsitu
1332 3544 1550 3608 aedificaverunt
1572 3563 1640 3598 arce
1662 3562 1689 3600 v.
1715 3550 1756 3601 57.
1783 3554 1810 3601 61
1828 3554 1887 3600 6616

196 3629 243 3698 661
264 3632 370 3681 statuae
384 3625 452 3680 Baal
471 3627 591 3695 sustulit,
610 3626 660 3681 sed
678 3645 696 3680 a
715 3629 791 3681 cultu
809 3629 959 3682 vitulorum
979 3645 1028 3681 an·
1049 3627 1159 3695 januae
1180 3629 1328 3681 clamorum
1351 3637 1376 3681 et
1394 3630 1423 3682 in
1437 3630 1544 3698 plataeis
1562 3631 1747 3684 incendebant
1765 3632 1849 3686 16666
1867 3639 1888 3685 61

195 3729 306 3766 reorum
324 3729 381 3764 non
398 3711 642 3783 666666111666.
662 3718 692 3776 3,
719 3730 745 3769 v.
764 3718 788 3768 3.
827 3714 902 3766 ,1666
920 3730 1029 3770 succes·
1055 3713 1416 3782 666166666616661166.
1438 3720 1478 3770 56.
1497 3716 1718 3784 6111666616616
1738 3718 1801 3770 Dei
1822 3736 1888 3772 com-

197 3814 243 3851 666
259 3797 365 3852 Jorami
384 3795 519 3850 destruxit
536 3802 564 3851 et
580 3797 640 3866 ipse
659 3798 763 3866 templa
778 3797 926 3867 Baalitica,
945 3801 1029 3853 inter·
1056 3801 1202 3854 6666666661
1224 3801 1286 3869 iqni
1312 3802 1468 3856 scindentes
1487 3819 1533 3855 666
1553 3818 1578 3857 v.
1598 3808 1640 3858 59.
1658 3810 1684 3856 61
1703 3806 1786 3871 apasd
1801 3821 1888 3873 quern·

195 3884 232 3937 im
251 3889 344 3938 tamen
361 3902 380 3936 6
395 3884 523 3951 peccatis
540 3883 701 3951 Jeroboam,
720 3885 769 3952 qui
784 3901 903 3952 peccare
913 3887 1030 3952 fecerat
1056 3903 1162 3954 cunque
1179 3887 1387 3940 inveniebantur
1406 3888 1476 3941 libri
1495 3890 1652 3942 tentamenti
1662 3890 1785 3942 Domini
1794 3899 1822 3943 et
1835 3891 1890 3960 qui·

194 3971 304 4039 Iercdl,
330 3987 386 4023 non
409 3971 523 4023 receeeit
547 3974 572 4026 2.
591 3969 662 4040 Reg.
685 3974 733 4033 19,
762 3987 789 4024 v.
809 3975 853 4027 31.
889 3970 923 4023 16
942 3988 1028 4053 regno
1056 3987 1162 4038 orsaque
1180 3972 1342 4025 6666666661
1361 3972 1448 4041 leqem
1463 3974 1589 4038 Domini,
1606 3977 1759 4028 occandum
1771 3977 1890 4030 edictum

194 4057 270 4112 Juda
294 4056 424 4112 excitavit
449 4056 525 4112 Deus
544 4056 652 4128 aliquos
672 4056 732 4126 pios
751 4072 843 4126 reges,
868 4057 917 4127 qui
935 4074 1029 4112 verum
1055 4056 1131 4124 rcpie
1148 4057 1326 4110 trucidabant
1346 4073 1409 4110 eum
1427 4074 1454 4114 r.
1472 4063 1513 4113 66.
1530 4061 1671 4130 meliorne,
1691 4077 1763 4130 quae
1776 4063 1890 4115 circum·

194 4145 299 4198 cultum
318 4140 372 4198 Dei
397 4143 577 4197 restituerunt
602 4150 631 4197 ct
649 4141 834 4197 idololatriam
851 4141 1029 4214 abrogarunt,
1056 4142 1185 4196 ciderunt
1195 4143 1277 4212 filiae
1294 4161 1374 4212 evoe,
1400 4144 1614 4199 trucidabantur
1631 4164 1658 4202 r.
1677 4152 1719 4202 63.
1751 4148 1832 4203 Idem
1849 4165 1889 4203 re

85 4214 91 4224 ¹
194 4229 244 4284 666
269 4246 305 4283 66
328 4228 357 4282 16
376 4228 424 4281 iilo
440 4229 553 4300 quidem
570 4246 656 4300 regno
674 4247 774 4300 purum
793 4235 821 4285 61
839 4228 1028 4301 incorruptum
1055 4228 1125 4299 petit
1142 4229 1283 4299 Josephus
1299 4228 1346 4282 lib.
1368 4235 1387 4284 1.
1408 4228 1444 4282 dc
1463 4227 1525 4283 bell.
1543 4230 1653 4287 166616.
1669 4249 1692 4286 a.
1709 4237 1731 4289 1.
1762 4234 1804 4288 At
1822 4234 1888 4306 quid

195 4320 329 4385 perpetuo
354 4314 487 4369 mansisse
505 4314 597 4368 cultus
618 4315 704 4368 divini
729 4316 888 4370 exercitium
908 4317 1028 4370 ostendi-
1054 4315 1091 4370 ad
1115 4314 1301 4370 miserandum
1322 4313 1400 4368 illum
1418 4315 1552 4370 ecclesiae
1572 4316 1708 4372 iudaicae
1726 4325 1830 4374 statum
1848 4320 1888 4374 ul·

195 4417 256 4454 mus
282 4398 415 4469 superius.
454 4399 615 4467 11Η66666,
642 4402 689 4472 661
712 4401 764 4455 sub
784 4401 864 4470 Onia,
889 4402 1028 4467 Joatham,
1054 4402 1139 4457 terius
1161 4402 1289 4457 accidere
1312 4401 1421 4471 potuit?
1447 4403 1494 4457 ubi
1521 4408 1587 4458 tune
1613 4403 1703 4458 locum
1728 4404 1830 4461 habuit
1845 4425 1889 4461 ex·

195 4484 307 4551 Achae,
340 4484 458 4539 Ezechia
483 4484 597 4555 regibus
622 4485 699 4540 1666
724 4494 753 4540 61
777 4487 942 4542 Jeroboemo
964 4505 1030 4560 rege
1053 4496 1149 4543 ternus
1172 4487 1305 4543 ecclcsiae
1329 4488 1479 4558 splendor?
1501 4490 1559 4544 veri
1578 4489 1749 4546 confessores
1767 4493 1813 4547 rel
1832 4502 1890 4548 tru-

194 4569 282 4624 Israiil
300 4569 484 4640 prophetarit,
495 4570 563 4624 Η66.
581 4577 603 4638 1,
623 4588 649 4624 v.
663 4576 688 4627 2.
706 4571 741 4625 de
753 4589 899 4645 synagoga
910 4575 1030 4630 Judaica
1054 4573 1140 4630 cidati
1157 4579 1230 4638 sunt,
1246 4574 1291 4628 rel
1307 4573 1337 4627 in
1352 4575 1478 4630 cavernis
1491 4576 1642 4646 latuerunt,
1659 4576 1765 4632 abolita
1776 4578 1891 4634 fueram

196 4657 236 4711 sie
255 4655 378 4726 loquitur
395 4671 418 4709 c.
433 4662 457 4724 1,
475 4673 501 4709 v.
517 4662 546 4711 2:
566 4657 703 4710 ,Iudicate
716 4666 832 4712 matrem
845 4669 973 4729 cestram,
980 4662 1028 4730 ja·
1054 4660 1168 4729 publica
1191 4675 1281 4724 secra,
1307 4660 1372 4715 libri
1391 4661 1461 4732 legis
1481 4661 1618 4716 combusti
1639 4669 1691 4718 etc.
1709 4679 1760 4718 nec
1780 4666 1890 4737 uspiam

196 4745 303 4810 616616,
325 4743 457 4810 quoniam
477 4745 542 4811 1666
559 4761 614 4796 non
633 4761 704 4797 naor
722 4761 784 4796 mea
802 4753 828 4798 et
846 4763 895 4812 eqo
913 4764 968 4800 non
985 4749 1029 4800 vir
1055 4746 1082 4800 in
1110 4751 1168 4800 toto
1191 4753 1325 4800 terrarum
1352 4747 1419 4802 orbe
1445 4753 1523 4803 extra
1546 4749 1678 4819 populum
1704 4750 1890 4809 leraelieeum

195 4832 266 4900 ejus,
283 4830 400 4894 auferat
416 4829 622 4893 fornicationes
639 4835 706 4883 6666
724 4838 750 4882 61
767 4832 910 4884 adulteria
927 4834 1029 4886 666616
1054 4831 1109 4885 1611
1132 4830 1188 4885 alia
1207 4831 1343 4902 quaedam
1363 4834 1481 4890 ccclesia
1499 4835 1615 4890 risibilis
1634 4835 1663 4889 iu
1680 4836 1780 4893 illustri
1799 4841 1891 4911 splen·

194 4918 286 4970 medio
310 4917 424 4970 uberum
448 4917 615 4968 avorum.ii
663 4921 701 4971 11.
720 4915 845 4970 Tandem
870 4916 955 4987 igitur
972 4927 1029 4973 tae·
1055 4916 1122 4971 dore
1147 4924 1174 4971 et
1197 4917 1323 4974 claritate
1344 4921 1443 4990 posita.
1491 4927 1529 4978 13.
1553 4921 1627 4977 Ante
1650 4922 1751 4978 (bristi
1768 4924 1798 4980 16
1816 4926 1891 4983 6666

197 5005 262 5056 dere
279 5004 370 5073 coepit
386 5003 528 5055 Dominae
548 5003 577 5055 in
595 5004 690 5057 166661
708 5008 821 5073 propter
841 5004 1029 5059 continuatam
1056 5002 1188 5056 muudum
1214 5005 1389 5061 nativitatem
1413 5024 1554 5078 quaenam·
1571 5014 1631 5064 erat
1649 5010 1784 5067 ecclesiae
1802 5013 1891 5069 6666-

195 5088 379 5144 idololatriem
407 5094 429 5143 2.
448 5089 517 5160 Reg.
538 5095 583 5157 16,
611 5108 635 5145 v.
656 5095 696 5145 32.
718 5090 792 5144 6666
808 5098 896 5144 totam
913 5109 1029 5161 reqnurn
1054 5087 1147 5143 linem
1170 5088 1275 5144 facies?
1319 5090 1389 5147 Tres
1413 5099 1503 5147 sectae
1526 5091 1752 5166 Pharisaeorum,
1781 5098 1890 5155 Saddu-

197 5176 289 5229 Ierai'l
316 5193 333 5229 a
359 5175 566 5231 salmanassare
592 5177 768 5246 Assyriorum
795 5195 861 5247 rege
885 5194 942 5231 une
965 5193 1028 5231 cum
1053 5189 1182 5230 cneorum
1201 5183 1229 5230 et
1246 5177 1412 5234 bissenorum
1429 5179 1458 5231 16
1476 5191 1510 5231 ee
1530 5179 1757 5252 dominabantur,
1772 5202 1889 5257 quarum

86 5267 125 5309 ¹1·
137 5263 182 5307 ¹²⁸·
196 5258 320 5316 Samaria
342 5262 420 5332 regui
443 5262 588 5332 metropoli
615 5278 740 5316 eversum
761 5267 804 5316 est
820 5271 846 5314 et
868 5265 958 5317 elecem
978 5263 1028 5315 tri·
1054 5261 1196 5330 quaelibet
1214 5280 1278 5319 suos
1292 5266 1445 5334 peculiares
1456 5260 1695 5337 1666666666,
1712 5286 1782 5342 quos
1794 5288 1889 5327 recen-

196 5346 245 5397 666
269 5346 297 5399 16
318 5349 507 5417 captivitatem
530 5354 695 5420 perpetuam
720 5357 784 5402 sunt
801 5346 940 5402 abductae
956 5364 1029 5402 anno
1054 5351 1097 5400 set
1118 5347 1232 5420 loseph.
1255 5349 1302 5405 lib.
1323 5355 1347 5406 2.
1367 5351 1403 5405 ds
1420 5347 1485 5405 bell
1505 5348 1615 5406 Judaio.
1635 5370 1659 5407 6.
1679 5362 1703 5412 l.
1725 5356 1888 5413 traditiones

195 5431 292 5486 muudi
312 5435 387 5488 3131.
418 5433 590 5503 1116617.
621 5433 722 5488 ludaei
741 5448 852 5504 quoquc
871 5433 1029 5502 specialiter
1055 5433 1140 5490 verbo
1150 5434 1204 5491 Dei
1219 5434 1418 5505 aequabantur,
1436 5435 1491 5488 imo
1503 5437 1745 5512 praeferebantur3
1764 5443 1889 5501 doctrina
