4004 6022
169 304 229 364 128
740 288 864 348 LOCUS
880 286 1086 346 waltemus
1106 287 1303 348 SECUNDUS

167 455 265 507 eadem
279 468 341 503 ram
356 449 442 501 Petra
462 447 630 500 anctoritate
650 447 679 499 ia
697 447 780 499 Patri
795 447 861 499 sede
880 445 1094 510 residerercta,
1125 434 1218 498 tamen
1246 444 1419 500 Christianae
1446 445 1572 517 religioni
1601 447 1678 501 locas
1708 447 1870 503 conceditur

163 537 322 608 patiemim,
353 552 409 587 noa
435 533 542 587 ardere.
584 532 631 586 Ad
656 532 726 587 haec
749 548 812 587 eum
838 483 1176 586 Ρο111111111110101110111
1196 531 1315 586 foederis
1334 531 1406 587 mter
1416 531 1515 587 Persas
1536 532 1628 587 etAet
1616 533 1725 604 hropes
1736 550 1781 588 an
1794 539 1867 590 1562.

167 623 261 677 durius
280 620 424 691 aliquanto
444 617 640 689 respondisset,
659 617 772 672 Morcus
792 618 891 671 iratus:
913 586 1162 687 Scinaipercussi.
1199 617 1287 670 fortia
1313 617 1407 671 Persis
1432 617 1523 671 vicina
1547 619 1672 673 abundat
1694 619 1867 674 Christicolis

165 708 265 780 inquit,
283 709 433 760 Romanae
450 705 520 770 fidei
535 703 714 773 septaapiato
726 702 824 767 111111
812 719 917 769 111111;
934 719 1004 771 par·
1016 686 1156 757 iThomae
1179 703 1305 774 apostolo
1328 704 1489 774 religionem
1515 721 1592 759 suam
1611 712 1758 776 acceptam
1778 706 1865 761 feren·

165 794 267 862 tifieem
288 809 354 845 aero
383 793 541 844 Romanam
559 797 705 859 pastorem
729 805 785 841 11011
810 804 882 857 esse,
909 796 1003 858 utpote
1030 789 1113 859 tibus,
1131 789 1181 845 sed
1199 806 1216 843 a
1232 789 1371 859 pontificis
1384 789 1502 844 1101111111
1515 791 1702 847 dominatione
1716 791 1865 848 abhorren-

164 880 215 950 qra'
237 880 351 932 barbam
370 878 465 945 radit,
490 893 599 930 errarem
618 875 726 929 Christi
738 875 859 945 pedibas
877 877 1003 945 apponet,
1029 876 1113 944 tibus,
1133 877 1235 931 etenim
1254 895 1316 931 eum
1335 892 1408 930 anno
1429 877 1531 932 15112.’
1523 895 1552 931 111
1571 876 1639 932 urbe
1661 878 1805 933 indiarum
1815 878 1865 935 Co·

164 968 194 1021 ia
219 967 293 1021 setta
316 981 346 1018 se
365 963 472 1034 pastori
490 971 516 1016 et
537 970 670 1032 tanquam
688 964 771 1015 deam
789 962 911 1015 adorari
926 962 1002 1016 sirit.
1029 964 1101 1018 cimo
1124 981 1179 1018 non
1205 965 1301 1035 procul
1326 964 1864 1038 10111011101111111011111111111111111-

164 1053 280 1108 Etcum
299 1052 368 1107 haec
387 1066 497 1122 quoque
517 1048 684 1103 Possevinus
704 1047 818 1103 liberius
836 1063 869 1101 ac
882 1048 1002 1118 pertina-
1029 1050 1092 1104 dam
1118 1051 1266 1121 episcopus
1285 1050 1462 1107 Christicolas
1481 1051 1639 1106 'ihomanos
1658 1068 1675 1105 s
1694 1053 1774 1108 novis
1794 1053 1863 1108 Pon·

164 1140 233 1194 citer
259 1138 433 1203 defenderet,
458 1136 569 1190 Moscus
592 1134 794 1189 excandescens
818 1133 900 1187 dixit:
927 1136 1002 1187 Nam
1028 1135 1130 1191 tificiae
1153 1136 1295 1208 religionis
1322 1137 1460 1192 mercibus
1484 1138 1607 1193 studiose
1627 1138 1821 1194 dehortaretur
1838 1145 1865 1194 et

157 1226 246 1292 saera
266 1225 296 1277 ir
312 1225 378 1286 foro
396 1222 510 1290 rustici,
536 1222 586 1290 qai
610 1229 636 1274 te
660 1223 828 1288 docuerant,
850 1228 881 1273 ut
898 1237 1002 1274 maerim
1029 1222 1185 1277 dehortanti
1205 1222 1338 1278 Melchior
1357 1223 1505 1278 Carnarius
1518 1223 1627 1279 Jesuita
1639 1224 1740 1280 Niceni
1761 1226 1864 1296 episco

164 1328 252 1381 aeque
282 1329 316 1364 aa
349 1328 410 1363 eam
441 1310 547 1362 ruratica
580 1309 755 1377 loquereris!
790 1307 1002 1362 Moscovitarum
1029 1315 1110 1380 patus
1129 1309 1207 1364 larva
1226 1310 1389 1381 superbiens
1409 1310 1564 1378 resisteret,
1583 1310 1646 1364 Indi
1665 1311 1793 1366 faventes
1813 1315 1864 1367 Ar-

165 1415 250 1470 regno
272 1396 396 1468 contigui
421 1402 487 1451 sunt
509 1395 636 1450 circassi
659 1394 876 1449 Astracanorum
901 1400 929 1449 et
947 1395 1002 1448 Eu-
1029 1394 1119 1449 menie
1144 1395 1281 1451 Jesuitam
1305 1396 1414 1468 sagittis
1433 1396 1606 1467 petiverunt,
1636 1413 1757 1468 eumque
1783 1398 1934 1469 plausus

164 1485 220 1539 xiui
238 1484 321 1538 maris
340 1483 459 1550 accolae,
479 1481 526 1552 qui
545 1480 786 1535 Christianismum
807 1487 836 1535 et
854 1481 906 1552 ipsi
919 1480 1002 1552 profi·
1028 1488 1182 1551 necassent,
1200 1482 1253 1536 nisi
1273 1483 1302 1535 in
1321 1482 1417 1553 fugam
1434 1498 1464 1535 se
1476 1481 1649 1552 conjecisset
1685 1482 1864 1540 1111111οή111-

165 1578 257 1626 tentur
280 1587 312 1625 ac
333 1569 448 1624 Graecis
474 1568 574 1623 ritibus
594 1574 719 1621 utuntur.
754 1567 782 1620 A
803 1567 904 1622 finibus
924 1568 1002 1638 regni
1029 1571 1085 1620 tem
1107 1583 1201 1622 versus
1219 1567 1352 1639 contigua
1371 1573 1413 1624 est
1433 1568 1567 1622 sisaram
1584 1568 1675 1640 regio,
1695 1585 1780 1640 qnam
1801 1569 1864 1625 ets·-

165 1657 336 1711 Moscovitici
361 1674 456 1711 versus
475 1655 607 1710 orientem
628 1655 765 1708 Tartarr'a
783 1655 895 1724 Mapaa
915 1654 1001 1724 aperi·
1029 1671 1094 1706 nam
1120 1653 1227 1708 incolae
1252 1660 1367 1722 vocant,
1394 1654 1422 1708 in
1444 1670 1499 1725 qua
1520 1672 1570 1725 per
1587 1655 1710 1710 Jesuitss
1730 1657 1863 1728 superiori

167 1751 220 1810 tur,
238 1759 310 1813 quae
323 1741 566 1796 Muhametismum
579 1741 763 1810 amplectitur,
775 1740 823 1795 sed
836 1739 1002 1795 Guilielmus
1030 1739 1124 1794 seculo
1146 1739 1288 1796 doctrinas
1305 1740 1478 1795 Christianae
1498 1741 1603 1795 semina
1621 1758 1729 1811 sparsa,
1756 1742 1792 1799 de
1810 1760 1863 1815 qus

166 1829 304 1884 Postellus
329 1833 461 1896 testatur,
486 1828 637 1883 etiamnum
662 1827 689 1880 in
710 1844 744 1881 ea
761 1843 905 1897 superesse
924 1825 1001 1880 Chri·
1029 1826 1207 1881 conversione
1224 1826 1290 1897 quid
1310 1826 1487 1881 statuendum
1507 1827 1552 1890 ait,
1571 1828 1679 1882 dicetur
1689 1836 1795 1899 postea.
1832 1829 1861 1884 In

167 1916 287 1982 stianos,
315 1921 344 1969 et
363 1914 474 1985 quidem
493 1914 600 1984 plures,
626 1929 709 1984 quam
730 1914 758 1967 in
777 1913 889 1984 Europa
909 1920 1003 1969 nostra
1030 1912 1248 1967 occidentalibus
1276 1912 1435 1984 regionibus
1462 1913 1582 1967 occurrit
1600 1915 1725 1982 Arabia,
1753 1915 1818 1970 olim
1836 1916 1862 1970 in

168 2002 347 2070 reperiantur.
384 1999 418 2053 In
443 2000 624 2054 orientalibus
651 1999 717 2054 10011
742 1999 860 2070 primum
883 1999 1004 2054 occurrit
1028 2007 1180 2069 petraeam,
1199 2001 1339 2054 desertam
1353 2006 1382 2055 et
1393 2001 1506 2066 felicem
1521 2000 1617 2069 divisa,
1636 2019 1709 2072 qnae
1723 2002 1862 2058 Muhame·

171 2090 327 2142 Terrarum
348 2086 493 2156 imperinm
513 2086 685 2154 latissimum,
704 2084 779 2156 quod
796 2086 922 2157 quamvis
942 2085 1002 2139 Mu·
1030 2084 1091 2139 ticin
1122 2085 1364 2156 superstitionibus
1395 2086 1503 2156 repleta
1531 2088 1642 2159 quidem
1672 2095 1727 2152 ast,
1757 2090 1861 2145 interim

168 2172 361 2229 hamatismum
383 2173 574 2242 amplectatur,
595 2179 688 2227 tamen
709 2171 882 2226 Christianae
899 2172 1002 2242 profes·
1028 2173 1168 2227 tamenin
1186 2172 1328 2226 maritimis
1347 2171 1400 2226 oris
1419 2173 1601 2243 Hispanicum
1620 2174 1745 2246 regimen
1766 2182 1794 2231 et
1809 2194 1862 2231 nna

167 2260 252 2315 sionis
265 2259 420 2314 hominibus
431 2258 555 2323 Graecis,
570 2259 687 2326 Latinis,
698 2258 843 2323 Armeniis,
855 2257 1000 2326 Jacobitis,
1029 2274 1091 2311 cum
1112 2257 1160 2312 illo
1183 2258 1265 2313 etiam
1285 2257 1458 2313 Christianae
1476 2257 1541 2314 fidei
1553 2259 1753 2329 professionem
1766 2262 1860 2317 admit

168 2346 348 2410 Nestorianis‚
362 2345 504 2411 Cadureis,
515 2345 646 2414 Surianis,
662 2344 814 2412 Maronitis,
829 2343 1001 2414 Aethiopicis
1028 2343 1068 2397 tit.
1104 2343 1226 2398 Arabiae
1247 2344 1358 2415 adjacet
1379 2347 1521 2398 Zarethra
1539 2345 1638 2413 insula,
1658 2347 1739 2416 eujus
1758 2348 1860 2404 incolas

165 2435 284 2505 aliisque
298 2433 414 2487 aliorum
426 2432 529 2487 rituum
541 2433 581 2487 ita
592 2431 718 2487 abundat
731 2437 759 2486 et
770 2432 957 2502 permiscetur,
970 2436 1002 2485 ut
1028 2435 1092 2483 sunt
1115 2429 1264 2484 Christiani
1295 2430 1457 2502 religionem
1486 2448 1565 2485 suam
1589 2431 1714 2487 Thomas
1738 2435 1860 2505 apostolo

166 2526 296 2577 constans
322 2519 397 2573 fama
421 2518 470 2586 sit,
499 2518 521 2571 si
542 2535 657 2575 numero
681 2517 822 2572 hominum
840 2517 1000 2571 cenandum
1027 2521 1169 2586 acceptam
1193 2516 1319 2572 ferentes.
1357 2517 1490 2572 Arabiam
1508 2516 1544 2571 ab
1562 2533 1661 2572 occasu
1681 2520 1789 2573 claudit
1807 2523 1857 2574 Po

165 2606 264 2674 fuerit,
288 2605 518 2659 Mubameticolas
543 2603 738 2659 aChristiania
759 2609 902 2674 superatos
921 2605 954 2658 iri
973 2611 1001 2659 et
1027 2603 1146 2655 laestiaa
1165 2603 1223 2655 aios
1234 2611 1310 2656 vetas
1323 2603 1448 2665 Judaea,
1469 2619 1541 2673 quae
1553 2620 1607 2657 non
1622 2604 1752 2659 obstante
1765 2606 1858 2660 Muha-

168 2691 256 2745 tribus
277 2690 441 2746 Christianis
460 2690 506 2744 vix
524 2708 609 2743 uuum
630 2690 733 2761 opponi
751 2707 831 2759 posse
848 2690 999 2744 Musulma·
1026 2687 1216 2742 meticolarum
1241 2689 1343 2743 ferocia
1370 2705 1388 2742 a
1410 2688 1550 2743 nonnullis
1571 2686 1737 2745 Christianis
1755 2691 1858 2747 inhabi-

166 2795 241 2833 num.
278 2775 355 2841 Quae
378 2792 444 2831 vero
464 2776 500 2829 sit
517 2774 687 2830 Graecomm
712 2775 823 2846 religio,
845 2776 999 2846 expositum
1024 2779 1109 2843 tatur,
1127 2774 1201 2829 unde
1220 2775 1248 2827 in
1267 2773 1462 2845 Hierosolyma
1479 2775 1548 2831 urbe
1568 2782 1598 2831 ta
1612 2778 1857 2847 templaChristia·

165 2859 647 2936 111111111111111111111150.
665 2861 999 2917 TruberusCamiolanus
1025 2877 1121 2914 norum
1151 2866 1336 2914 numerantur.
1374 2860 1506 2915 Ecclesiia
1528 2862 1557 2915 in
1578 2864 1662 2931 Syria
1682 2871 1795 2934 praeest
1812 2882 1857 2935 pa·

164 2948 295 3020 auspiciis
320 2947 397 3001 ducis
420 2946 636 3018 Wirtenbergici
661 2948 796 3017 quosdam
820 2946 906 3003 libros
926 2947 998 3003 Scri·
1024 2945 1144 3000 triarcha
1168 2945 1373 3014 Antiochenus,
1397 2946 1443 3017 qui
1467 2963 1530 3001 cum
1551 2947 1854 3021 Constantinopolitano

164 3041 262 3108 pturae
280 3050 384 3103 sacrae,
402 3034 466 3089 item
486 3033 679 3104 Augustarum
698 3034 897 3089 confessionem
910 3041 937 3090 et
949 3052 998 3106 po·
1025 3039 1053 3086 et
1071 3032 1257 3087 Alexandrino
1274 3032 1439 3103 patriarchis
1457 3033 1606 3088 fraternam
1621 3035 1772 3091 amicitiam
1786 3037 1855 3101 colit,

165 3123 267 3178 stillam
284 3121 400 3177 Lntheri
418 3121 447 3175 in
461 3139 614 3178 samonem
630 3122 776 3186 Heaetam,
795 3122 882 3192 quiin
894 3121 997 3177 Tures-
1024 3120 1072 3172 sed
1093 3136 1110 3172 a
1128 3119 1258 3190 pontifice
1277 3119 1403 3173 Romano
1422 3119 1530 3174 alienus
1550 3126 1600 3176 cst.
1640 3122 1751 3190 Cyprus
1769 3125 1855 3179 insula

165 3227 225 3264 rum
241 3209 335 3281 regnis
353 3207 592 3280 frequentissimus
610 3215 660 3276 cst,
677 3209 827 3274 transtulit,
842 3214 874 3263 ut
891 3209 997 3264 1111110-
1023 3212 1171 3276 autequam
1197 3223 1214 3259 a
1239 3205 1331 3260 Turca
1353 3222 1426 3260 anno
1455 3212 1528 3261 1572.
1562 3206 1678 3262 Venetis
1697 3209 1853 3279 eriperetur,

81 3339 84 3345 .
164 3294 268 3350 ctrinae
296 3295 473 3367 evangelicae
502 3295 586 3350 etiam
614 3295 643 3348 in
670 3295 800 3350 orientem
824 3293 915 3348 radios
933 3313 996 3351 suros
1023 3296 1082 3346 tota
1103 3291 1157 3344 fuit
1182 3290 1309 3362 religioni
1330 3291 1501 3346 Christianae
1520 3292 1667 3361 obstricta,
1690 3294 1774 3350 bodie
1793 3314 1854 3351 vero

165 3386 314 3452 spargeret.
352 3380 518 3435 Gerlachius
544 3381 641 3450 1111111,
668 3398 731 3435 cum
760 3378 996 3452 Constantinopoli
1024 3377 1235 3432 Muhametismo
1250 3378 1277 3429 in
1291 3395 1325 3431 ea
1341 3378 1500 3432 dominante
1514 3379 1620 3433 incolae
1635 3380 1777 3436 seruitutis
1787 3385 1853 3454 jugo

164 3472 332 3535 versaretur,
353 3467 497 3522 occasione
514 3466 658 3521 familiaris
677 3484 740 3521 cum
757 3467 914 3536 patriarcha
926 3486 994 3522 scon·
1023 3465 1109 3534 pressi
1128 3463 1290 3533 religionem
1311 3463 1495 3518 Christianam
1514 3483 1588 3520 more
1607 3466 1726 3521 aliorum
1743 3468 1853 3523 Christi·

166 3552 321 3607 suetudinis
338 3570 394 3606 non
411 3553 587 3623 aspernanda
604 3552 724 3622 purioris
739 3551 879 3607 docuinae
893 3553 997 3608 semina
1022 3551 1142 3605 celarum
1162 3550 1213 3603 sub
1231 3550 1329 3603 Turcis
1348 3550 1507 3621 degentium
1524 3567 1577 3604 non
1599 3552 1652 3605 nisi
1664 3552 1693 3605 in
1706 3554 1852 3609 rarioribus

164 3637 235 3691 inter
253 3636 375 3691 Graecos
401 3637 519 3707 reliquit.
555 3637 661 3691 Eodem
679 3638 764 3692 etiam
781 3646 904 3710 tempore
924 3639 996 3694 Baro
1022 3636 1202 3691 conventibus
1232 3635 1404 3706 profitentur.
1440 3637 1537 3691 Refert
1564 3637 1698 3705 Manlius,
1731 3640 1760 3694 in
1789 3641 1853 3695 locis

166 3721 330 3790 Ungnadius
362 3721 479 3792 principi
513 3722 741 3793 Gearps'aaoram
773 3724 912 3795 exemplar
938 3727 995 3780 Au·
1022 3721 1214 3776 communibus
1242 3721 1328 3776 fuisse
1357 3721 1385 3776 in
1416 3722 1506 3775 insula
1532 3722 1593 3790 illa,
1625 3723 1673 3794 qui
1703 3724 1853 3780 doctrinam

146 3814 301 3879 ·gustanae
328 3807 507 3862 confessionis
525 3807 663 3863 Graecum
687 3809 815 3877 tradidit,
842 3812 916 3881 quod
937 3813 995 3882 ipse
1022 3808 1159 3878 evangelii
1188 3808 1321 3862 sinceram
1348 3814 1376 3863 et
1405 3809 1591 3879 incorruptam
1617 3811 1853 3880 amplecterentur,

162 3893 190 3947 in
212 3909 372 3947 sermomem
391 3893 528 3946 Iber-icam
549 3910 711 3948 conversum
729 3895 757 3948 in
771 3896 889 3964 patriam
902 3914 995 3952 secum
1023 3912 1086 3948 cum
1105 3894 1141 3948 ab
1161 3894 1268 3949 erudito
1288 3894 1409 3964 quodam
1427 3894 1487 3964 ejus
1507 3895 1629 3967 regionis
1648 3897 1784 3952 monacho
1803 3897 1853 3951 sibi

161 3978 316 4044 1111111111,
343 3984 376 4032 ut
403 3979 456 4033 hac
480 3979 587 4034 ratione
606 3978 770 4034 Christianis
789 3982 926 4052 episcopis
945 4001 995 4054 per
1022 3980 1195 4034 familiariter
1217 3986 1281 4034 noto
1302 3980 1380 4038 milti
1401 3980 1563 4034 nostratium
1582 3980 1774 4052 theologorum
1792 3983 1853 4037 libri

161 4064 281 4119 Iberiam
298 4071 327 4118 et
346 4065 495 4121 Albaniam
515 4067 551 4120 ad
572 4083 647 4120 mare
664 4065 796 4136 Caspium
816 4084 903 4137 usque
921 4070 994 4138 puri
1022 4068 1050 4119 in
1069 4065 1200 4136 Cypriam
1220 4066 1343 4137 linguam
1357 4066 1460 4120 fuerint
1472 4065 1607 4120 1111111111.
1639 4067 1669 4120 ln
1682 4068 1853 4123 meridionali

133 4149 137 4157 '
160 4156 202 4203 tas
235 4151 369 4221 evangelii
400 4152 574 4207 innotescere
597 4152 727 4223 eoeperit.
767 4150 933 4223 Georgianis
958 4156 993 4208 ad
1021 4152 1106 4222 plaga
1123 4152 1245 4206 occurrit
1257 4153 1369 4221 Africa.
1385 4152 1554 4222 Aegyptum,
1571 4151 1695 4222 Libyam,
1709 4153 1852 4224 Cyrenem,
1882 4216 1885 4238 1

160 4235 301 4291 meridiem
320 4236 403 4291 vicini
423 4241 489 4290 sunt
506 4239 639 4305 Armenii,
659 4237 705 4308 qui
724 4237 892 4293 Graecarum
907 4240 992 4293 ecele-
1021 4238 1145 4293 Afrieam
1171 4240 1317 4308 minorem,
1344 4239 1503 4294 Numidiam
1524 4246 1552 4293 et
1569 4238 1765 4295 Mauritaniam
1783 4259 1852 4296 eom·

159 4323 261 4376 siarum
281 4323 480 4377 confessionem
499 4329 527 4377 et
546 4323 616 4377 ritus
632 4325 846 4394 amplectuntur,
865 4327 913 4381 sed
927 4345 993 4397 pon·
1021 4326 1116 4394 plexa,
1139 4328 1219 4396 cujus
1242 4325 1374 4379 interiora
1392 4326 1474 4396 longe
1494 4325 1605 4395 lateque
1624 4325 1706 4381 Prete
1726 4328 1853 4384 Johanna

160 4407 242 4463 tiliois
263 4409 380 4463 Romani
400 4408 582 4462 hierarchiam
607 4410 761 4479 repudiant.
798 4411 868 4465 Cum
889 4412 994 4483 Grego-
1020 4412 1065 4464 vel
1080 4411 1219 4465 Pretiosus
1237 4410 1379 4466 iohannes
1398 4411 1529 4480 possidet.
1565 4414 1710 4480 Aepyptas
1728 4414 1852 4469 abundat

159 4494 216 4548 rius
236 4493 316 4550 XIII.
345 4495 835 4551 1101101582.11011111111111111111111111
853 4498 937 4552 missa
957 4498 993 4553 le·
1020 4495 1183 4551 Christianis
1210 4496 1360 4565 iacebitis,
1388 4497 1434 4567 qui
1461 4497 1496 4550 ab
1516 4496 1642 4567 apostolo
1662 4498 1806 4555 Matthaeo
1825 4518 1852 4555 se

158 4578 274 4652 gationc
291 4579 344 4632 illis
363 4578 513 4634 obtrudere
531 4587 558 4633 et
573 4580 675 4651 jugum
689 4581 865 4636 Pontificium
879 4584 932 4637 illis
945 4585 993 4637 im·
1019 4582 1101 4636 iidem
1125 4582 1227 4637 Christi
1255 4581 1396 4651 accepisse
1420 4582 1581 4652 gloriantur.
1619 4583 1751 4639 Nicolaus
1770 4584 1851 4640 Hem·

157 4681 262 4736 ponere
281 4673 435 4729 conaretur,
454 4665 578 4719 Armenii
597 4666 711 4719 consilio
730 4683 793 4720 eum
811 4668 992 4724 orientalibus
1020 4669 1139 4740 mingius
1171 4668 1199 4722 in
1232 4667 1370 4722 catechesi
1407 4669 1490 4722 ritum
1523 4668 1623 4723 missae
1656 4670 1684 4724 in
1719 4672 1851 4742 Aegypto

159 4750 325 4822 patriarchis
344 4751 546 4804 communicato
565 4767 615 4820 per
624 4750 718 4805 literas
730 4751 769 4805 illi
783 4755 992 4823 responderunt,
1019 4755 1093 4823 apud
1121 4753 1289 4822 Christianos
1319 4753 1436 4809 usitatae
1466 4754 1623 4809 describens
1658 4773 1692 4811 ex
1719 4757 1850 4812 relatione

156 4854 186 4889 se
210 4854 266 4890 aon
286 4837 418 4888 assistere
436 4835 496 4888 siae
513 4836 621 4904 capite,
644 4838 783 4906 sipar‘ctem
798 4841 865 4892 iasio
884 4858 902 4892 a
921 4840 991 4894 Can·
1019 4839 1273 4893 Thessalonicensis
1289 4840 1436 4909 cujusdam
1455 4841 1589 4895 Demetrii
1608 4849 1757 4907 memorat,
1775 4861 1850 4913 prae·

155 4922 278 4977 mantino
297 4923 406 4990 Mopso
436 4930 461 4975 at
488 4923 563 4990 repis
593 4924 742 4976 Tiridates
768 4927 936 4994 temporibus
962 4929 991 4980 ia
1019 4926 1090 4980 mitti
1116 4926 1143 4978 in
1170 4925 1291 4997 liturgiis
1315 4943 1412 4996 preces
1438 4933 1466 4981 11
1490 4927 1642 4982 cantilenas
1666 4929 1703 4983 ad
1728 4937 1850 4985 1111111111

155 5009 333 5079 harenaque
354 5011 428 5063 diem
446 5010 619 5064 Cathatscam
630 5027 737 5078 semper
750 5012 990 5082 areicrepreeopam
1017 5011 1194 5075 ibinitatem,
1224 5013 1325 5083 quibus
1349 5013 1468 5082 primum
1493 5013 1573 5068 lectio
1601 5029 1633 5066 ex
1657 5014 1767 5085 seriptis
1787 5032 1849 5087 apo·

149 5095 318 5162 habitarint,
343 5096 477 5164 1111111111
495 5103 584 5149 vetere
603 5096 727 5163 ipsorum
746 5099 914 5150 calendario
933 5099 989 5151 eal·
1018 5096 1120 5152 stolicis
1145 5095 1270 5153 Graeco·
1261 5099 1411 5168 Arabica,
1435 5099 1534 5153 deinde
1557 5098 1612 5153 alia
1629 5102 1768 5171 evangelii
1788 5101 1849 5156 sub·

150 5182 224 5250 pari
246 5182 316 5250 qaid
333 5199 419 5251 passe
441 5187 491 5235 etc
522 5181 623 5252 quibus
641 5181 727 5236 literis
746 5183 858 5237 nomina
876 5184 989 5238 1111111-
1013 5184 1165 5279 jungatur;
1194 5192 1291 5254 postea
1315 5185 1447 5240 concione
1472 5184 1601 5239 absoluta
1623 5202 1737 5241 coenam
1757 5187 1849 5242 Domi·

156 5265 287 5320 diderunt
315 5268 472 5337 patriarcha
494 5266 819 5340 Constantinopolitanae
844 5271 989 5325 ieremias
1015 5268 1106 5322 nicam
1136 5276 1193 5324 tam
1222 5270 1301 5324 laicis
1329 5287 1411 5341 quam
1439 5270 1628 5325 sacerdotibus
1656 5272 1708 5326 sub
1733 5279 1849 5344 utraque

157 5351 298 5421 Sylvester
321 5353 542 5416 Alexandrinus,
566 5354 728 5410 Joaehimus
753 5355 942 5411 Antiochense
962 5363 991 5411 et
1018 5354 1110 5424 specie
1145 5356 1341 5410 communicari
1381 5363 1409 5411 et
1446 5356 1598 5427 gratiarum
1629 5357 1738 5412 actione
1769 5358 1847 5413 finiri.

155 5437 262 5509 primae
279 5438 455 5493 iustinianae
470 5439 654 5494 Archidarum
674 5440 796 5495 Gabriel.
834 5440 866 5494 111
887 5443 989 5496 Parsia
1017 5443 1108 5510 Supra
1136 5442 1298 5514 Aegyptum
1326 5443 1459 5514 panditur
1486 5442 1584 5514 ingens
1607 5441 1676 5496 illud
1702 5444 1848 5499 Christiani

153 5522 308 5578 ’1111111011
333 5523 448 5595 imperio
470 5525 564 5580 vicina
589 5525 655 5581 lieet
677 5526 892 5582 Muhametismo
910 5527 989 5583 eddi·
1015 5526 1185 5598 Aethiopum
1210 5527 1376 5584 monarchae
1391 5528 1517 5582 Pretiasi
1532 5529 1675 5583 Johaaais
1691 5530 1848 5600 imparium,
