4004 6022
222 239 280 298 tea
814 231 936 290 nocue
953 229 1158 290 messiane
1177 230 1322 290 PRIMUS

168 411 171 417 ·
218 387 300 441 donis
315 386 440 440 ιιιιιιοιιιι
453 393 611 456 pupnsatrr
628 385 841 453 noninussteto,
861 386 930 455 quio
943 387 1055 440 demon-
1081 386 1245 456 offirmare,
1275 386 1369 440 ιιιιιιι
1395 388 1490 441 eodem
1509 386 1580 455 jure
1605 388 1757 456 offirmare
1779 390 1816 442 ds
1832 389 1923 444 nuto

217 471 366 525 strativum
390 489 446 525 non
470 473 584 525 denotat
604 473 708 524 nudsaa
722 487 841 540 ponera,
864 472 982 540 ideoque
998 471 1056 524 dis-
1082 470 1208 539 aliqnid,
1227 473 1263 525 de
1282 471 1379 540 aliquo
1397 473 1478 541 nilril,
1495 474 1531 526 ds
1550 473 1613 526 tneo
1633 474 1776 537 tenebras,
1796 475 1833 528 do
1852 483 1923 530 tene·

214 565 351 626 porotuns
369 560 405 611 dc
418 559 568 627 disparato
586 575 642 611 non
656 557 854 625 praedicetur,
872 559 950 626 quod
965 565 1056 610 tomen
1082 557 1140 609 bris
1159 557 1263 625 lucem,
1284 560 1320 612 ds
1337 557 1448 612 Christo
1466 558 1580 624 Belial,
1599 561 1635 612 de
1651 559 1752 613 Belial
1772 560 1922 616 Christum

217 645 310 711 ipsum
329 644 359 696 in
376 645 502 697 omnibu
520 643 662 696 inusitatis
677 643 940 711 praedicationibus
963 659 1057 696 neces·
1081 641 1137 697 Sed
1154 641 1263 697 neusse
1284 642 1414 708 debebat,
1431 660 1482 698 nos
1502 661 1558 698 non
1576 644 1737 714 simpliciter
1755 651 1784 700 et
1796 646 1923 705 absolute

217 730 334 785 somam.
389 729 540 783 Sciendum
579 729 678 797 ipr'tur,
716 731 794 798 qnod
824 729 1056 798 praedicationes
1081 742 1216 791 asserere,
1248 728 1323 798 quod
1353 728 1524 799 disparatum
1552 729 1587 783 ds
1616 728 1757 799 disparato
1785 731 1923 789 ιιιιιιιιο

218 816 294 868 abac
320 816 377 868 sint
396 816 584 884 universales,
609 831 682 884 quoe
700 817 730 868 in
750 823 812 868 orte
828 815 924 884 topica
941 815 1056 885 potissi-
1081 813 1257 882 praedicetur
1275 814 1319 869 vel
1336 814 1493 885 praedicari
1513 814 1617 884 possit,
1637 815 1688 869 sed
1706 815 1741 871 de
1758 817 1815 872 illis
1833 819 1922 874 solum

217 919 291 954 mem
313 908 474 970 spectantur
499 910 525 954 et
545 902 575 954 in
595 903 751 970 proprios,
781 903 907 970 tropicos
926 909 951 955 et
969 901 1056 955 innn-
1082 897 1230 968 repersus
1254 899 1307 954 hoc
1332 900 1495 968 asserimus,
1521 900 1594 955 inter
1610 917 1681 972 quae
1699 903 1766 957 unio
1784 905 1922 974 quaedam

217 995 292 1040 totos
310 988 525 1057 olispeseunusr,⁸
544 988 621 1042 olibe
638 988 806 1057 sinqulores,
823 989 867 1041 set
879 988 915 1040 de
927 1004 959 1041 re
967 988 1055 1057 plone
1081 983 1244 1054 intercedit;
1263 993 1399 1058 quatenus
1418 986 1562 1056 disparata
1580 992 1659 1040 extra
1675 989 1806 1044 unionem
1823 997 1853 1044 in
1872 1008 1922 1046 sus

217 1074 358 1140 singulari
374 1075 525 1139 samatus,
541 1076 578 1127 de
598 1074 698 1143 mribus
715 1082 791 1127 certa
810 1075 840 1127 in
857 1074 958 1141 topicis
971 1089 1055 1142 prce-
1082 1075 1182 1124 natura
1203 1072 1427 1138 considerantur,
1454 1078 1570 1127 eatsnm
1592 1071 1729 1128 affirmate
1748 1075 1785 1130 de
1803 1091 1832 1132 se
1852 1077 1920 1133 insi·

217 1168 298 1228 oepto
320 1179 376 1215 non
396 1161 648 1230 praescribentem
675 1160 775 1213 homos
795 1160 954 1228 peculiaris
972 1176 1055 1228 quoe·
1081 1172 1141 1210 cem
1171 1173 1347 1228 nequaquam
1380 1157 1593 1228 praedicantur3
1630 1159 1680 1213 sed
1718 1167 1856 1231 quatenus
1892 1163 1957 1218 iux

217 1249 284 1300 dom
301 1248 408 1316 specim
425 1256 473 1314 est,
495 1264 552 1315 quo
570 1247 681 1299 duobis
697 1247 780 1300 rebrss
799 1246 938 1315 copuletis
952 1245 982 1299 in
994 1246 1055 1298 sub·
1081 1239 1183 1295 unione
1207 1242 1325 1297 invicem
1348 1243 1514 1314 copulantur
1536 1249 1565 1298 et
1591 1261 1678 1298 unum
1695 1247 1836 1316 quoddam
1856 1265 1920 1303 eon·

210 1335 289 1402 jecto
317 1335 435 1401 ponitur
462 1334 711 1387 ammomum
736 1340 882 1401 atramque
907 1348 966 1385 rom
990 1349 1055 1384 con-
1081 1327 1213 1389 stituunt,
1248 1335 1363 1383 eatenus
1397 1344 1463 1384 vere
1492 1329 1528 1384 de
1558 1346 1587 1384 se
1616 1329 1735 1386 invicem
1765 1333 1921 1403 praedicari

218 1436 316 1472 necem
334 1421 474 1472 denotans
492 1427 519 1472 et
536 1419 567 1472 in
579 1419 750 1488 praedicato
771 1418 1055 1488 esprimitnrsmitum
1081 1420 1211 1481 pessunt3
1251 1414 1400 1470 dicendum
1435 1414 1537 1485 igitur,
1573 1415 1649 1486 quod
1682 1416 1920 1486 praedicationum

216 1505 377 1575 principale
395 1506 539 1574 meamque
556 1506 652 1559 gemui
669 1506 793 1572 obvium,
815 1522 886 1573 quaa
900 1512 1055 1573 propterea
1081 1497 1307 1555 affirmativarum
1335 1500 1549 1555 fundamentum
1576 1502 1613 1554 tii
1638 1502 1682 1556 Vel
1708 1503 1801 1557 unita!
1830 1520 1921 1559 essen·

216 1593 361 1646 nominari
378 1591 469 1645 soleae
486 1592 736 1654 dommsrasivao,
753 1592 796 1645 vel
819 1591 995 1655 ahiham,
1019 1592 1055 1644 ab
1080 1584 1153 1651 tiae,
1184 1601 1256 1655 quac
1278 1585 1367 1640 locum
1385 1585 1471 1640 babet
1490 1586 1519 1640 in
1538 1586 1793 1657 praedicationibus
1814 1587 1921 1659 logicis,

217 1679 286 1732 otiis
312 1678 536 1746 synecdochicos.
581 1677 660 1732 Haec
686 1677 734 1732 ills
756 1676 915 1732 rectissime.
952 1682 975 1730 3.
998 1677 1054 1731 De·
1081 1669 1125 1723 vel
1152 1671 1244 1725 uniter
1271 1671 1447 1734 existentiae,
1474 1671 1503 1724 id
1531 1677 1574 1726 eet
1600 1671 1693 1727 unitas
1719 1674 1859 1743 quaedam
1877 1675 1921 1732 vsi

216 1765 301 1835 nique
328 1763 555 1834 distinguendum
583 1762 657 1818 inter
683 1762 796 1817 modum
813 1762 959 1833 specificae
976 1763 1050 1817 unio-
1080 1755 1145 1811 unio
1177 1762 1368 1812 exuemorum.
1414 1757 1566 1829 Disparata
1597 1773 1653 1813 non
1680 1765 1800 1829 possunt
1827 1761 1865 1817 de
1891 1779 1922 1818 se

217 1850 259 1903 nis
280 1855 308 1904 et
324 1849 397 1903 inter
416 1848 530 1903 modum
550 1849 765 1919 praedicationis
784 1866 817 1904 er
835 1848 958 1919 generali
977 1849 1054 1902 unio
1081 1841 1198 1897 invicem
1223 1843 1379 1913 praedicari
1402 1841 1540 1898 affirmate
1566 1853 1695 1914 respectu
1720 1846 1825 1915 priore,
1855 1847 1929 1918 quia,

217 1951 252 1988 ne
279 1934 466 1990 resultantem.
502 1934 621 1999 Quando
647 1933 824 1990 Chemnicius
853 1933 1055 2005 propositiones
1080 1944 1130 1997 per
1157 1929 1306 1983 essentiam
1332 1936 1398 1983 sunt
1418 1929 1574 1999 dispersu,
1604 1929 1676 1984 bene
1692 1936 1786 1987 autem
1803 1939 1921 2002 possunt

216 2020 431 2076 sacramentales
455 2020 600 2074 inusitatas
624 2025 706 2075 vocat
730 2026 757 2075 et
776 2020 975 2090 captivandum
994 2035 1054 2075 esse
1080 2013 1116 2067 de
1147 2030 1177 2068 ιθ
1198 2015 1316 2070 invitem
1343 2015 1480 2070 affirmate
1501 2015 1659 2087 praedicari
1679 2023 1808 2088 respectu
1828 2026 1920 2089 pesta-

217 2106 287 2160 dicit
311 2105 499 2170 intellectum,
527 2112 559 2161 ιι
587 2106 749 2174 credantur,
776 2113 844 2160 tunc
865 2104 979 2176 respicit
997 2122 1052 2159 mo
1079 2100 1159 2169 tiore,
1177 2102 1244 2172 quia
1261 2117 1312 2172 per
1329 2103 1512 2158 arctissimam
1529 2105 1660 2159 ιιιιοιιοιιι
1678 2110 1706 2159 et
1725 2122 1759 2159 ex
1779 2122 1813 2160 ea
1830 2111 1920 2160 ortam

216 2191 283 2247 dum
303 2192 449 2263 specificae
467 2192 590 2260 unionis,
611 2208 667 2264 qua
685 2191 749 2246 talis
770 2192 907 2262 quaedam
924 2191 990 2246 unio
1009 2209 1052 2245 ιι-
1079 2187 1264 2256 praesentiam
1304 2188 1421 2243 invicem
1453 2188 1619 2259 copulantur
1648 2196 1677 2245 et
1702 2190 1811 2246 ratione
1845 2192 1920 2248 illius

215 2278 405 2342 mamentalis,
432 2278 523 2350 qualis
539 2286 582 2334 est
600 2279 673 2333 inter
690 2295 791 2349 panem
809 2284 838 2333 et
854 2295 955 2348 corpus
974 2277 1051 2332 Chri·
1079 2271 1187 2326 unionis
1218 2272 1276 2329 eive
1299 2274 1413 2328 unitatis
1439 2276 1475 2330 de
1499 2275 1662 2331 seinvicem
1682 2276 1838 2347 praedicari
1856 2295 1920 2348 pos·

215 2366 259 2433 sti,
278 2365 407 2435 nuspiam
424 2364 492 2419 alibi
508 2363 643 2432 occurrit,
662 2363 771 2419 interim
792 2364 889 2418 modus
910 2363 1051 2434 praedica·
1079 2364 1157 2423 tuni»
1178 2359 1254 2430 quod
1273 2367 1351 2415 extra
1370 2361 1497 2416 amonem
1517 2378 1660 2433 nunquam
1680 2362 1767 2420 fieret.
1802 2363 1920 2436 Exque

214 2452 298 2506 tionis
321 2467 353 2506 ex
378 2449 501 2521 generali
527 2450 627 2505 unione
649 2448 787 2504 resultans
807 2448 908 2503 similia
925 2449 1052 2520 exempla
1078 2443 1162 2499 etiam
1181 2444 1353 2517 intelligitur,
1373 2447 1512 2517 exempla,
1531 2464 1603 2518 quae
1621 2446 1809 2504 Bellsrminus
1826 2448 1918 2519 affert,

215 2538 330 2594 obtinet.
365 2536 431 2592 Vid.
451 2535 521 2591 ortb.
539 2552 615 2591 cons.
635 2534 718 2589 refut
737 2552 761 2590 c.
783 2543 805 2589 7.
821 2554 849 2606 p.
871 2537 930 2591 353.
960 2536 1052 2590 Hasce
1079 2535 1110 2584 ut
1134 2530 1251 2601 probet,
1281 2533 1424 2604 disparata
1451 2534 1486 2590 de
1516 2551 1546 2590 se
1565 2533 1682 2590 inuam
1704 2534 1842 2591 affirmate
1859 2554 1917 2593 non

215 2622 405 2676 distinctiones
423 2621 447 2674 si
464 2620 647 2675 Bellarminus
667 2619 856 2689 observasset,
875 2628 932 2675 tam
948 2628 1052 2676 ιοιιιοιο
1079 2634 1159 2687 posse
1181 2617 1349 2688 praedicari,
1376 2636 1436 2674 esse
1460 2620 1553 2676 aliena
1574 2636 1593 2674 s
1612 2620 1724 2691 regulae
1752 2622 1861 2694 aliquid
1887 2630 1916 2679 et

215 2713 244 2762 et
271 2706 392 2760 irrismie
421 2705 456 2759 D.
489 2705 649 2760 Chemnicio
675 2722 730 2760 non
757 2706 925 2760 insultasset.
964 2708 1053 2761 Addit
1078 2701 1161 2768 nihil,
1187 2703 1234 2757 lux
1257 2709 1286 2758 et
1305 2705 1453 2774 tenebrae,
1480 2704 1607 2760 Christus
1625 2710 1655 2761 et
1671 2706 1762 2761 Belial
1778 2725 1834 2764 uon
1853 2704 1935 2764 sunt*

216 2807 295 2858 vero,
322 2809 372 2844 neo
403 2793 433 2844 in
456 2792 518 2843 iltis
547 2792 682 2859 esanpiis
700 2793 813 2860 otiqsdd
828 2793 921 2846 nmile
938 2801 1053 2846 nomae
1078 2786 1241 2858 simpliciter
1257 2788 1406 2859 disparata,
1424 2790 1473 2844 sed
1486 2791 1625 2845 contraria
1638 2808 1766 2863 quaeque
1783 2793 1814 2848 in
1830 2803 1919 2851 aeter·

213 2877 406 2947 propositioni
428 2877 552 2930 inueniri
598 2878 674 2930 Nom
698 2878 753 2930 etsi
775 2879 882 2932 dolium
905 2879 969 2931 eino
990 2879 1051 2948 ple·
1078 2891 1145 2927 num
1164 2891 1220 2928 non
1239 2875 1379 2945 uniuntur,
1399 2882 1430 2931 ιιι
1447 2877 1586 2934 affirmate
1603 2877 1638 2933 de
1656 2895 1685 2933 se
1704 2878 1822 2935 invicem
1837 2897 1918 2951 prae·

216 2982 282 3016 nam
311 2971 337 3015 et
366 2962 540 3031 marsupiam
567 2963 683 3031 plenum
710 2964 840 3031 pecuniis
865 2972 891 3017 et
915 2957 1052 3032 insontem
1079 2958 1166 3012 dicari
1191 2959 1313 3029 possiut3
1341 2962 1398 3016 alia
1422 2980 1487 3027 uero
1509 2964 1582 3019 ratio
1606 2971 1649 3018 cst
1671 2965 1753 3034 panis
1776 2974 1805 3021 et
1824 2982 1919 3037 corpo·

214 3049 319 3115 fasciis
340 3049 563 3116 circumiipatum
587 3049 754 3117 simpliciter
779 3051 886 3114 uinum,
915 3051 1053 3119 pecunius
1079 3043 1116 3097 the
1142 3043 1259 3110 Christi,
1288 3063 1359 3117 quae
1384 3047 1478 3102 divim
1493 3048 1596 3104 virtute
1612 3066 1699 3103 unum
1718 3053 1919 3109 sacramentale

217 3144 243 3189 et
265 3137 405 3200 insontem
428 3136 615 3204 nonanoeane,
641 3143 734 3188 tamem
755 3152 834 3189 neno
854 3136 973 3189 ἀισιιιιι
1004 3137 1053 3189 do-
1080 3130 1265 3199 constituunt,
1296 3132 1414 3203 ideoque
1445 3141 1559 3206 propter
1589 3134 1666 3189 illam
1697 3136 1828 3192 umorem
1858 3138 1919 3195 sine

215 3222 285 3277 ιιιιιι
304 3230 344 3276 est
359 3223 467 3289 einum,
492 3221 665 3291 nuncapium
683 3227 723 3273 est
735 3221 872 3290 pecnnia,
899 3221 997 3286 foscio
1014 3229 1054 3275 est
1080 3216 1139 3270 ulla
1170 3218 1480 3275 transsubstantiatione
1504 3237 1538 3276 ac
1564 3221 1623 3275 sine
1650 3221 1708 3276 ullo
1729 3227 1812 3293 tropo
1836 3223 1872 3279 de
1889 3241 1920 3280 se

216 3308 390 3373 infantulus,
411 3315 442 3360 ιιι
458 3308 517 3377 ipsi
535 3323 598 3361 cers
616 3307 677 3360 deci
692 3308 804 3371 vehent,
828 3307 917 3376 ponis
935 3314 975 3360 est
992 3324 1053 3360 eor·
1080 3302 1198 3358 invicem
1223 3304 1427 3374 praedicantur.
1471 3305 1652 3362 Declaremus
1674 3307 1728 3364 boc
1753 3311 1851 3367 iisdem
1874 3330 1919 3369 ex·

212 3413 270 3464 pus
297 3395 410 3450 Christi.
453 3393 678 3464 Respondemus:
712 3393 824 3464 quando
856 3393 995 3448 liutherus
1026 3401 1054 3448 et
1080 3389 1193 3459 emplis,
1217 3391 1318 3461 quibus
1343 3391 1427 3461 paulo
1452 3398 1517 3446 ante
1536 3393 1578 3447 usi
1597 3411 1706 3448 sumus:
1746 3398 1823 3453 1.ln
1839 3416 1918 3469 prae-

216 3472 392 3535 Cbeninicius
405 3480 620 3551 propositionem
634 3478 863 3534 sacramentalem
882 3496 945 3533 cum
957 3480 1052 3551 vulga-
1081 3474 1266 3530 dicationibus
1291 3477 1483 3546 personalibus
1510 3478 1582 3534 duae
1607 3485 1724 3536 naturae
1751 3482 1919 3553 disparatae,

217 3566 294 3620 ribus
313 3566 368 3619 illis
388 3566 522 3635 exemplis
541 3565 697 3630 coniemmt
715 3581 772 3620 non
788 3565 939 3636 loquuntur
958 3565 1053 3620 deilla
1080 3560 1175 3615 divina
1198 3578 1231 3616 ae
1258 3562 1392 3632 bumana,
1421 3580 1485 3619 vere
1513 3568 1540 3617 ct
1563 3565 1675 3622 realiter
1696 3565 1863 3624 affirmando
1884 3570 1919 3627 de

216 3650 418 3706 ecclesiastica:
439 3651 520 3720 panis
540 3657 582 3704 est
600 3667 701 3721 corpus
713 3651 824 3718 Christi,
843 3651 892 3706 sed
911 3651 947 3706 de
964 3651 1054 3707 altera
1080 3664 1110 3700 te
1133 3646 1253 3702 invicem
1275 3648 1474 3718 praedicentur
1494 3656 1608 3720 propter
1632 3652 1761 3708 unionem
1785 3654 1918 3727 hyposta-

217 3736 366 3810 ἐγγράφῳ,
390 3753 446 3807 qua
468 3736 530 3805 ipse
549 3736 675 3791 Christus
694 3754 761 3791 usus
779 3742 835 3791 est:
862 3738 914 3791 loe
933 3745 972 3791 est
992 3757 1053 3791 eor·
1079 3733 1178 3797 ticam,
1217 3740 1250 3788 ut
1280 3734 1421 3789 verissime
1452 3735 1555 3789 dicam:
1596 3736 1673 3792 Deus
1704 3746 1747 3794 est
1774 3740 1858 3796 homo
1890 3747 1918 3798 st

214 3841 269 3893 pue
286 3839 384 3888 mmm,
403 3839 465 3876 eam
485 3829 584 3876 vocant
602 3822 855 3888 demonstrativam,
875 3823 1051 3879 exhibitivam
1078 3818 1160 3874 bomo
1184 3826 1227 3874 est
1247 3820 1338 3889 Deus3
1365 3820 1414 3876 ubi
1434 3837 1487 3876 nec
1505 3821 1636 3877 divinitas
1655 3825 1838 3884 essentialiter
1855 3845 1914 3883 mu·

216 3916 245 3964 et
270 3906 514 3979 synecdochicam‚
543 3907 609 3978 quia
632 3907 769 3963 δεικτικὸν
790 3908 909 3979 subjecti
927 3910 987 3965 loco
1004 3927 1051 3980 po·
1077 3910 1154 3959 tatur
1181 3907 1209 3959 in
1239 3905 1454 3976 humanitatem,
1482 3923 1533 3962 nec
1555 3906 1713 3965 humanitas
1733 3911 1761 3965 in
1788 3912 1915 3970 diuinita-

217 3998 300 4050 situm
319 4000 398 4049 notat
414 4000 563 4064 utrumque
581 3993 772 4064 complexum,
799 3996 987 4065 praedicatum
1005 4013 1052 4051 au·
1078 3998 1141 4046 tem.
1180 3991 1303 4064 Ideoque
1331 4010 1385 4048 non
1413 4000 1525 4049 notatur
1550 3995 1705 4051 essentialia
1731 4004 1915 4056 musmonem

216 4088 273 4135 tem
300 4080 430 4150 exprimit
457 4078 569 4150 dignius
595 4084 623 4134 et
644 4079 738 4133 sensui
756 4080 847 4134 minus
865 4080 993 4151 obvium,
1023 4082 1052 4136 id
1079 4078 1185 4146 unitas,
1208 4078 1257 4132 sed
1286 4079 1438 4150 personalis
1463 4080 1613 4136 eorundem
1637 4083 1710 4138 uuio.
1746 4084 1826 4140 Idem
1840 4086 1916 4156 judi·

216 4166 292 4238 quod
310 4166 441 4236 exemplis
462 4165 515 4220 illis
535 4183 550 4221 ο
571 4165 709 4221 communi
726 4166 857 4238 loquendi
875 4168 965 4223 forma
982 4168 1053 4238 peti-
1080 4164 1152 4219 cium
1185 4172 1244 4220 estc
1270 4166 1306 4219 de
1338 4167 1574 4238 propositionibus
1595 4170 1859 4242 sacramentalibus,
1887 4172 1916 4226 in

215 4253 252 4307 tis
271 4252 421 4308 declarant
1079 4250 1182 4323 quibus
1207 4250 1304 4306 itidem
1331 4253 1488 4323 disparatae
1510 4255 1545 4308 de
1573 4270 1603 4308 se
1630 4254 1748 4310 invicem
1776 4213 1916 4314 affirmate

89 4351 204 4403 onuns·
256 4345 313 4394 137
341 4338 435 4410 Atque
458 4336 527 4392 baec
545 4336 621 4392 dicta
639 4337 695 4391 sint
712 4337 747 4392 de
765 4338 974 4407 propositione'
967 4340 1053 4410 ipsius
1076 4336 1276 4406 praedicantur
1302 4338 1339 4394 ob
1370 4339 1499 4394 amonem
1525 4341 1755 4396 sacramentalem
1784 4343 1844 4397 sine
1859 4342 1916 4399 ulla

87 4403 196 4505 2¹:222*
219 4424 335 4489 Christi,
354 4425 405 4478 boo
422 4431 462 4478 est
479 4441 583 4492 corpus
602 4441 705 4488 mom,
725 4423 800 4494 quod
817 4424 895 4478 nulla
911 4427 1052 4481 transsub·
1078 4413 1219 4478 essentiali
1246 4431 1429 4479 extremorum
1457 4426 1617 4481 mutatione.
1661 4426 1847 4483 Bellarminus
1873 4441 1916 4483 re·

60 4537 63 4542 ·
88 4509 195 4555 ⁹⁰¹¹²¹⁰··
217 4511 361 4566 stantiatio
382 4527 416 4565 ex
439 4526 474 4564 ea
497 4509 592 4563 inierri
616 4508 660 4564 vel
683 4509 746 4564 elici
768 4510 866 4580 possit.
902 4510 974 4575 Quis
988 4528 1052 4567 vero
1078 4510 1165 4580 gerit,
1183 4527 1215 4562 ec
1233 4526 1265 4564 eo
1282 4510 1425 4578 consequi,
1443 4511 1487 4564 oet
1505 4514 1581 4579 qnod
1598 4530 1653 4566 non
1671 4514 1708 4566 sit
1726 4516 1850 4568 aaran
1865 4532 1915 4570 no·

88 4609 127 4650 ιιι
88 4566 189 4650 lmist
215 4599 375 4669 scriptores
372 4594 581 4659 ecclesiastici,
609 4602 665 4650 ιιιιι
687 4600 795 4651 ueteres
816 4613 900 4666 quam
918 4598 1051 4652 recentio-
1077 4604 1206 4650 terarum
1223 4597 1291 4649 nnio
1307 4595 1475 4664 personalis,
1493 4599 1545 4650 sed
1559 4599 1638 4650 nrsdo
1652 4605 1761 4654 tontum
1772 4601 1916 4671 παράστα-

87 4669 179 4752 iffi,
217 4701 278 4751 res,
274 4683 449 4754 frequenter
465 4687 582 4748 umntur
599 4681 649 4735 illa
667 4681 768 4736 altera:
791 4681 872 4750 panis
891 4688 933 4737 est
951 4698 1051 4753 corpus
1078 4701 1135 4746 on,-
1158 4682 1201 4736 vel
1225 4684 1302 4751 quod
1325 4682 1409 4735 diam
1431 4683 1461 4736 in
1479 4693 1655 4737 sememonto
1674 4686 1863 4742 emtorestine
1878 4689 1916 4744 sit

216 4768 333 4834 Christi
360 4769 424 4824 ideo
440 4767 697 4833 demonstrandum,
725 4781 817 4837 neque
835 4782 869 4821 ex
887 4765 940 4822 hac
955 4767 1051 4822 inferri
1074 4769 1234 4838 perseidis
1252 4770 1319 4823 unio
1335 4769 1422 4837 ponis
1438 4777 1464 4822 st
1480 4772 1617 4840 corpora
1653 4770 1709 4825 Sed
1728 4773 1828 4838 nescit,
1847 4775 1915 4846 quid

216 4872 299 4926 posse
325 4852 667 4909 ennunbsuntistionsn.
714 4852 845 4922 Superius
874 4850 902 4926 ξ.
930 4858 972 4910 94.
995 4870 1050 4908 mo
1076 4856 1213 4927 loquatur.
1252 4855 1369 4910 Collatia
1394 4855 1603 4910 similitudinem
1627 4856 1756 4927 requirit,
1782 4875 1840 4914 uon
1859 4876 1916 4915 om·

215 4943 339 5010 nmmos,
369 4958 468 5012 penem
494 4957 554 4995 esse
581 4956 614 4994 ac
638 4939 694 4994 dici
717 4954 817 5010 corpus
838 4937 940 4994 Christi
958 4956 1050 4995 sacra·
1076 4941 1217 4996 nimodam
1254 4940 1443 5011 identitatem,
1478 4941 1576 4996 modus
1612 4942 1794 5011 praedicandi
1828 4945 1916 5002 oritur

216 5027 373 5082 mentaliter
396 5025 449 5081 boc
473 5042 569 5093 sensu,
590 5025 665 5097 quod
683 5025 763 5096 panis
781 5024 818 5079 sit
831 5020 952 5097 ὄργανον
968 5045 1050 5099 μετα·
1076 5043 1110 5081 ex
1132 5026 1280 5081 identitate
1301 5026 1445 5097 generice,
1467 5042 1644 5098 nequaquam
1666 5042 1733 5082 rere
1755 5029 1915 5099 specifica

216 5112 339 5177 διιιιόι,
366 5112 522 5183 symbolum
538 5109 719 5166 exhibitivum
737 5117 766 5165 et
781 5105 888 5184 ὄχημα,
917 5128 972 5182 quo
991 5129 1050 5167 cor·
1076 5112 1251 5168 identitatem
1276 5113 1406 5182 postulat.
1450 5112 1522 5168 Tam
1549 5128 1616 5167 vere
1639 5113 1676 5168 de
1699 5129 1816 5184 corpore
1833 5133 1914 5186 prae-

215 5217 268 5271 pus
294 5198 398 5254 Christi
424 5197 692 5254 eommunicantibus
719 5197 893 5253 distribuitur
919 5204 949 5253 et
974 5216 1049 5254 man·
1076 5198 1199 5267 dicatur,
1225 5199 1301 5270 quod
1326 5199 1545 5267 sitammam,
1573 5215 1657 5269 quam
1676 5200 1752 5270 quod
1768 5202 1808 5255 sit
1825 5219 1914 5274 quan·

216 5286 374 5341 ducendum
405 5285 564 5356 exhibetur3
600 5285 651 5341 sed
679 5284 708 5338 id
738 5284 822 5339 latius
852 5283 1050 5340 declarandum
1075 5285 1277 5349 tumuerim
1294 5279 1389 5341 ιιιιιιοιΙ
1406 5285 1462 5340 alio
1480 5285 1562 5339 modo
1582 5285 1663 5339 unita
1681 5293 1747 5341 sunt
1765 5304 1868 5360 corpus
1884 5297 1915 5346 et

215 5378 329 5444 prepter
359 5371 538 5428 adsumtos.
587 5370 772 5427 Bellarminus
802 5368 855 5424 boc
888 5371 950 5426 loco
983 5372 1050 5427 satis
1075 5372 1182 5441 amma,
1214 5387 1298 5443 quam
1323 5387 1424 5442 corpus
1450 5377 1480 5424 et
1504 5371 1653 5441 quantitas.
1697 5371 1797 5427 Posset
1820 5383 1914 5432 nutem

146 5510 147 5514 ,
216 5457 379 5514 ιοιιιιιοιιοι
396 5457 506 5513 scribit:
525 5457 560 5512 st
576 5458 643 5512 liost
661 5457 1049 5527 aeporoundeatspmato
1075 5456 1205 5514 subtilius
1229 5462 1327 5513 οοιιιιι
1350 5456 1424 5513 luno
1443 5455 1620 5512 mundonem
1642 5457 1745 5528 aliquis
1767 5458 1915 5533 inanem
