4004 6022
240 125 301 199 200
735 124 745 143 ⁰
830 112 952 175 LOCUS
970 112 1175 173 vlcusmus
1191 111 1334 172 PRIMUS

241 277 288 329 tur
316 278 344 330 et
372 272 443 329 alius
473 287 539 326 usus
560 285 657 327 recens
683 269 720 325 ab
741 269 898 327 homiuibus
921 268 1087 339 institutae!
1095 270 1274 338 processione
1297 276 1324 323 et
1350 268 1619 338 drmmrpedatsbne,
1640 268 1699 324 sies
1720 268 1783 341 ι’ριι
1801 269 1835 324 id
1853 286 1931 324 man·

242 360 298 416 imo
319 376 336 415 a
354 355 522 413 mulierculis
541 355 682 426 proiectus
705 350 877 429 supponitur.
917 355 954 410 Et
971 326 1207 428 qualis-luascu,
1237 355 1295 409 sive
1324 372 1397 424 non,
1423 356 1549 426 probare
1575 363 1694 410 conutcu
1720 372 1754 409 ιι
1780 354 1878 410 Josaa
1905 356 1929 411 ii.

142 458 169 499 x
183 454 230 499 tot
223 463 351 518 cunque
380 444 416 498 eit
441 446 600 514 praetextus
626 441 715 497 bonae
742 441 900 497 intentionis
929 443 964 497 de
989 442 1072 496 hono·
1099 443 1125 497 2.
1145 443 1212 510 lieo.
1238 444 1263 497 6.
1290 449 1315 495 ιι
1343 446 1366 500 7.
1390 459 1426 495 ac
1452 444 1479 497 3.
1501 442 1569 511 llep
1593 459 1615 497 c
1634 446 1656 498 8
1700 440 1926 512 Respondemus.

243 532 332 589 rande
352 528 531 597 eucharistia,
553 545 661 599 semper
685 528 865 600 cogitandum
882 534 937 597 est,
959 530 1073 594 fnestra
1084 526 1234 619 generalis
1259 527 1356 600 regula
1377 533 1420 582 est
1446 527 1624 598 aliquoties
1616 545 1645 581 ιιι
1670 525 1821 598 scripturis
1843 526 1928 581 sacru

243 618 338 674 colunt
348 634 390 670 me
402 616 544 669 mandates
554 615 702 669 lominum
722 615 763 669 At
774 614 865 686 mqurt
874 614 1071 671 Bellarmrnus
1084 594 1253 683 proposita,
1279 613 1353 685 quod
1374 613 1577 686 itslotpqaeri
1579 634 1599 666 u
1619 613 1677 668 sine
1695 612 1781 668 verbo
1800 629 1833 668 ac
1853 631 1927 669 man

243 704 372 761 Facilius
392 702 503 754 discum
523 701 655 754 rudiores
673 701 1073 770 etrstiuentmysterioincar-
1099 698 1164 753 dato
1183 698 1235 753 Dei
1256 699 1427 769 susceptae
1420 699 1473 770 rpsi
1491 716 1545 754 non
1562 699 1699 770 placeant,
1716 699 1846 769 Dent-4,
1867 707 1926 759 ι.2

243 789 364 847 naumis
377 788 504 857 Deretini,
516 787 904 857 prosternemur-rectiones,
917 788 1073 841 aslsceusio·
1099 800 1123 840 c.
1147 790 1192 850 12,
1214 803 1239 838 v.
1258 790 1298 841 32.
1318 785 1399 841 Num.
1421 790 1465 854 15,
1488 801 1514 842 ι.
1533 790 1575 841 39.
1597 783 1671 844 Enni.
1693 793 1719 851 1,
1737 805 1762 841 r.
1786 791 1826 842 12.
1846 804 1870 843 c.
1889 793 1928 851 29,

243 877 288 933 ιιι
310 884 336 931 et
357 874 463 929 dmdio
483 890 516 926 cu
533 873 716 927 celebratione
732 874 877 942 festomrm,
896 890 966 942 quoae
981 874 1072 941 sinqu-
1099 889 1125 926 ι.
1148 876 1186 927 13.
1217 870 1319 926 Ειιι1ι.
1336 877 1382 939 20,
1402 888 1427 924 ι.
1448 876 1487 930 13.
1512 871 1609 929 Matth.
1631 878 1675 941 15,
1698 890 1724 927 r.
1743 877 1768 930 9.
1788 872 1869 929 Rom.
1891 880 1926 941 ll,

241 964 280 1019 tis
297 963 380 1017 annes
398 968 555 1028 recurrunt,
578 977 660 1029 quam
676 976 708 1013 cu
726 959 806 1012 libris
823 959 866 1013 uel
883 960 1074 1030 concionibus,-
1099 975 1126 1014 ι.
1146 962 1186 1012 23.
1219 956 1321 1013 Οοίοιι.
1341 964 1370 1023 2,
1394 976 1418 1012 v.
1445 962 1484 1014 18.
1503 965 1556 1016 etc.
1591 958 1663 1017 hanc
1684 959 1812 1031 regulum
1836 960 1925 1016 deols·

239 1049 312 1121 pori
330 1048 439 1103 ratione
458 1044 557 1100 molius
569 1046 681 1099 discunt
692 1046 831 1114 rudiores,
846 1045 875 1097 in
889 1044 1073 1098 mmlarmtiac
1100 1049 1143 1098 rat
1160 1042 1334 1098 Chemnicius
1354 1044 1478 1116 exemplo
1495 1062 1590 1111 meae,
1608 1045 1638 1101 in
1656 1053 1747 1102 castra
1763 1046 1802 1103 ab
1819 1047 1927 1104 Israili-

241 1143 416 1191 sacrumento
429 1146 493 1187 uere
506 1149 565 1186 csse
575 1130 715 1186 cbristum
727 1138 904 1200 praesentem
916 1138 943 1184 et
951 1131 1072 1201 proinde
1100 1128 1135 1182 tis
1159 1130 1217 1184 sine
1239 1129 1323 1185 verbo
1348 1137 1376 1185 et
1392 1131 1522 1187 mandato
1539 1132 1593 1188 Dei
1611 1131 1715 1188 infelici
1733 1150 1865 1189 successu
1882 1134 1934 1188 ad-

239 1222 349 1289 falsam
367 1236 424 1274 esee
436 1219 639 1273 baereticorum
652 1218 818 1287 doctrinam,
837 1218 993 1287 republica
1004 1217 1073 1270 ado·
1101 1215 1208 1284 ductae,
1229 1221 1250 1270 1.
1272 1216 1344 1270 Sam.
1356 1223 1381 1273 4.
1407 1216 1537 1283 Quemvis
1549 1235 1613 1275 vero
1631 1236 1686 1274 non
1704 1219 1795 1275 solum
1815 1228 1927 1276 temera-

241 1308 351 1365 ratione
377 1307 461 1362 totius
485 1305 618 1358 ecclcsiae
639 1312 664 1358 et
686 1304 790 1359 bonore
815 1304 866 1359 illo
884 1304 1000 1373 emutio,
1026 1302 1075 1372 qni
1099 1301 1170 1356 rium
1188 1300 1258 1355 illud
1274 1307 1302 1357 et
1320 1300 1450 1357 stolidum
1469 1303 1621 1375 consilium,
1638 1306 1712 1377 quod
1731 1311 1843 1379 praeter
1855 1325 1929 1362 mau-

242 1394 307 1449 buic
324 1400 498 1450 sacramento
518 1391 664 1455 cohibetur,
684 1408 767 1461 msam
781 1407 813 1444 ce
826 1391 923 1444 multis
934 1391 1073 1445 concioni·
1100 1388 1196 1441 datum
1214 1404 1247 1441 ac
1266 1388 1472 1458 promissionem
1491 1406 1582 1444 arcam
1602 1390 1713 1445 Domini
1733 1391 1761 1446 in
1778 1401 1871 1448 castra
1884 1392 1929 1448 ad-

243 1480 300 1539 buc.
334 1479 558 1552 Respondemus:
581 1475 635 1532 boc
657 1494 723 1532 vero
740 1483 783 1532 est
800 1493 831 1531 os
852 1477 880 1531 in
901 1477 1007 1531 coelum
1025 1493 1072 1547 po-
1101 1473 1219 1542 ducunt,
1236 1473 1285 1529 sed
1302 1474 1384 1529 etiam
1401 1476 1493 1546 priora
1511 1476 1629 1547 scelera,
1649 1476 1684 1531 dc
1704 1477 1807 1549 quibus
1827 1479 1929 1534 nullam

243 1583 309 1623 nere
333 1571 361 1621 ct
380 1566 610 1635 ιθειοιρησκειας
627 1580 661 1618 ac
677 1562 798 1618 ludicras
817 1566 984 1618 ceremonias
996 1578 1073 1632 prae·
1101 1557 1222 1630 agebant
1248 1559 1458 1630 poeniteutiam,
1488 1561 1560 1615 cladi
1585 1561 1630 1617 isti
1655 1579 1767 1617 causam
1791 1565 1936 1633 decertum

244 1651 377 1709 dicationi
401 1650 478 1706 verbi
502 1650 592 1705 medio
609 1648 742 1703 divinitus
759 1648 909 1703 constituto
928 1648 1073 1704 anteferre.
1100 1649 1191 1699 tamen
1211 1645 1327 1701 inclusio
1345 1645 1427 1700 unius
1444 1664 1499 1701 non
1517 1652 1559 1702 est
1571 1647 1690 1703 exclusio
1701 1648 1828 1715 alterius,
1847 1658 1930 1723 atquc

244 1738 362 1807 Quando
376 1737 561 1793 Bellarminus
578 1735 630 1791 hoc
648 1736 708 1790 loco
722 1736 826 1804 asserit,
845 1752 879 1790 ex
890 1734 1074 1791 celebratione
1100 1730 1242 1787 Ismenus
1259 1732 1362 1804 duplici
1374 1733 1483 1789 nomine
1499 1735 1582 1791 stulte
1596 1741 1720 1806 egerunt,
1739 1737 1815 1807 quod
1826 1737 1929 1793 nullam

244 1824 392 1893 fastorum,
410 1840 482 1896 quae
501 1821 617 1895 singulis
636 1822 714 1876 aunis
732 1826 885 1886 recurrunt,
902 1821 1013 1877 facilius
1029 1839 1073 1876 ru·
1100 1815 1207 1872 faciunt
1229 1819 1395 1874 mentionem
1413 1818 1449 1875 de
1467 1837 1532 1875 vcra
1550 1820 1739 1890 resipiscentia
1757 1822 1794 1876 ab
1816 1822 1928 1878 idclola·

245 1911 335 1967 diores
353 1911 458 1966 discere
474 1916 503 1965 et
519 1908 637 1964 retinere
654 1908 787 1979 mysteria
804 1907 999 1963 incarnationis
1019 1907 1073 1963 Do·
1101 1904 1155 1959 tria
1185 1922 1218 1960 ac
1241 1905 1403 1976 sceleribus,
1431 1911 1515 1977 atque
1539 1905 1648 1962 iuterim
1676 1907 1729 1962 sibi
1752 1909 1929 1981 persuadent,

245 1997 321 2065 mini,
340 1995 485 2069 passionis,
505 1995 720 2063 resumectionis,
732 1995 917 2051 adscensionis
929 2001 958 2051 et
969 1995 1075 2059 similia,
1102 2009 1164 2047 cum
1182 2009 1273 2047 arcam
1291 1993 1320 2048 in
1339 1999 1431 2049 ιιιιιι
1448 1994 1622 2065 adduxerint,
1641 2013 1670 2051 se
1684 1993 1829 2052 babituros
1840 1996 1928 2054 Deum

246 2102 329 2159 quam
348 2101 381 2139 ex
400 2081 479 2138 libris
496 2081 542 2137 vel
561 2080 752 2151 concionibus,
771 2089 829 2137 tum
847 2099 902 2136 non
918 2086 1011 2152 potest
1027 2099 1076 2152 per
1103 2079 1138 2133 nd
1172 2079 1303 2135 auxilium
1333 2081 1592 2152 praesentissimum.
1638 2081 1929 2157 circumgestationem

246 2169 460 2227 celebrationem
474 2166 608 2223 festorum
621 2166 775 2239 intelligere
789 2167 933 2223 conciones
947 2185 980 2224 ex
991 2167 1075 2222 verbo
1103 2182 1182 2220 arcae
1200 2165 1259 2222 sinc
1277 2166 1361 2222 verbo
1381 2175 1537 2238 susceptam
1554 2168 1615 2224 Deo
1631 2167 1776 2240 placuisse,
1796 2187 1852 2226 non
1870 2187 1930 2226 con·

244 2254 313 2322 Dei,
339 2272 411 2328 quae
436 2255 465 2308 in
489 2253 568 2309 sestis
592 2253 647 2308 illis
671 2253 870 2310 solennioribus
889 2255 925 2309 ad
943 2254 1075 2325 popnlmn
1103 2250 1234 2309 cedimus.
1277 2252 1365 2309 desua
1389 2258 1413 2309 e.
1436 2260 1526 2309 exstat
1553 2253 1684 2311 disertum
1708 2255 1870 2312 mandatum
1898 2257 1930 2313 dc

246 2342 403 2412 habentur,
421 2359 476 2414 quo
493 2341 548 2396 fine
567 2341 595 2396 in
614 2341 715 2397 nostris
734 2341 859 2398 ecclesiis
878 2341 949 2397 fests
966 2340 1016 2396 illa
1033 2358 1075 2396 ce·
1102 2354 1168 2393 arca
1184 2340 1431 2413 circumgestanda.
1467 2339 1546 2406 Quod
1563 2340 1654 2396 David
1674 2348 1697 2397 2.
1713 2341 1786 2399 Sam.
1806 2349 1831 2402 6.
1844 2350 1872 2399 et
1884 2345 1929 2398 Sa·
1942 2346 1964 2388 1„

243 2428 403 2498 lebrantur,
427 2428 456 2482 id
476 2427 548 2482 enim
566 2446 621 2483 uon
638 2428 724 2484 ferret
742 2427 893 2501 oppositio,
912 2445 995 2501 quam
1013 2444 1076 2482 con·
1101 2425 1194 2480 lomon
1219 2433 1241 2482 1.
1262 2426 1332 2498 ch.
1353 2432 1376 2482 8.
1402 2443 1493 2482 arcam
1514 2427 1624 2482 Domini
1643 2427 1865 2502 Hierosolymam
1886 2431 1930 2487 de·

245 2514 337 2571 stituit
368 2515 439 2569 inter
469 2513 684 2570 celebrationem
711 2516 845 2570 festorum
872 2521 901 2570 et
922 2513 1076 2581 conciones,
1102 2512 1207 2581 portari
1226 2517 1370 2578 curarunt,
1396 2512 1425 2567 id
1441 2512 1536 2568 itidem
1553 2534 1608 2569 non
1626 2514 1752 2571 iecerunt
1768 2516 1829 2570 sinc
1845 2516 1929 2571 verbo

246 2600 379 2674 intelligit
396 2599 482 2672 igitur
503 2605 630 2656 externas
647 2605 755 2656 tantum
779 2607 807 2656 et
825 2600 986 2674 plerumque
1005 2599 1077 2655 ludi·
1104 2603 1133 2651 et
1154 2598 1284 2653 mandato
1304 2598 1365 2654 Dei
1399 2598 1471 2655 Nam
1499 2606 1519 2654 1.
1542 2606 1657 2673 uterque
1681 2599 1734 2657 fuit
1752 2601 1853 2673 spiritu
1870 2620 1930 2673 pro·

247 2703 308 2744 cras
338 2685 401 2742 illas
434 2686 603 2741 ceremonias
632 2685 660 2740 in
691 2693 797 2758 papatu
833 2688 860 2741 in
894 2686 1077 2744 celebratione
1103 2683 1213 2753 phetico
1235 2683 1364 2756 insignis3
1388 2689 1411 2739 2.
1430 2691 1546 2756 uterque
1570 2687 1599 2741 in
1618 2686 1702 2743 rebus
1719 2687 1802 2743 etiam
1819 2689 1931 2745 minoris

246 2772 380 2831 festorum
407 2772 515 2827 illorum
533 2771 649 2827 usitatas
667 2780 695 2830 ct
713 2773 800 2829 cuivis
818 2791 851 2830 cx
868 2774 980 2844 publica
998 2773 1076 2845 praxi
1103 2769 1234 2825 momenti
1253 2787 1283 2826 os
1305 2769 1417 2825 Domini
1428 2771 1581 2840 consuluit3
1599 2778 1623 2829 3.
1635 2773 1745 2847 utrique
1756 2781 1852 2831 notum
1865 2782 1932 2840 erat,

247 2864 341 2930 nobs,
371 2877 404 2916 ex
432 2857 533 2931 quibus
558 2858 668 2914 facilius
691 2859 759 2915 disci
786 2865 814 2917 et
836 2859 941 2915 firmins
965 2858 1077 2916 retineri
1103 2856 1194 2913 cultus
1213 2857 1271 2912 sine
1284 2856 1368 2913 verbo
1387 2858 1667 2928 susceptoeDeonon
1678 2859 1803 2932 placere3
1824 2869 1934 2920 t-utcr·

248 2945 386 3004 existimat
413 2945 546 3018 mysteria
571 2945 782 3015 incarnationis,
812 2947 961 3017 passionis,
988 2966 1076 3003 resur·
1104 2960 1158 3016 que
1174 2942 1227 2999 sibi
1241 2943 1355 3000 alaterc
1367 2943 1513 3014 adjunctos
1526 2944 1648 3001 babebat
1659 2946 1813 3003 mcerdotes
1826 2948 1933 3004 Natho

245 3031 389 3097 rectionis,
407 3031 609 3101 adscensionis,
630 3049 713 3105 qnam
732 3050 765 3089 cx
782 3033 860 3089 libris
877 3034 921 3089 vel
941 3034 1075 3089 concioni·
1103 3048 1180 3100 nem,
1206 3029 1355 3101 Abjathsr,
1383 3030 1522 3086 Zadocnm
1548 3044 1598 3085 etc.
1631 3046 1680 3102 per
1708 3050 1777 3108 qnos
1808 3036 1933 3092 volunta·

244 3118 306 3179 bns.
347 3118 418 3175 Item
441 3134 535 3173 rernm
560 3119 681 3188 corporis
704 3124 732 3173 et
755 3119 897 3191 sanguinis
926 3119 1027 3174 Christi
1047 3120 1075 3175 in
1103 3123 1158 3173 tem
1183 3116 1235 3173 Dei
1264 3116 1405 3189 explorare
1432 3122 1595 3190 potuerunt,
1625 3125 1648 3175 5.
1676 3127 1793 3193 uterque
1817 3130 1934 3179 noverat

245 3224 324 3264 sacra
342 3223 427 3262 coena
445 3205 629 3277 praesentium
648 3223 681 3260 ex
702 3204 838 3261 theatrice
857 3205 1074 3279 circumgeetsti-
1102 3204 1323 3276 Hierosolymam
1336 3223 1353 3260 a
1365 3204 1425 3260 Deo
1437 3206 1561 3270 electam,
1579 3212 1610 3261 ut
1622 3223 1685 3261 arca
1696 3206 1814 3263 foederis
1827 3208 1933 3265 ibidem

245 3312 298 3352 one
324 3299 388 3365 post
404 3292 511 3364 aliquot
527 3290 622 3346 secula
641 3292 750 3346 demum
769 3292 797 3346 in
818 3292 935 3349 ecclesia
952 3294 1073 3349 introdu·
1101 3290 1281 3347 collocaretur
1310 3288 1393 3346 Deut.
1430 3296 1475 3354 12,
1501 3309 1526 3347 v.
1556 3298 1580 3346 5.
1607 3292 1708 3347 Psalm.
1740 3298 1800 3363 132,
1830 3312 1857 3352 ι.
1882 3301 1933 3365 ¹33

245 3386 291 3436 cla
314 3386 342 3435 et
361 3378 397 3434 ab
416 3396 468 3432 usu
488 3393 506 3432 a
524 3377 632 3433 Christo
651 3378 777 3434 instituto
794 3380 877 3450 plane
895 3379 1003 3435 diversa
1019 3399 1074 3438 me·
1102 3384 1124 3432 6.
1150 3375 1225 3449 quod
1251 3376 1279 3430 in
1308 3377 1401 3447 specie
1427 3377 1526 3433 attinet
1557 3377 1776 3447 deportationem
1807 3397 1890 3436 arcae
1914 3399 1932 3437 a

245 3464 300 3520 lius
324 3465 394 3519 disci
413 3470 441 3519 et
457 3462 659 3518 baereticorum
677 3466 847 3535 corruptelas
864 3466 962 3521 toruus
981 3467 1074 3538 profli·
1100 3464 1208 3519 Doride
1228 3470 1400 3534 susceptam,
1425 3480 1458 3519 ea
1479 3464 1518 3518 sic
1536 3463 1702 3521 describitur
1730 3472 1751 3521 l.
1775 3467 1870 3527 Paral.
1893 3476 1931 3534 13,

245 3549 307 3625 peri
318 3554 407 3621 putat,
426 3566 509 3621 quam
527 3566 560 3603 ex
578 3549 757 3604 concionibus
771 3551 852 3620 juxta
864 3568 986 3607 normam
998 3554 1073 3608 vcrbi
1101 3570 1126 3608 v.
1149 3557 1176 3607 t:
1203 3551 1274 3606 Iniit
1292 3550 1393 3604 Dauid
1414 3550 1560 3604 consilium
1579 3569 1639 3604 cum
1656 3553 1777 3607 triduanis
1796 3564 1821 3610 et
1839 3566 1931 3611 centu-

246 3635 335 3693 divini
359 3653 434 3692 more
456 3635 623 3707 apostolicae
649 3642 677 3691 et
701 3636 857 3707 primitivae
881 3639 1014 3695 ecclesiae
1039 3640 1074 3697 de
1101 3638 1226 3693 ricuino
1238 3645 1264 3691 ιι
1277 3635 1413 3692 uniuersis
1425 3637 1817 3709 princepibusIsrae'litorum,
1827 3661 1851 3697 r.
1864 3649 1933 3701 2:cs

245 3722 300 3779 hoc
330 3720 472 3777 doctrinae
505 3719 630 3777 coelestis
658 3721 749 3794 capite
774 3721 918 3792 institutis;
951 3725 981 3779 id
1009 3743 1074 3782 vero
1101 3727 1173 3780 dicit
1195 3726 1237 3778 ad
1261 3741 1367 3779 omnem
1393 3732 1499 3778 coctum
1517 3725 1626 3779 Israil:
1652 3726 1680 3778 si
1696 3727 1795 3797 placet
1812 3730 1888 3784 uobis
1906 3739 1934 3782 et

248 3824 330 3882 quam
356 3807 392 3863 sit
415 3814 621 3880 praeposterum
647 3813 675 3863 et
691 3808 852 3877 absurdum,
877 3810 994 3883 quilibet
1012 3828 1075 3867 vere
1101 3822 1140 3866 est
1160 3831 1178 3866 a
1198 3812 1379 3866 JelrooaDeo
1399 3819 1502 3877 nostro,
1521 3814 1662 3866 mittamus
1679 3814 1721 3866 ad
1731 3815 1847 3880 fratres
1866 3817 1933 3871 reli·

247 3895 311 3968 pius
326 3894 464 3967 intelligit.
493 3893 610 3949 Fatetur
621 3894 805 3950 Bellarminus
820 3895 866 3951 lib.
879 3904 902 3953 4.
919 3897 952 3952 de
967 3897 1075 3953 eucher.
1102 3917 1170 3969 qrsos
1194 3906 1220 3952 et
1244 3899 1285 3951 ad
1300 3897 1461 3951 scemdotes
1479 3905 1505 3949 et
1522 3899 1634 3951 Levites
1652 3904 1701 3953 etc.
1720 3908 1748 3952 nt
1766 3904 1936 3957 reducamus

246 3999 359 4037 sacram.
377 3997 402 4038 c.
421 3986 462 4037 30.
479 3981 559 4034 nulla
571 3981 692 4035 inueniri
702 3982 779 4047 festa
792 3983 820 4035 in
832 3984 868 4036 N.
888 3983 919 4040 Τ.
934 4002 953 4037 a
968 3985 1076 4039 otnero
1102 4003 1199 4039 arcam
1219 3984 1283 4038 Dei.
1318 3982 1361 4037 Ex
1378 3998 1432 4053 qno
1452 3990 1576 4053 apparet,
1593 3983 1731 4039 Doridem
1750 3988 1865 4043 consilio
1877 4006 1935 4044 non

211 4078 215 4085 '
245 4068 373 4123 instituta
396 4067 439 4122 vel
465 4068 621 4137 imperem,-
644 4066 725 4122 fateri
743 4067 828 4140 igitur
846 4074 972 4142 cogetur,
997 4086 1030 4125 ex
1047 4089 1076 4126 re
1102 4072 1190 4127 solum
1212 4071 1296 4125 totius
1320 4067 1432 4139 populi,
1458 4069 1506 4127 sed
1533 4070 1617 4125 etiam
1640 4070 1726 4140 ipsius
1747 4071 1801 4127 Dei
1825 4074 1855 4129 in
1880 4075 1936 4130 hac

246 4153 377 4227 quapiam
400 4152 546 4208 schriuo
563 4171 614 4208 nec
632 4153 773 4223 instituta,
799 4172 850 4210 nec
870 4155 1004 4226 imperata
1024 4175 1077 4213 me·
1102 4156 1290 4226 deportatione
1307 4172 1396 4210 usum.
1422 4155 1465 4210 Ac
1481 4154 1569 4225 probe
1584 4157 1744 4225 notandum,
1762 4175 1825 4213 cum
1839 4159 1936 4217 David

246 4238 301 4296 lius
319 4238 423 4311 percipi
442 4239 537 4293 divina
553 4239 692 4310 mysteria,
713 4258 796 4312 quam
814 4257 848 4296 en
866 4241 920 4296 Dei
939 4244 1030 4299 verbo.
1101 4243 1331 4315 praetermitteret
1349 4241 1547 4299 ordinationem
1563 4243 1685 4300 divinam
1697 4244 1778 4302 Num.
1789 4252 1814 4312 t,
1824 4265 1848 4299 r.
1863 4254 1889 4305 5.
1904 4256 1935 4304 et

118 4341 234 4395 emspcto
283 4329 342 4385 2113.
361 4324 501 4381 Historiae
517 4325 553 4380 de
566 4342 631 4380 orca
649 4325 793 4381 foederis'
786 4345 814 4380 ιιι
831 4334 921 4382 casua
939 4329 975 4385 ab
989 4327 1076 4384 Israb-
1102 4345 1179 4401 seqq.
1199 4329 1233 4385 de
1253 4346 1318 4384 arca
1336 4327 1460 4385 involuta
1480 4329 1637 4386 levitarum
1656 4330 1775 4387 humeris
1795 4336 1936 4404 portanda

118 4393 226 4486 ffffl
247 4410 304 4469 litis
330 4412 403 4468 bona
426 4410 577 4466 intentione
597 4416 708 4482 praeter
726 4413 886 4468 mandatum
903 4414 957 4469 Dei
978 4415 1076 4486 deleta,
1102 4431 1216 4488 eamque
1235 4414 1382 4485 plaustro
1374 4424 1534 4488 imponeret,
1552 4417 1626 4489 quod
1645 4417 1721 4473 Deus
1737 4418 1834 4475 hanc
1826 4424 1935 4495 incogi-

119 4497 163 4537 Ψ
150 4506 230 4539 ”¹¹⁰⁸
249 4515 332 4573 quam
352 4496 505 4554 collationis
523 4498 614 4569 gratia
633 4496 809 4553 Chemuicius
830 4501 997 4568 adduxerat,
1025 4501 1077 4557 boc
1101 4501 1214 4558 tandem
1234 4501 1312 4572 gravi
1333 4518 1399 4557 casu
1412 4501 1497 4559 Ociae
1516 4503 1663 4574 puniverit,
1681 4504 1746 4559 inde
1765 4513 1865 4576 postea
1876 4508 1935 4564 Da-

119 4552 198 4648 :iis-⁸
248 4585 369 4643 obvertit
392 4583 588 4639 Bellarmiuus:
616 4584 737 4638 Causam
756 4586 894 4640 malorum
914 4605 969 4639 nou
980 4587 1077 4654 fuisse
1101 4586 1735 4656 videautiorfactuedirit1.Pnral15,r
1752 4597 1781 4648 2:
1805 4595 1873 4649 Non
1894 4607 1936 4651 cst

119 4655 201 4695 '⁸⁸⁸⁸'
247 4671 446 4727 adductionem
463 4689 548 4725 arcas
566 4672 607 4724 ad
623 4679 724 4735 castra,
743 4673 795 4725 sed
809 4673 969 4742 praeterita
984 4674 1074 4727 Ιιιιιι-
1100 4675 1157 4741 fos,
1177 4681 1208 4726 ut
1222 4682 1349 4743 portetur
1368 4695 1436 4731 arco
1452 4677 1511 4731 Dei
1526 4696 1544 4730 a
1564 4693 1702 4748 quoquam
1720 4678 1936 4751 nmiaLeuite's,

245 4758 359 4814 mrum
373 4764 507 4827 peccata,
536 4766 561 4811 et
576 4759 730 4829 praeceptae
747 4761 923 4814 sacerdotum
939 4758 1033 4828 Opbuc'
1051 4766 1075 4812 ct
1101 4776 1168 4828 qrsos
1186 4761 1269 4829 clepit
1287 4764 1427 4820 Dominus
1447 4767 1487 4819 od
1496 4767 1669 4834 portandum
1686 4781 1748 4818 eam
1766 4773 1791 4820 et
1810 4769 1935 4823 admini-

244 4843 377 4913 Pltineas,
397 4844 521 4910 filiorum
541 4844 600 4907 Eli,
622 4842 726 4915 LReg.
739 4849 764 4901 2.
780 4849 808 4900 ct
824 4849 846 4901 3.
866 4864 931 4899 nam
948 4845 1074 4915 alioquin
1099 4849 1246 4901 strandum
1264 4849 1334 4918 sicq-
1353 4869 1377 4908 v.
1399 4858 1444 4908 11:
1464 4851 1572 4904 uocauit
1589 4852 1683 4922 itaque
1704 4853 1814 4920 Dooid,
1835 4854 1935 4911 Sudoc

244 4948 314 4985 arca
326 4931 387 4997 fait
405 4931 434 4984 in
455 4930 565 4994 castros,
586 4931 699 4999 quando
717 4931 852 4999 inciperem
867 4932 1013 4987 uictoriam
1030 4935 1073 4985 ιι·
1099 4942 1125 4988 et
1149 4934 1289 4989 Abr‘atlrar
1312 4947 1338 4991 et
1362 4937 1488 5003 Lenitur,
1513 4951 1539 4989 v.
1567 4943 1612 4993 12:
1639 4939 1765 5009 uisuque
1789 4941 1846 4994 cis:
1879 4943 1935 4998 Vos

243 5014 310 5068 tulit
334 5015 408 5070 Saul
444 5020 465 5072 1.
485 5014 556 5086 ch.
583 5020 621 5069 lt.
641 5021 667 5067 ιι
691 5018 805 5084 quando
831 5017 907 5071 Joab
931 5018 1075 5088 susperaor't
1100 5023 1164 5076 estis
1183 5022 1279 5091 cupita
1296 5025 1475 5088 familiarum
1492 5022 1692 5094 Leuiticarum,
1716 5028 1938 5091 sanctificamini

243 5100 319 5163 filios
337 5103 428 5158 Amen
447 5107 471 5159 2.
488 5101 557 5173 Reg.
579 5107 618 5157 11.
638 5109 662 5155 ιι
683 5119 744 5156 cum
755 5103 907 5158 Israelitac
927 5103 995 5159 oicti
1010 5114 1074 5160 suut
1099 5127 1159 5161 oum
1172 5109 1321 5176 fratribus
1339 5107 1437 5164 cestris
1455 5114 1479 5160 ιι
1493 5111 1597 5179 ιιιιῖιιιι
1616 5130 1714 5166 arcam
1734 5114 1854 5168 Domini
1873 5119 1936 5172 Dei

244 5185 279 5238 ab
295 5186 468 5252 Amalecs'tr's,
489 5188 638 5257 Scriptura
658 5192 824 5245 mouendum
839 5191 958 5263 putauit
975 5208 1073 5245 orcum
1098 5193 1192 5249 Israel
1210 5197 1251 5249 ad
1268 5194 1371 5263 locum,
1397 5191 1446 5262 qui
1464 5193 1492 5245 ci
1503 5204 1695 5265 praeparatus
1712 5206 1768 5263 est,
1792 5217 1840 5267 ne,
1861 5211 1892 5256 ut
1913 5223 1932 5257 a

244 5271 304 5324 Des·
319 5290 374 5325 uon
391 5275 481 5336 fuisse
498 5292 559 5329 cum
576 5275 645 5343 illis,
665 5277 944 5347 qru'proeliabantar.
967 5277 1072 5332 Placu-
1093 5282 1249 5351 principio,
1268 5281 1335 5351 quic
1352 5295 1416 5347 non·
1428 5279 1515 5332 cratis
1530 5291 1702 5351 praesentes,
1718 5288 1861 5353 percussu
1880 5308 1934 5343 nos

242 5354 297 5413 isse
314 5366 406 5415 autem
425 5362 488 5416 Deo
506 5361 636 5418 bonorem
654 5380 739 5419 αιιαι
759 5362 910 5436 impensum
923 5363 952 5418 in
963 5364 1074 5421 solenne·
1098 5369 1251 5436 Dominus,
1274 5366 1317 5421 sic
1340 5371 1365 5418 st
1388 5380 1459 5417 nuuc
1484 5368 1550 5437 fiat,
1573 5370 1639 5439 quio
1663 5388 1719 5425 non
1743 5374 1933 5445 commisimus
