4004 6022
211 296 272 355 588
548 302 551 307 '
780 282 904 342 Locus
920 279 1126 340 vlcusluns
1143 280 1343 340 SECUNDUS

210 443 241 497 in
256 442 501 510 doctrinavestra‚
520 458 591 510 guae
605 441 773 509 dupiniana
785 439 961 506 confessione
976 453 1046 490 cons·
1072 436 1189 490 Lutlseri
1212 453 1262 492 nec
1289 444 1438 490 acuuntur
1461 453 1536 504 sum,
1561 453 1610 490 nec
1622 436 1730 506 judea,
1752 452 1806 491 nec
1822 445 1914 506 patro

206 527 409 598 prehenditur,
435 544 491 596 per
516 526 577 580 Dei
605 526 729 594 pretium
755 525 846 579 uiuam
876 532 902 578 et
929 523 1046 577 moriar.
1072 541 1142 592 nus,·
1170 525 1205 576 dc
1230 525 1335 593 spiritu
1359 522 1479 578 bominis
1502 541 1558 578 non
1582 523 1674 577 ausim
1694 523 1852 593 judicare,
1878 534 1916 580 est

212 613 369 671 “Utricus
389 612 426 668 ab
443 612 552 668 Hntten
569 627 653 683 eques
673 612 876 676 cardinalibus,
893 611 1047 673 abbatibus,
1073 609 1144 662 enim
1169 609 1386 678 difficillimum,
1406 610 1576 678 praesertim
1597 610 1627 663 in
1646 618 1763 679 partem
1780 610 1914 680 pejorem

212 700 364 772 episcopis,
381 699 558 769 praepositis
584 707 610 753 et
633 699 762 752 uniuerso
788 699 965 752 sacerdotum
984 713 1046 750 con-
1073 702 1209 748 ettamen
1229 695 1463 763 siillisaoerem
1483 702 1513 747 ut
1536 695 1704 764 virobono,
1730 697 1812 766 prod
1825 699 1913 759 faten-

211 787 279 842 cilio
304 786 458 840 Lutlierum
487 793 513 839 et
545 783 672 838 ueritatis
702 802 737 838 ac
767 784 906 838 libertatis
930 800 1045 836 causam
1072 787 1117 832 tur
1135 788 1161 833 et
1179 781 1283 848 bostes,
1309 780 1337 834 si
1355 789 1385 833 ut
1404 799 1467 847 reo,
1488 782 1565 850 quod
1578 783 1692 851 juratis
1709 784 1797 836 etiam
1809 784 1913 851 judid-

210 874 292 942 apud
316 871 504 927 Wormaciam
528 888 601 924 nunc
623 870 852 941 impupnantibus
870 869 1044 938 resipiscere.
1073 865 1121 918 bus
1141 867 1308 936 permittunt
1335 866 1424 934 lepes,
1448 866 1476 920 si
1496 875 1528 921 ut
1549 885 1700 936 oppresso,
1727 871 1810 938 quod
1829 870 1913 923 dictet

215 958 304 1011 Video
326 975 375 1012 uos
397 975 452 1027 per
472 956 630 1026 potentiam
656 957 825 1026 aequitatem
844 955 1004 1026 opprimere
1020 962 1046 1008 et
1071 952 1246 1021 humanitas,
1271 952 1307 1005 ab
1330 953 1386 1016 tis,
1411 953 1461 1021 qui
1482 954 1615 1008 simulato
1634 963 1788 1024 praetextu
1811 956 1912 1010 dmots's

211 1045 288 1113 lepos
313 1043 479 1096 conculcare
500 1050 553 1098 etc.
581 1044 695 1112 quando
715 1042 875 1095 Martinam
893 1041 1045 1095 Lutlserum
1072 1039 1174 1092 animis
1191 1041 1309 1092 tendunt
1326 1041 1461 1094 moereas
1479 1042 1566 1094 bonas
1585 1041 1693 1111 literar,
1714 1058 1790 1110 quac
1804 1044 1912 1096 tandem

213 1129 350 1183 bominem
374 1129 434 1182 uita
458 1136 484 1182 et
510 1128 633 1181 moribus
657 1129 699 1181 sic
717 1129 884 1196 probatum,
909 1136 940 1181 ut
958 1144 992 1180 no
1010 1127 1046 1179 ob
1071 1133 1141 1180 esset
1162 1124 1285 1192 inuidia,
1316 1126 1399 1178 modo
1425 1142 1459 1178 ne
1493 1142 1534 1180 me
1568 1144 1670 1180 causae
1703 1129 1912 1182 admiscerent!

210 1215 332 1269 inimicis
360 1216 473 1283 quidem
499 1215 575 1267 robis
604 1215 786 1284 improbetur,
816 1214 1045 1283 praedicatorem
1071 1211 1229 1266 Fridericus
1247 1210 1381 1266 Saxoniae
1402 1211 1505 1267 elector
1523 1212 1639 1284 Sapiens
1667 1213 1763 1269 dictus
1784 1214 1911 1273 Coloniae

208 1301 337 1355 veritaris
372 1309 397 1354 et
430 1301 607 1369 euanpelicae
642 1301 788 1353 doctrinae
824 1301 1046 1369 dispensatorem
1071 1297 1217 1351 Erasmum
1241 1297 1278 1350 ad
1303 1314 1333 1351 se
1351 1297 1497 1352 accersivit
1516 1316 1548 1353 sc
1569 1299 1637 1370 quid
1656 1300 1692 1355 de
1709 1299 1840 1357 Lnthero
1856 1317 1911 1358 sen·

204 1387 405 1454 fidelissimum
434 1404 488 1456 per
519 1387 610 1439 scelus
639 1394 666 1441 ct
697 1385 871 1455 iniquitatem
902 1386 1001 1456 asflipi
1028 1403 1046 1439 a
1072 1384 1145 1448 tiret,
1166 1399 1200 1438 ex
1219 1382 1278 1453 ipso
1299 1383 1448 1454 quaesivit,
1469 1385 1611 1455 respoudit
1627 1384 1779 1455 Erasmus,
1801 1405 1910 1441 causam

211 1474 287 1527 uobis
325 1472 452 1527 lacerari
480 1480 506 1525 ct
536 1472 670 1541 conccrpi
696 1472 786 1526 video.
830 1470 950 1527 lohann.
985 1469 1046 1525 Cel·
1072 1469 1134 1521 odii
1149 1468 1229 1523 illius
1247 1469 1331 1522 sitam
1350 1470 1378 1521 in
1398 1486 1439 1537 eo,
1457 1472 1535 1538 quod
1551 1472 1692 1524 lutherus
1711 1474 1772 1526 duo
1792 1476 1910 1528 marimo

131 1603 136 1609 .
212 1558 296 1614 larius
325 1558 360 1613 de
387 1557 511 1613 Luthero
535 1557 631 1628 Lipsia
658 1573 730 1611 anno
759 1562 832 1613 1520.
859 1556 1000 1612 scribebat
1017 1556 1046 1609 in
1071 1555 1251 1608 commisisset
1270 1564 1389 1625 peccata
1413 1556 1569 1626 impetendo
1594 1557 1652 1610 suis
1673 1558 1911 1627 disputationibus

212 1643 285 1698 hunc
303 1657 428 1700 sensum:
452 1643 599 1697 Verissime
613 1643 686 1707 dico,
704 1645 781 1711 quod
791 1644 938 1697 Martinus
952 1651 1045 1696 noster
1071 1642 1269 1696 monaciscum
1291 1650 1400 1695 ventres
1425 1651 1450 1695 ct
1467 1644 1613 1712 pontificis
1633 1662 1787 1714 coronam,·
1813 1649 1910 1701 doctri·

211 1747 245 1784 ca
265 1732 328 1800 fide
353 1747 467 1783 samam
492 1730 670 1799 Scripturam
696 1737 811 1797 tractet,
841 1747 897 1799 gua
917 1730 1044 1798 palmam
1072 1746 1137 1780 nam
1156 1729 1269 1798 quidem
1287 1730 1377 1798 ipsius
1397 1747 1491 1782 veram
1511 1738 1536 1783 et
1559 1739 1665 1784 certam
1684 1748 1760 1796 esse,
1784 1735 1856 1788 uelle
1873 1742 1909 1788 to·

208 1818 335 1872 omnibus
363 1817 541 1870 aduersariis
566 1816 667 1880 Italis,
702 1815 821 1870 Graccis
847 1824 872 1870 et
903 1816 1044 1869 Hebraeis
1070 1830 1133 1866 men
1163 1822 1188 1867 et
1216 1824 1313 1884 optare
1339 1833 1383 1885 sc,
1412 1824 1440 1868 ut
1467 1817 1568 1885 stylum
1596 1826 1697 1872 contra
1730 1821 1910 1876 adversariae

209 1903 290 1972 lonpe
305 1902 477 1972 praeripiat.
508 1903 547 1956 Et
564 1902 629 1956 dico
649 1902 780 1971 amplius,
799 1902 945 1955 Martinus
963 1919 1043 1955 euan-
1069 1901 1272 1954 moderaretur.
1314 1900 1347 1954 In
1373 1902 1488 1957 eandem
1513 1904 1680 1959 seutentiam
1701 1906 1855 1976 scripserat
1877 1908 1910 1963 sd

208 1989 328 2058 celicam
346 1989 491 2043 ueritatem
510 1990 601 2059 mopis
619 1998 696 2042 amat
716 2006 750 2042 ac
766 2007 859 2042 omnes
874 1988 1042 2057 aduersarii,
1069 1985 1241 2041 Fridericum
1269 1987 1304 2041 ab
1334 1988 1394 2057 ipso
1418 1989 1560 2044 consultus
1582 1990 1667 2045 etism
1697 1994 1868 2047 Laurentius
1893 2013 1910 2049 s

208 2077 316 2144 scripta
339 2077 401 2145 ejus
421 2077 462 2129 ita
485 2077 555 2130 mibi
576 2078 705 2146 placent,
731 2093 803 2146 quoe
824 2077 974 2144 dilipcnter
993 2076 1042 2128 ba-
1070 2070 1191 2126 Bibrach
1214 2073 1360 2143 episcopus
1379 2073 1589 2145 Herbipolensis
1614 2076 1770 2148 singularis
1792 2080 1908 2148 pruden-

209 2169 303 2215 ctcnus
320 2162 422 2226 motui,
445 2171 475 2215 ut
493 2163 605 2215 abillis
622 2162 792 2216 lsaudullus
808 2180 890 2232 papa
907 2179 962 2231 me,
987 2180 1042 2216 nou
1068 2158 1124 2213 tiae
1141 2162 1170 2212 et
1188 2158 1354 2229 integritatis
1374 2159 1457 2216 laude
1476 2161 1505 2215 in
1524 2168 1583 2217 toto
1603 2162 1721 2233 imperio
1741 2165 1860 2221 celebria
1877 2183 1907 2222 ac

209 2247 370 2302 cardinalis
397 2256 447 2302 aut
473 2249 640 2316 monachus,
670 2249 870 2317 quantumlibet
895 2256 976 2302 atron
997 2249 1042 2314 sit,
1069 2244 1240 2315 subjecerat,
1266 2263 1295 2298 sc
1315 2247 1465 2300 multorum
1488 2250 1661 2303 eruditorum
1686 2250 1804 2317 judicia
1827 2270 1907 2321 super

209 2333 330 2387 auellere
343 2335 444 2403 possit.
480 2333 579 2389 Matth.
599 2333 762 2390 Schienerus
783 2335 865 2405 episc.
890 2340 918 2388 et
936 2334 1039 2388 cardin.
1068 2331 1120 2384 boc
1148 2331 1259 2399 necatio
1284 2334 1454 2400 srplorasse
1496 2333 1631 2388 Referunt
1659 2334 1770 2391 isthaec
1789 2336 1904 2393 Msnhus

211 2419 312 2476 Sedun.
339 2419 389 2473 ubi
411 2419 500 2489 primo
519 2419 621 2474 intuitu
638 2419 772 2474 nonnulla
791 2420 825 2475 de
843 2419 958 2476 Luthcri
976 2421 1041 2474 scri·
1069 2417 1098 2470 in
1134 2416 1278 2471 collectan.
1312 2416 1490 2474 Continuatie
1520 2417 1654 2485 Crantzii,
1687 2421 1850 2491 chytrseus
1880 2425 1905 2480 in

209 2506 266 2578 ptis
284 2506 368 2578 legit,
387 2506 480 2560 addit:
512 2506 689 2574 OLutbere,
708 2507 843 2575 Lutlierc,
866 2514 896 2559 tu
914 2522 983 2561 sone
1002 2523 1041 2559 se·
1068 2502 1162 2557 histor.
1183 2502 1256 2559 orbis
1275 2503 1381 2574 Arctoi,
1401 2512 1451 2560 etc.
1486 2506 1645 2561 ”Thomas
1664 2507 1779 2562 Draxus
1800 2510 1905 2583 Augias

208 2595 329 2648 cundum
347 2610 444 2646 nomen
462 2600 540 2645 tuum
560 2591 699 2646 Lutberus
716 2609 745 2645 es
763 2601 789 2645 et
800 2593 944 2662 limpidus.
963 2592 1040 2646 Idem
1068 2589 1097 2643 in
1123 2589 1249 2659 angelica
1272 2591 1490 2659 praemonitione
1514 2609 1542 2662 p.
1570 2597 1610 2646 33.
1649 2592 1809 2650 liutherum
1831 2603 1906 2651 voest

209 2679 292 2735 etism
315 2677 440 2741 cuidam,
469 2678 570 2749 quise
595 2695 658 2732 mox
684 2678 757 2733 bona
780 2694 853 2733 nova
872 2679 907 2734 de
927 2678 1043 2733 victoria
1068 2677 1158 2729 virum
1185 2677 1304 2730 manime
1328 2696 1427 2730 rarum
1452 2684 1479 2730 ct
1503 2680 1544 2731 od
1567 2680 1661 2733 orbem
1679 2688 1828 2735 terrarum
1846 2685 1905 2737 illu

208 2763 286 2819 Eccii
310 2771 407 2818 contra
431 2762 585 2818 Lutberum
611 2763 725 2834 Lipsiae
752 2764 919 2834 disputantis
944 2765 1042 2819 allatu·
1069 2762 1233 2815 minandum
1251 2763 1386 2816 divinitus
1403 2764 1524 2817 missum.
1560 2764 1662 2821 Petrus
1684 2765 1860 2823 Mosellanus
1881 2770 1906 2824 in

208 2868 269 2905 rum
290 2866 351 2905 esse
368 2849 556 2920 promittebat,
574 2850 702 2921 expedite
720 2850 874 2920 respondit:
905 2852 1040 2920 Disputat
1069 2848 1187 2917 epistola
1212 2848 1246 2903 de
1275 2849 1412 2921 cossoquio
1435 2849 1573 2921 Lipsiensi
1601 2852 1673 2908 iuter
1698 2853 1857 2911 Lutherum
1881 2862 1907 2912 et

209 2938 322 3005 Eccius,
342 2937 378 2989 ds
397 2954 451 3005 quo
470 2936 602 3004 uoluerit,
619 2936 759 2990 lutherus
778 2936 849 2990 nilsil
868 2936 926 2988 nesi
941 2938 1041 2990 verita·
1068 2934 1182 2989 Eccium
1208 2950 1280 2988 anno
1301 2942 1381 2991 1519:
1407 2936 1554 2991 Martinus
1571 2946 1684 2993 statura
1702 2948 1743 2994 est
1762 2943 1905 3007 mediocri,

211 3032 265 3079 tem
282 3023 398 3076 scribit!
415 3020 535 3077 Wolfius
553 3027 618 3078 tom.
633 3027 657 3078 2.
670 3039 696 3092 p.
712 3027 768 3079 181.
797 3021 935 3077 Henricus
952 3022 1041 3078 Phae·
1068 3038 1184 3090 corpore
1201 3021 1359 3091 macilento,
1378 3024 1454 3075 curis
1466 3025 1581 3093 pariter
1600 3033 1627 3079 et
1647 3028 1753 3081 studiis
1763 3029 1905 3096 cabareto,

207 3109 297 3166 nicius
317 3124 389 3163 anno
411 3113 484 3164 1522.
506 3107 640 3179 scriptum
660 3108 763 3178 edidit,
781 3108 811 3162 in
828 3125 882 3179 qno
900 3109 1041 3179 singulare
1067 3106 1108 3160 sic
1136 3113 1167 3159 ut
1191 3107 1313 3175 propius
1341 3109 1461 3161 intuenti
1487 3111 1581 3163 omnia
1604 3128 1698 3180 paene
1727 3131 1796 3168 ossa
1825 3116 1904 3170 liceat

209 3196 333 3252 Luthero
363 3193 549 3250 testimoninm
574 3193 707 3265 perhibet
732 3194 775 3248 his
800 3194 905 3249 verbis:
942 3198 1042 3250 Bonus
1068 3193 1262 3256 dinumerare,
1290 3200 1381 3246 aetate
1406 3193 1487 3246 uirili
1513 3196 1606 3249 adbuc
1632 3205 1658 3249 et
1685 3198 1815 3267 intepra,
1844 3218 1904 3256 soce

207 3282 272 3349 ille,
294 3281 362 3351 pius
383 3288 409 3333 et
427 3278 606 3333 Christianus
623 3282 712 3344 bomo,
730 3282 875 3334 Martinus
893 3283 1040 3347 Latiares,
1067 3287 1152 3332 amsla
1188 3286 1214 3331 ct
1250 3279 1341 3334 clara.
1395 3280 1536 3334 Doctrina
1571 3299 1637 3336 vero
1673 3292 1699 3336 et
1739 3285 1903 3356 Scripturas

207 3385 315 3421 summa
332 3384 384 3436 ope
403 3368 509 3433 nititur,
530 3374 560 3419 ut
581 3384 632 3420 nos
650 3384 664 3420 e
685 3368 845 3436 captivitate
864 3368 1040 3436 Babylonica
1067 3366 1188 3434 capnitio
1209 3366 1390 3420 admirabilis
1408 3384 1438 3419 cn
1455 3385 1495 3432 eo,
1511 3370 1583 3422 adso
1602 3378 1633 3422 ut
1651 3372 1748 3425 omnia
1760 3390 1859 3442 paene
1876 3375 1903 3427 in

208 3455 322 3523 rapiat,
344 3460 374 3506 at
393 3471 444 3507 nos
461 3452 539 3507 coeci
556 3471 649 3506 nemus
668 3461 693 3508 ct
707 3454 737 3507 in
754 3471 867 3508 carcerc
885 3472 947 3508 cum
964 3457 1040 3509 volu·
1067 3460 1212 3505 numerato
1243 3452 1352 3508 babeat.
1404 3452 1514 3508 Graece
1548 3463 1573 3508 et
1601 3457 1742 3511 Hebraico
1773 3461 1903 3514 hactenus

205 3547 285 3609 ptatc
301 3555 469 3609 permanere
489 3539 629 3608 uolumus,
655 3555 716 3592 cum
730 3540 827 3608 potius
848 3542 912 3594 Deo
930 3541 1041 3609 pratias
1068 3538 1185 3606 didicit,
1215 3545 1245 3591 ut
1273 3540 1308 3591 de
1335 3538 1610 3608 interpretationibus
1635 3543 1779 3611 iudicium
1807 3549 1902 3612 facere

208 3643 291 3692 apere
317 3626 491 3692 deberemus,
519 3633 549 3677 ut
574 3625 624 3694 qui
645 3626 724 3678 nobis
748 3626 819 3680 liunc
843 3626 918 3679 uolut
942 3627 1040 3680 Etiam
1062 3624 1164 3694 possit.
1207 3624 1267 3676 Nec
1291 3625 1369 3677 deest
1395 3624 1512 3678 dicendi
1533 3629 1667 3695 materia,
1691 3633 1820 3699 suppetit
1836 3634 1903 3686 enim

208 3712 347 3780 pandam
368 3710 475 3762 miserit
495 3711 525 3763 in
543 3712 683 3779 anqustiis
701 3712 813 3780 nostris,
828 3729 913 3764 orare
929 3714 1039 3766 debere-
1067 3728 1160 3764 rerum
1184 3716 1210 3763 et
1233 3710 1380 3764 amborum
1404 3713 1484 3779 sylva
1507 3713 1613 3784 inperia.
1658 3716 1755 3769 Porro
1785 3719 1817 3771 in
1843 3719 1903 3789 ipsa

210 3813 270 3849 mus
289 3795 476 3848 indesinenter
490 3814 545 3864 pro
560 3796 635 3849 tanti
649 3797 707 3849 uiri
723 3798 789 3860 usta,
802 3800 855 3850 sed
871 3800 973 3852 nedum
989 3799 1040 3853 boc
1066 3798 1125 3850 uita
1150 3806 1177 3850 et
1203 3797 1326 3849 moribus
1354 3797 1447 3852 ciuilis
1473 3807 1499 3852 et
1526 3801 1643 3868 facilis,
1670 3802 1744 3854 nibil
1773 3803 1903 3874 Sauum

210 3899 338 3952 apamue,
355 3881 436 3935 illum
453 3882 1041 3952 ctiamintcrficerecupimuseteccesalus
1065 3883 1137 3936 nibil
1160 3883 1375 3952 superciliorum
1396 3901 1468 3953 prae
1493 3901 1521 3938 se
1543 3887 1614 3950 fert,
1642 3887 1698 3940 imo
1715 3891 1841 3945 omnium
1859 3891 1902 3944 la

207 3976 304 4024 nostra
308 3967 502 4036 praeforibus
511 3975 559 4035 cst,
573 3975 664 4021 mnas
676 3969 746 4023 ostio
751 3969 896 4037 pessulum
906 3973 1040 4030 abdimus.
1066 3987 1164 4023 rarum
1183 3969 1320 4023 bominem
1339 3970 1405 4036 epit.
1444 3972 1481 4023 In
1497 3973 1690 4039 congressibus
1706 3976 1846 4042 festivita,
1858 3978 1902 4047 ja-

211 4053 589 4112 chceslausRosdialovin.
602 4055 868 4127 praepos.Pragcns.
883 4058 962 4125 dixit,
975 4060 1041 4129 Spi-
1067 4057 1188 4124 candus,
1220 4055 1327 4109 alacris
1358 4064 1384 4109 ct
1414 4072 1542 4124 securus,
1572 4059 1673 4127 ubique
1697 4077 1811 4129 semper
1828 4065 1902 4118 heta

209 4143 293 4196 ritum
314 4142 420 4196 tisristi
430 4158 488 4210 per
503 4142 656 4194 Lutlscrum
671 4142 700 4194 in
717 4143 837 4196 ecclesio
856 4147 978 4212 operari.
1003 4146 1040 4200 Et
1065 4144 1142 4208 facie
1158 4144 1279 4210 florens,
1305 4145 1480 4212 quantumuis
1501 4146 1611 4200 atrocia
1635 4147 1837 4204 comminentur
1855 4153 1902 4205 ad·

207 4227 236 4283 in
248 4226 335 4282 literis
347 4227 384 4280 ad
397 4226 489 4297 ipsum
500 4226 631 4281 habetur:
654 4226 735 4288 Quod
746 4229 775 4281 in
787 4229 924 4282 Bobemia
933 4232 1038 4284 Jolson.
1064 4230 1193 4296 versarii,
1213 4236 1243 4282 ut
1259 4230 1339 4283 baud
1354 4230 1443 4294 facilc
1457 4233 1567 4300 medas,
1585 4232 1724 4287 hominem
1735 4242 1797 4288 tom
1811 4239 1903 4291 ardua

207 4313 338 4379 Hicesius,
357 4314 391 4366 id
408 4327 437 4365 es
455 4319 485 4364 tu
498 4313 627 4366 Martiae
644 4313 674 4366 in
688 4313 821 4369 Sasonis.
849 4317 942 4385 Pcrpe
958 4320 1040 4371 modo
1065 4315 1125 4369 sine
1145 4315 1256 4368 numine
1275 4316 1370 4370 diuino
1387 4317 1491 4370 moliri.
1528 4317 1587 4372 Sed
1604 4321 1681 4388 qssod
1698 4321 1727 4373 ei
1743 4322 1816 4377 uitio
1835 4325 1902 4378 dant

208 4399 238 4452 in
252 4398 385 4466 Domino,
396 4414 431 4451 ue
444 4398 560 4451 nimium
565 4399 648 4465 fidas
658 4399 822 4469 bominibus,
840 4418 874 4454 ne
886 4410 1001 4469 metuas,
1014 4404 1042 4456 si
1062 4401 1192 4469 plerique
1205 4418 1307 4466 omnes,
1327 4402 1356 4455 in
1370 4404 1601 4472 reprehendendo
1614 4406 1807 4475 impudentior
1814 4411 1902 4479 paulo

208 4492 233 4538 te
252 4484 362 4546 feriant
379 4484 565 4552 anathemate,
581 4486 658 4552 quod
671 4486 775 4540 occidit
792 4488 930 4556 apostolis
947 4495 972 4541 et
984 4489 1042 4558 ipsi
1066 4495 1092 4541 ct
1110 4489 1281 4554 mordacior,
1300 4506 1383 4557 quam
1399 4489 1443 4542 ael
1460 4497 1548 4543 tutum
1566 4491 1605 4543 sit
1620 4492 1656 4559 spi
1672 4489 1709 4544 sd
1726 4499 1795 4548 θεῖα
1812 4516 1901 4550 russo·

209 4569 330 4636 Christo,
350 4586 384 4623 nc
402 4569 521 4638 mireris,
539 4569 572 4622 id
592 4570 644 4623 tibi
661 4588 769 4640 quoquc
783 4573 955 4629 accidcrc.**
988 4574 1040 4628 Pa·
1066 4574 1206 4643 rsuosirrr,
1224 4574 1267 4628 vel
1287 4576 1418 4627 decorum
1437 4575 1543 4628 bomini
1559 4576 1697 4646 theolcpo,
1715 4583 1797 4647 quod
1810 4583 1901 4635 sitium

205 4655 260 4709 rati
299 4672 393 4710 sumus
425 4655 454 4709 iu
484 4655 611 4711 omnibus
642 4661 670 4711 et
700 4658 816 4729 singulis
848 4660 1041 4714 conniventis
1066 4661 1145 4712 baud
1160 4660 1219 4712 scio
1243 4678 1281 4711 an
1306 4677 1362 4712 non
1385 4677 1446 4713 cum
1471 4661 1597 4715 omnibus
1620 4660 1782 4734 ὀψιμαθέσι
1804 4668 1903 4722 babed

52 4790 57 4802 ,
86 4747 134 4789 xta
148 4745 192 4790 tlt.
205 4742 343 4813 quaedam
381 4741 504 4811 ipsorum
542 4741 762 4797 adversariorum
797 4744 955 4800 testimonia
989 4764 1040 4817 pro
1066 4762 1216 4799 commune.
1251 4747 1357 4801 Doctor
1380 4745 1583 4801 Mellsrstadius
1610 4747 1645 4803 de
1669 4747 1796 4806 liuthero
1820 4754 1900 4810 dixit:

205 4832 317 4882 nostrae
348 4827 502 4882 sententiae
530 4827 738 4883 confirmatione
766 4829 872 4885 afferre.
919 4831 1040 4886 iohanni
1067 4832 1209 4885 Attendite
1234 4832 1384 4899 ‹lilipenter
1405 4833 1597 4888 adolescentes
1615 4836 1753 4889 monacbis
1773 4840 1902 4908 Listliero,

204 4914 299 4970 Hnsso
324 4918 353 4968 et
374 4912 546 4983 Hieronymo
569 4915 704 4986 Pragensi
725 4916 848 4986 Poggius
864 4917 1040 4973 Florentinus
1068 4936 1098 4972 eo
1120 4919 1192 4970 enim
1215 4919 1327 4986 inperio
1345 4919 1499 4988 praeditus
1522 4927 1574 4988 est,
1602 4938 1656 4989 quo
1681 4938 1764 4976 acmo
1784 4926 1862 4979 alius
1880 4933 1903 4979 et

204 5001 234 5055 in
260 4999 341 5069 epist.
365 4998 402 5053 ad
425 4997 563 5054 Leonard.
608 5000 755 5055 Aretinnm
774 5002 906 5072 pietatis,
930 5005 1042 5058 uirtutis
1065 5007 1193 5073 projecto
1214 5003 1243 5056 in
1256 5005 1530 5071 praestantissimum
1547 5006 1637 5060 uirum
1655 5009 1761 5063 madet
1804 5009 1842 5065 D.
1860 5011 1902 5068 lo

205 5093 231 5140 et
250 5085 407 5155 patientiae
433 5085 605 5141 luculentum
629 5088 746 5157 praebet
767 5089 962 5145 testimonium.
998 5092 1043 5146 De
1067 5090 1130 5143 han.
1150 5088 1305 5159 Staupitius
1329 5090 1366 5143 ad
1386 5089 1540 5146 Lutherum
1567 5091 1669 5146 dixisse
1695 5093 1799 5149 fertur:
1826 5099 1903 5164 Eripe

204 5168 345 5240 Luthero,
364 5186 446 5241 quem
464 5170 595 5240 plaustris
612 5173 798 5228 conviciorum
815 5173 942 5231 lesuitae
960 5176 1042 5233 hodie
1066 5177 1106 5229 mi
1116 5177 1210 5238 frater
1222 5175 1357 5242 Martiae,
1376 5177 1428 5230 boc
1444 5177 1514 5230 miti
1530 5177 1685 5246 plurimum
1698 5181 1819 5251 arridet,
1833 5184 1904 5252 quod

204 5252 338 5324 obruunt,
363 5257 495 5312 Erasmus
513 5257 542 5311 in
561 5258 678 5328 epistola
697 5259 733 5313 ad
751 5261 905 5329 praesulem
924 5263 1042 5334 Mogun·
1067 5280 1121 5316 non
1140 5263 1170 5314 in
1185 5262 1317 5329 qratiam,
1336 5264 1389 5316 sed
1405 5263 1537 5317 bonorem
1548 5263 1615 5332 Dei,
1634 5266 1682 5318 cui
1699 5265 1822 5321 nimium
1839 5268 1904 5323 dari

203 5339 293 5402 finum
316 5340 355 5396 sic
380 5343 489 5398 scribit:
516 5342 602 5398 Illud
622 5344 718 5410 uideo,
741 5353 772 5399 ut
797 5347 914 5415 quisque
939 5358 979 5403 est
998 5351 1042 5403 vir
1066 5367 1122 5404 non
1136 5356 1239 5417 potest,
1256 5349 1350 5401 omnia
1368 5356 1419 5403 tua
1435 5350 1532 5404 studia
1549 5350 1660 5419 diripis.
1685 5350 1902 5427 Cynspangen·

204 5425 339 5498 optimnr,
362 5428 404 5481 ita
418 5428 535 5483 haberi
559 5429 676 5499 scriptis
693 5430 805 5485 minime
826 5434 940 5502 offendi.
976 5437 1041 5506 Epo
1067 5435 1189 5506 sergius.
1232 5432 1303 5491 eum
1328 5436 1357 5490 in
1384 5437 1503 5493 comitiis
1529 5437 1705 5509 Augustanis
1729 5456 1805 5497 anno
1834 5445 1901 5498 rtis.
