4004 6022
780 263 832 331 bb
850 267 1041 330 lloelrhllih.
1694 281 1754 339 iii

56 425 133 493 ithus
161 423 310 496 amba,
337 424 479 500 colh'gitur
504 443 538 484 er
567 427 745 498 persuasione
767 426 894 498 justitiae
921 433 1100 497 peecatorum
1116 432 1147 482 st
1161 427 1288 483 salutem.
1323 423 1502 483 Pharisaicus
1524 443 1601 484 error
1618 434 1693 490 esst,
1716 444 1757 482 sa

59 515 190 588 propriae
216 522 246 571 et
270 515 400 586 opinions
422 515 458 576 de
480 514 606 585 perlecta
630 514 701 587 legis
727 513 895 583 impiatione.
921 520 1064 570 orsmmts
1090 513 1224 582 prodesse
1247 530 1280 568 ex
1305 528 1387 583 opere
1408 521 1539 584 operam
1563 514 1639 569 unde
1656 512 1757 568 adda

57 601 95 661 ln
119 601 218 660 eodem
243 601 302 657 luto
325 599 486 656 Pontificios
505 600 618 659 haerere
636 599 703 657 alibi
723 599 892 656 demonstra·
921 599 1023 654 hannis
1041 597 1181 669 baptisma
1198 598 1258 654 sine
1277 600 1450 669 poenitentia
1468 607 1497 655 et
1513 599 1570 656 fids
1587 599 1758 656 accedebant

58 696 117 751 tar.
151 693 176 744 b
193 685 339 745 Pharisaei
364 685 573 750 existimabant,
598 691 739 742 externam
761 685 897 745 duntaxat
922 684 1021 740 ldattla
1042 690 1073 752 ³,
1095 702 1121 738 r.
1149 691 1171 739 1.
1207 684 1346 740 Pontificii
1372 686 1469 740 itidem
1491 692 1632 747 amant,
1660 703 1758 739 sama

60 775 284 845 quaemcunque
311 772 497 829 obedientiam
519 789 536 826 a
559 772 622 844 lege
641 771 757 842 requiri,
785 770 896 829 interio-
922 780 1014 824 neam
1035 788 1124 825 nonae
1147 773 1218 839 lepis
1245 773 1377 834 conferre
1398 772 1522 840 pretinm
1541 788 1577 825 ea
1591 789 1675 840 opera
1692 789 1757 841 ops*

59 876 119 914 rem
151 875 218 915 sero
252 858 469 914 inobedientiam
505 865 533 913 et
565 872 712 927 pravorum
744 855 896 912 affectuum
922 865 987 910 rato
1013 857 1073 910 sine
1101 857 1172 911 bono
1199 866 1275 911 mota
1299 859 1410 911 utenda
1458 864 1497 913 11.
1519 856 1662 913 Pharisaei
1686 864 1758 912 uste

59 943 178 1007 irritas
196 945 233 1000 ab
252 961 286 1000 ea
303 943 518 1015 haudquaquam
539 943 627 1014 argui,
648 941 747 998 liatth.
768 949 792 1009 b,
808 960 835 999 v.
854 947 895 997 11.
922 941 1046 1012 iosepho
1064 941 1113 998 lib.
1133 949 1172 998 11.
1192 944 1278 1014 antiq.
1299 959 1323 998 c.
1343 950 1367 998 3.
1385 944 1498 1012 sepibus
1521 944 1623 1007 infesti
1634 944 1758 1010 fraenant

62 1031 138 1089 aude
168 1030 251 1086 diam
279 1045 313 1085 ex
345 1028 407 1101 lege
435 1027 586 1099 sperabant
620 1028 738 1085 salutern
773 1027 896 1097 persuasi
923 1030 1013 1096 adso,
1037 1036 1070 1082 ut
1095 1045 1145 1084 eos
1168 1029 1252 1083 stiam
1273 1037 1372 1097 aperte
1392 1030 1561 1096 impapsare
1575 1046 1631 1083 non
1647 1028 1758 1094 fuerit

61 1116 185 1185 scilieet,
211 1116 285 1187 quod
313 1114 437 1185 perfecte
456 1130 518 1169 eam
540 1114 723 1184 impleverint
758 1112 896 1168 Pontificii
923 1114 1011 1169 omiti.
1047 1113 1196 1172 Pontifices
1217 1113 1335 1171 Romani
1359 1131 1445 1186 quem
1466 1114 1558 1170 iniesti
1575 1113 1689 1173 sonans
1704 1115 1757 1172 im·

60 1202 217 1273 perfectam
241 1201 311 1272 legis
334 1201 522 1271 impletionem
545 1200 617 1256 adeo
635 1198 747 1255 facilem
765 1215 825 1254 esse
842 1205 897 1252 sta·
923 1200 1107 1269 putatoribus,
1124 1200 1257 1257 historiae
1273 1201 1435 1272 loquuntur.
1468 1201 1614 1257 Pharisaei
1625 1199 1758 1257 nolebam

60 1296 159 1354 tunm,
185 1294 217 1343 ut
241 1287 330 1358 possit
356 1288 439 1343 etiam
459 1285 596 1357 quispiam
615 1301 701 1355 opera
717 1258 1031 1355 supererogo-iinmare
1048 1287 1154 1340 css-iam
1170 1287 1330 1355 praesidis,
1353 1304 1389 1340 ne
1413 1286 1671 1342 omminamtar
1692 1284 1756 1343 tols

61 1374 147 1430 tionis
170 1381 320 1444 praestare
364 1379 388 1426 1.
410 1372 555 1427 Pharisaei
582 1370 736 1426 doctrinam
759 1369 897 1441 evangelii
927 1376 967 1437 tt,
984 1389 1010 1425 v.
1030 1376 1071 1429 ea
1096 1371 1144 1428 Sic
1159 1372 1303 1442 Sylvestsr
1320 1373 1349 1427 in
1366 1373 1474 1443 synodo
1492 1372 1620 1428 Romana
1635 1389 1697 1427 can.
1718 1378 1757 1428 it.

61 1460 99 1515 de
128 1460 252 1531 grmnita
282 1464 458 1528 peccatoram
490 1457 650 1512 remissione
678 1473 728 1526 per
756 1455 840 1510 fidem
868 1455 896 1510 in
923 1459 1085 1516 sacerdotes
1098 1460 1231 1528 probibet
1249 1460 1358 1512 intrare
1375 1460 1497 1525 mean,
1521 1461 1590 1526 quia
1608 1460 1721 1513 diamur
1738 1477 1758 1514 a

61 1545 204 1602 christum
234 1543 434 1614 repudiabant,
461 1543 588 1615 adeoque
616 1542 761 1599 haereseos
785 1542 897 1597 marna
924 1560 1023 1597 cruore
1041 1551 1067 1597 st
1084 1545 1121 1596 sit
1138 1544 1295 1598 immolatio
1308 1545 1531 1600 simsdaorarass.
1560 1545 1758 1614 ”Plurimi

63 1633 145 1699 hant,
169 1637 202 1685 ut
225 1629 340 1691 macria
357 1628 519 1699 euangelica
537 1635 664 1686 testatur,
698 1627 824 1685 Eandem
842 1645 897 1685 son
924 1627 1059 1684 referente
1086 1628 1245 1699 Epiphanio
1270 1627 1375 1685 haeres.
1403 1635 1442 1685 16.
1465 1647 1574 1685 asseres
1595 1631 1651 1684 sibi
1671 1648 1756 1700 pasa-

60 1726 120 1774 tem
138 1717 266 1773 doctrina
285 1715 424 1787 evangelii
440 1732 458 1769 a
474 1714 632 1770 Pontificiis
648 1715 732 1771 hodie
750 1715 898 1784 experitur.
925 1715 991 1768 bant
1013 1716 1163 1773 dodrantis
1184 1716 1336 1771 latitudine
1352 1725 1379 1770 st
1395 1717 1427 1770 in
1443 1718 1494 1770 bas
1511 1734 1541 1771 ss
1557 1719 1599 1771 ad
1615 1733 1758 1786 merear

62 1801 206 1859 Pharisaei
231 1800 430 1871 blasphemiam
454 1800 634 1869 judicabant,
670 1801 745 1872 quod
772 1800 898 1854 Christus
924 1802 1062 1869 locabant,
1079 1810 1109 1855 us
1125 1804 1153 1857 ss'
1168 1803 1233 1871 qais
1247 1803 1415 1867 dormiisset,
1432 1804 1464 1856 s'n
1475 1805 1671 1872 pasis-essum
1683 1805 1758 1860 deaii

62 1888 220 1960 paralytico
243 1887 433 1943 remissionem
458 1894 636 1955 peccatorum
662 1893 737 1941 certo
758 1885 898 1955 pollicere·
925 1890 1003 1942 deret
1023 1897 1049 1942 et
1067 1906 1167 1942 rursus
1186 1890 1355 1945 meitoeetur
1374 1891 1416 1945 ud
1431 1892 1593 1944 orationem
1628 1890 1694 1945 atis
1716 1890 1757 1944 los

62 1983 110 2029 tur
143 1983 172 2029 et
200 1973 254 2029 hac
279 1973 387 2028 ratione
415 1971 513 2026 salutis
537 1972 730 2027 certitudinem
753 1971 897 2039 stabiliret,
921 1975 1013 2043 pillos
1029 1991 1062 2029 ea
1078 1975 1164 2044 aqna
1178 1977 1309 2030 colkctos
1327 1977 1382 2029 sibi
1398 1977 1470 2045 ipsis
1486 1977 1707 2041 msbstmmbant,
1729 1984 1759 2033 sd

62 2060 163 2116 Mssa.
183 2066 213 2127 9,
231 2076 257 2115 s.
275 2064 299 2115 3.
333 2056 475 2114 Pontificii
491 2057 686 2113 certitudinem
704 2057 812 2129 gratim
830 2056 898 2111 divi-
925 2063 992 2114 dum
1018 2062 1063 2116 his
1084 2069 1293 2130 pmperestas,
1317 2080 1374 2116 non
1391 2062 1422 2114 in
1439 2063 1617 2131 profundam
1635 2081 1758 2116 samm

63 2163 135 2212 aas,
150 2145 278 2216 justitiae
294 2161 327 2198 ae
346 2144 444 2204 salum
461 2143 490 2197 in
508 2143 653 2213 evangelio
672 2145 795 2197 oblatam
812 2151 841 2197 et
856 2159 898 2197 aa·
925 2149 1114 2213 deferrentur.
1155 2148 1332 2215 qu'rsssabant
1354 2148 1396 2200 bs's
1420 2147 1452 2200 in
1472 2148 1614 2201 sabbathis
1635 2147 1759 2201 asanaa

63 2238 268 2288 crementorum
301 2230 401 2302 sigillis
432 2237 517 2302 atque
546 2231 634 2299 ipsius
664 2229 783 2300 Spiritus
811 2229 898 2283 sancti
924 2241 951 2286 st
971 2235 1071 2301 quinta
1089 2235 1144 2288 die.
1179 2234 1226 2291 Ab
1246 2233 1289 2289 his
1307 2237 1458 2306 impensior
1472 2249 1547 2300 suas,
1564 2233 1758 2302 statajejunia

63 2319 223 2374 testimonio
246 2317 355 2372 interno
379 2315 568 2371 confirmatam
588 2316 737 2385 repudiant
753 2331 786 2368 ac
802 2331 898 2383 perpe·
911 2316 914 2335 '
926 2326 954 2374 et
973 2319 1073 2377 similia
1091 2319 1212 2375 mutuari
1234 2327 1300 2376 eune
1321 2318 1452 2375 monaehi
1471 2319 1637 2377 amieriam
1661 2319 1696 2377 ’ne
1709 2335 1758 2388 μ.

64 2411 144 2460 taam
167 2404 369 2459 dubitationem
390 2403 574 2473 praecipiunt
611 2407 636 2458 8.
653 2401 796 2456 Pharisaei
815 2399 898 2470 justi·
924 2413 1000 2476 potu
1038 2405 1174 2476 Capuoini
1199 2405 1371 2476 peculiarem
1392 2404 1569 2464 semiana
1592 2405 1622 2463 in
1642 2420 1675 2459 eo
1693 2421 1758 2463 com

10 2500 50 2543 aa
64 2491 133 2544 tiam
152 2490 292 2560 propriam
310 2489 480 2558 quaerebant
504 2489 632 2542 stabilire
654 2505 750 2541 coram
774 2487 833 2539 Dei
849 2486 898 2553 ju·
925 2493 1058 2557 stituunt,
1084 2492 1108 2545 si
1127 2500 1178 2563 pro
1196 2491 1282 2548 cubili
1299 2491 1444 2548 maenus
1461 2497 1595 2559 atanturt.
1624 2491 1757 2562 Papiriae

65 2577 142 2631 dicio
159 2575 240 2630 Rom
254 2582 293 2641 10,
313 2592 338 2629 ι.
356 2581 380 2632 l.
395 2574 534 2645 justitiam
556 2590 621 2629 vero
640 2573 705 2627 lidei
722 2571 899 2657 superciliose
911 2588 914 2692 ι
925 2595 1019 2633 omncs
1042 2578 1169 2632 meritum
1196 2576 1333 2650 quaerunt
1359 2577 1387 2632 in
1408 2577 1563 2647 jejunando
1581 2576 1625 2633 bis
1643 2579 1672 2634 in
1691 2577 1757 2632 heb-

65 2661 244 2733 respuebant.
275 2658 416 2719 Pontificii
431 2660 527 2721 itidem
540 2658 709 2722 hebiuuitm
722 2657 899 2712 ttwtutlem
926 2664 1044 2719 domade
1068 2664 1113 2719 die
1140 2672 1217 2720 sexto
1240 2671 1269 2722 et
1292 2663 1456 2734 reprimat*
1490 2662 1563 2719 Vide
1584 2662 1668 2734 plura
1683 2681 1756 2719 com-

66 2765 181 2819 oparum
197 2747 336 2819 justitiam
352 2746 389 2800 ad
407 2745 463 2801 Dei
482 2745 607 2807 oibunal
625 2744 759 2814 efferunt,
782 2744 907 2826 inputa-¹
926 2750 1077 2819 pacationis
1105 2749 1230 2805 membra
1256 2750 1327 2804 inter
1355 2750 1485 2820 dogmata
1508 2766 1541 2803 ac
1568 2750 1638 2803 ritus
1660 2748 1756 2805 Phari·

64 2835 170 2890 tionem
186 2832 315 2905 justitiae
326 2830 428 2891 Christi
446 2847 497 2902 per
508 2830 591 2887 fidem
604 2830 757 2889 exsibilaot.
787 2836 811 2886 9.
826 2829 898 2885 Pha·
925 2852 1051 2891 saeorum
1070 2843 1099 2891 et
1116 2835 1323 2895 Pontificiorum
1342 2836 1418 2906 apud
1435 2835 1471 2891 1).
1486 2834 1754 2897 montemarano

63 2919 148 2975 deaei
166 2919 398 2990 ἔθελοθρησκείας
417 2923 446 2974 at
462 2917 556 2975 cultas
570 2916 705 2974 electitios
720 2916 900 2972 sectabantur
925 2930 953 2977 et
969 2922 1005 2977 D.
1023 2923 1202 2979 Himmslium
1220 2923 1249 2976 in
1267 2938 1341 2992 papa
1358 2920 1569 2991 phaenarete.
1746 2948 1748 2957 =

64 3021 123 3061 non
149 3004 272 3062 conmnti
299 3003 431 3075 operibus
458 3003 488 3057 in
513 3003 577 3074 lege
601 3003 696 3058 divina
715 3003 900 3073 praescriptis,
960 3014 1018 3065 230,
1056 3008 1265 3064 Descenderam
1285 3007 1321 3065 ed
1341 3006 1508 3070 hamaticae,
1531 3008 1579 3077 qui
1597 3015 1661 3078 ραι
1679 3008 1756 3064 chii.

64 3092 164 3153 Mate
192 3098 238 3161 lt,
264 3107 292 3147 ι.
315 3096 339 3148 9.
384 3088 419 3142 In
446 3088 543 3144 eadem
566 3090 692 3145 cultuum
711 3090 899 3145 'eleotitiorum
925 3102 998 3150 stum
1018 3101 1114 3150 natam
1136 3094 1221 3149 exorti
1242 3109 1329 3164 prava
1348 3092 1481 3163 dogmata
1497 3092 1675 3161 pertinaciter
1695 3110 1756 3163 pro·

66 3178 163 3235 schola
195 3175 358 3232 Pontificius
393 3175 499 3230 habent
529 3176 679 3247 discipulos
710 3184 739 3229 et
769 3175 898 3231 asseclas
925 3185 1099 3253 pugnaturum
1117 3179 1159 3233 illi
1176 3179 1313 3249 siquidem
1330 3177 1443 3248 proprie
1460 3177 1514 3232 hoc
1531 3178 1642 3235 nomine
1659 3179 1755 3249 appot

65 3264 221 3323 Phars‘saes'
246 3279 334 3318 aava
356 3262 458 3334 pratia
479 3270 506 3315 et
528 3262 723 3331 importabilia
742 3261 899 3329 allipabam
924 3267 1018 3322 lentur
1041 3273 1112 3322 taem
1136 3265 1295 3337 Augustino
1319 3265 1368 3319 lih.
1387 3269 1412 3321 1.
1435 3271 1532 3319 eontra
1554 3264 1661 3323 edvarn
1685 3265 1755 3336 lepis

66 3360 94 3407 et
110 3354 141 3407 in
160 3351 288 3405 lamnas
306 3350 446 3403 lominum
460 3349 648 3418 imponebant,
666 3346 765 3403 blatth.
780 3352 822 3412 ta
834 3363 861 3400 v.
873 3353 898 3403 t.
924 3360 952 3408 et
967 3351 1164 3423 prophetarum
1186 3367 1211 3406 c.
1236 3356 1275 3407 12.
1301 3357 1333 3404 ut
1352 3367 1382 3405 re
1400 3350 1462 3420 ipsa
1480 3356 1628 3420 appareat,
1652 3366 1755 3420 papam

64 3437 151 3505 idem.
167 3434 229 3493 fieri
250 3451 269 3488 a
290 3432 445 3493 Pontificio
468 3433 601 3505 praelatis
620 3434 680 3505 jam
697 3433 761 3487 olim
780 3448 898 3504 conque·
922 3439 1079 3494 Romanum
1103 3453 1137 3492 ex
1155 3435 1282 3491 omnibus
1299 3435 1372 3505 prati
1391 3435 1522 3492 haeretici
1541 3435 1656 3492 floribus
1673 3453 1755 3497 repar

64 3531 129 3589 stas
144 3529 187 3579 est
204 3519 313 3581 eona
330 3522 366 3579 da
383 3521 442 3575 vita
457 3520 523 3590 spir.
542 3519 625 3576 anim.
644 3519 707 3575 lect.
726 3526 755 3574 2:
776 3519 898 3589 Propter
923 3541 990 3579 num
1009 3540 1091 3579 snum
1108 3522 1261 3592 collegisse.
1289 3520 1528 3586 Quemadmodum
1540 3523 1613 3579 euim
1626 3523 1661 3579 de
1674 3523 1754 3582 ena

64 3608 232 3673 traddianes
249 3608 388 3661 lioraiaum
406 3608 437 3668 tit
456 3607 491 3659 de
509 3607 566 3659 levi
578 3607 653 3675 jupo
671 3603 777 3661 Christi
794 3614 821 3658 et
838 3606 898 3673 laps
923 3610 1026 3668 christo
1042 3609 1205 3679 pronuntiat
1217 3607 1349 3666 irenaeus
1362 3608 1409 3663 lib.
1421 3616 1445 3664 t.
1459 3609 1640 3668 manseres.
1655 3627 1685 3680 p.
1696 3615 1754 3675 im

64 3695 203 3759 mesatis
224 3694 329 3763 jusum
358 3693 487 3758 ferreum
512 3700 538 3744 es
563 3709 634 3746 onas
659 3709 745 3759 orave
768 3709 897 3760 aenens
923 3701 1000 3767 quoa
1023 3696 1196 3751 dalaimam
1217 3697 1394 3764 apostasiam
1414 3696 1445 3749 s'n
1464 3714 1493 3750 se
1509 3697 1695 3766 recapitules,
1715 3696 1756 3755 its

64 3780 185 3845 tersum
215 3780 452 3846 tnrudmomm,
482 3779 548 3831 dam
577 3777 685 3830 scilicet
715 3777 807 3846 aliqui
830 3796 897 3832 snas
924 3800 998 3855 papa
1021 3782 1163 3838 Romanus
1188 3798 1218 3836 se
1240 3779 1444 3837 Anuahratum
1468 3781 1665 3838 declaration
1686 3783 1755 3853 ipso,

64 3882 159 3925 ornnes
175 3867 258 3933 lepes,
278 3883 345 3919 snas
363 3864 559 3929 institutiones,
577 3881 646 3916 suas
663 3864 779 3932 repulus
799 3872 825 3916 et
841 3872 896 3917 sta·
923 3870 998 3942 quod
1027 3869 1115 3939 ipsius
1139 3867 1266 3923 doctrina
1289 3873 1332 3925 est
1354 3866 1491 3937 quaedam
1514 3866 1755 3938 denuncietur&

64 3961 125 4017 tata
149 3952 289 4006 arbitrari
313 3950 409 4004 uolunt
432 3950 614 4018 accipiendas
642 3965 700 4002 esse
723 3950 796 4003 sicut
810 3967 896 4020 prae·
922 3953 1149 4012 omniumferme
1170 3947 1754 4023 hesperium,quneauperioribuege100'.

64 4047 147 4110 cepta
172 4039 242 4105 lepis
264 4038 325 4091 Dei
346 4039 387 4091 ad
413 4044 541 4089 aeternae
566 4036 664 4089 mortis
690 4037 846 4105 interatum,
871 4037 899 4090 si
922 4041 992 4098 culis
1011 4046 1073 4112 post
1090 4038 1231 4094 Christum
1250 4046 1346 4097 natum
1363 4038 1493 4109 proximis
1512 4039 1543 4093 in
1559 4038 1754 4096 eeclesiasnnt

60 4132 291 4203 praetereamus,
317 4125 468 4191 serpentia.
505 4120 627 4178 Ibidem:
655 4122 690 4175 Si
711 4130 757 4176 tuo
774 4131 896 4192 tempore
922 4135 1050 4193 exortae,
1067 4132 1217 4194 antequam
1235 4123 1471 4179 Antichristiauas
1489 4141 1579 4194 papae
1597 4124 1873 4189 dominatusmmr.

64 4213 135 4268 haec
153 4212 275 4278 dicebas,
294 4229 310 4265 e
328 4210 610 4280 sapiensstupssstine
630 4209 730 4276 (innuit
746 4210 826 4281 epist.
841 4216 895 4266 119.
923 4231 985 4269 eam
996 4211 1168 4282 subjugaret
1199 4213 1224 4263 1.
1234 4210 1471 4278 Pseudoapostoli
1482 4209 1627 4276 docebant,
1639 4200 1754 4279 praeter
1767 4214 1892 4256 lassans·

65 4299 104 4363 aa
121 4299 264 4367 sam),
293 4298 364 4366 aare
387 4306 486 4352 saorra
512 4297 821 4367 armamentaria,
849 4298 898 4351 aas
917 4301 1009 4367 fiam
1028 4299 1058 4351 a
1076 4296 1216 4351 arrasam
1236 4294 1346 4364 rantra·
1363 4298 1404 4349 aa
1419 4296 1646 4364 insanaanaaa
1664 4298 1753 4355 ossa·
1766 4274 1860 4361 letti·

61 4403 120 4458 pro
137 4385 273 4447 comante
291 4393 317 4438 et
334 4392 409 4438 mota
426 4385 550 4453 capitum
567 4383 742 4436 incredibilis
755 4391 795 4438 est
807 4386 896 4438 sarie·
923 4385 1061 4439 sationem
1078 4383 1149 4450 lepis
1166 4382 1315 4436 Mosaioae
1332 4381 1397 4436 Act.
1418 4387 1465 4450 111,
1487 4398 1515 4436 v.
1536 4387 1561 4440 5.
1585 4382 1690 4453 quibus
1705 4398 1754 4452 ep

64 4481 111 4527 tes
134 4480 161 4524 et
188 4471 304 4525 dissona
328 4471 524 4540 multiplicitas
544 4487 657 4523 onemm
677 4469 818 4538 ejusmodi
839 4487 896 4522 ser·
924 4469 1044 4539 positum
1068 4477 1110 4523 est
1133 4466 1275 4522 umectum
1298 4466 1480 4536 apostolicum
1498 4484 1524 4521 v.
1545 4473 1588 4524 li:
1614 4470 1673 4522 Per
1688 4486 1753 4538 pra·
1766 4478 1860 4521 met.

64 4558 165 4622 uilium
179 4565 205 4609 et
221 4557 418 4622 humanarum,
441 4564 471 4609 at
492 4556 629 4625 loqueris,
648 4556 896 4625 praesumtionem
923 4558 991 4610 tiam
1009 4553 1128 4608 Domini
1149 4552 1242 4605 nostri
1263 4552 1335 4605 ,lesu
1353 4551 1459 4607 Christi
1476 4555 1616 4610 credimus
1636 4553 1754 4623 salsars',

65 4661 137 4715 quas
153 4643 226 4697 odat
242 4644 315 4696 inter
331 4643 447 4711 laqueos
465 4641 624 4696 animarum
643 4650 668 4694 et
685 4641 808 4708 lipantia
823 4645 897 4696 retia
924 4641 1155 4712 quemadmodum
1178 4645 1206 4691 et
1224 4646 1325 4706 patres
1348 4639 1452 4708 nostri,
1474 4639 1516 4695 uti
1536 4639 1619 4695 etiam
1636 4639 1754 4710 epistola

63 4730 111 4783 osis
135 4730 281 4798 quaequam
307 4744 420 4781 secururs
447 4736 473 4779 et
504 4728 722 4796 indeprehensus
745 4729 896 4784 incesserit.
923 4729 959 4783 ad
979 4726 1104 4782 Galatas.
1140 4723 1214 4780 Vide
1233 4731 1312 4779 uest
1337 4725 1374 4779 de
1397 4722 1460 4795 lege
1480 4722 1510 4799 ξ.
1531 4731 1588 4782 181.
1612 4733 1693 4782 tract.
1717 4725 1753 4781 de

66 4823 108 4880 1⁰.
129 4814 273 4870 Pharisaei
301 4831 334 4869 ex
359 4813 498 4884 personali
522 4814 694 4868 successione
722 4814 759 4868 ab
785 4815 897 4870 barone
919 4813 1008 4886 justif.
1032 4809 1061 4886 ξ.
1082 4816 1140 4868 rat.
1175 4810 1263 4866 Simili
1288 4809 1394 4865 maone
1417 4809 1557 4866 Pontificii
1577 4811 1752 4882 justificatio·

63 4901 197 4957 ecelesiae
223 4899 333 4955 titulum
360 4897 413 4953 sibi
440 4897 634 4955 vendicabant.
678 4899 724 4955 Sic
750 4900 896 4970 pontifices
922 4918 986 4957 nem
1003 4914 1095 4955 coram
1109 4897 1169 4952 Deo
1187 4905 1245 4951 tum
1263 4894 1337 4963 fidei,
1357 4901 1417 4951 tum
1435 4898 1565 4967 operibus
1580 4898 1752 4957 monhaut

62 4987 181 5044 Romani
198 4986 366 5058 gloriantur,
393 5001 422 5039 se
441 5000 501 5039 esse
518 4982 595 5037 Petri
616 4999 789 5039 successores
808 4994 836 5039 et
853 5003 895 5041 ec·
922 4982 1150 5057 **(Samaritani,
1174 4989 1245 5038 teste
1268 4979 1426 5052 Epiphanio
1449 4981 1557 5039 haerea
1572 4989 1607 5039 9.·
1632 4985 1667 5039 Si
1689 4985 1754 5054 qais

61 5072 163 5129 clasiae
186 5071 356 5126 monarchae.
390 5069 534 5124 Pharisaei
559 5069 749 5139 provocabant
772 5072 815 5123 nd
831 5081 895 5125 tem·
922 5074 993 5142 ipsis
1011 5072 1115 5125 dieerd
1133 5071 1169 5122 de
1188 5069 1300 5132 David,
1327 5067 1422 5121 Esaia
1445 5077 1470 5120 et
1491 5070 1665 5139 acquestibus
1688 5077 1752 5139 post

59 5146 142 5229 pium
159 5159 285 5224 Domini,
301 5155 446 5228 pontifices
466 5157 610 5208 adsedem
624 5156 712 5210 Petri.
746 5161 784 5210 11.
800 5157 894 5211 Phari·
922 5159 1056 5227 Moysen,
1086 5174 1141 5209 non
1159 5154 1361 5223 suscipiebant,
1386 5155 1437 5208 sed
1455 5156 1676 5210 immorabantur
1693 5165 1752 5209 tra·

61 5243 121 5298 saei
138 5243 286 5315 negabant,
304 5239 619 5312 baptismamlohannis
634 5256 693 5293 esse
707 5245 814 5296 ealles
827 5242 894 5298 Luc.
922 5244 1027 5298 ditsoni
1050 5260 1069 5295 a
1091 5241 1220 5310 propriis
1245 5241 1370 5309 ipsoram
1385 5239 1517 5309 patribus
1534 5241 1665 5298 invectae.
1698 5239 1752 5296 Pa·

62 5336 88 5398 1,
106 5347 131 5384 v.
149 5333 191 5386 te.
226 5326 368 5383 Pontificii
384 5327 480 5382 itidem
497 5331 615 5398 negant,
641 5325 797 5381 iohannem
816 5345 894 5385 acce-
921 5329 1011 5400 pistae
1033 5327 1213 5382 communiter
1236 5325 1349 5392 docent,
1376 5324 1532 5394 Scripturas
1553 5343 1615 5383 non.
1628 5343 1688 5383 ease
1705 5343 1752 5383 aa·

59 5417 136 5489 pisse
159 5433 177 5469 a
199 5416 261 5470 Deo
290 5414 449 5469 mandatum
473 5412 648 5484 baptizandi,
678 5422 783 5483 negant
802 5417 894 5480 edam,
921 5414 1068 5481 censarius,
1092 5411 1381 5466 traditionumautem
1401 5427 1419 5465 a
1438 5411 1565 5482 patribus
1580 5412 1752 5473 invectarum

60 5499 483 5578 baptismumlohannisluisse
499 5497 640 5556 efficacem
657 5498 894 5558 adremissionem
920 5500 1114 5560 unanimam
1130 5497 1245 5555 mirifice
1262 5496 1517 5575 depraedicatam·
1547 5501 1574 5570 2,
1592 5499 1753 5571 mannans
1763 5459 1891 5562 sinizius.
