4004 6022
766 286 818 341 nn
836 283 960 342 SACRA
977 284 1114 343 COENA.
1196 294 1199 299 '
1733 298 1787 354 ttl

12 455 80 505 tnnc
91 451 231 499 marom.
255 447 402 497 Μιτοιισίιι
420 442 449 496 in
467 441 520 496 hec
540 441 673 513 mysterio
693 441 833 513 significat
843 459 925 514 μιτο·
957 439 1115 509 litudinem,
1143 458 1216 513 quae
1238 441 1542 497 transsubstantiationi
1568 441 1718 498 fortissime
1743 443 1791 497 ad·

12 527 40 575 ιιι.
88 530 148 602 χὴν,
168 519 428 602 participationem:
448 544 466 582 a
483 528 569 584 verbo
586 535 725 599 μιιιῖνιιι,
750 528 926 599 participare.
954 531 1087 581 versatur.
1137 528 1380 590 Quemadmodum
1407 545 1462 597 per
1489 530 1601 582 uerbum
1630 530 1690 582 Dei
1722 547 1791 585 oaro

90 617 219 672 tustinus
238 615 349 688 apolog.
372 621 394 670 l.
412 631 463 686 pro
477 613 578 669 Christ
598 632 625 686 p.
639 619 686 671 ιιι
711 613 872 669 Versamini
884 630 928 681 sa,
953 614 1063 683 factus,
1089 619 1317 687 σαρκοποιηιεις,
1340 623 1470 668 servator
1492 623 1586 668 noster
1603 617 1691 669 Jesus
1710 615 1790 670 Obsi·

90 721 161 774 quae
186 703 265 756 cobis
284 710 311 755 et
327 702 428 755 restris
450 701 508 753 diis
524 700 633 768 insunt,
658 718 692 754 ea
717 701 776 754 iilis
799 700 928 762 tribuere,
954 707 1013 752 stus
1034 707 1060 752 et
1078 716 1192 753 earnem
1215 708 1241 753 et
1265 701 1429 768 sanquinem
1450 702 1553 754 salmis
1570 710 1684 756 nostroe
1703 719 1792 756 eausa

90 778 126 844 ir
145 788 232 842 aridis
249 785 303 842 οὐδ
308 784 315 805 ’
337 786 382 840 inl
401 785 493 841 minor
508 792 645 860 μετουσία
663 787 728 852 tari,
746 787 796 856 qui
813 803 847 839 ns
866 793 927 838 tan·
953 786 1068 854 ΙωΙιιιίις
1095 789 1137 839 od
1153 789 1270 840 academ
1287 789 1402 840 modum
1418 787 1504 841 etiam
1521 804 1598 853 eam,
1616 789 1647 841 in
1664 805 1723 857 psa
1734 805 1791 858 per

89 876 182 930 tilium
200 874 316 944 quidem
333 875 370 927 de
386 873 448 926 iliis
465 873 618 926 sceien'bus
627 873 813 943 participant.
840 872 927 927 Euse-
949 888 1050 939 preces
1062 873 1140 925 nerlu
1153 873 1215 940 ejus
1227 873 1263 925 ab
1274 872 1338 940 ipso
1349 873 1475 942 profecti
1488 875 1600 943 oratioe
1617 882 1682 927 srsnt
1702 882 1790 943 news,
1890 866 1893 870 ⁴

89 962 149 1018 bins
177 960 226 1017 lib.
249 964 272 1016 8.
296 959 444 1014 demonstr.
472 975 569 1031 evang.
594 977 622 1030 p.
642 965 700 1015 241.
727 958 795 1015 edit.
813 957 925 1025 Graec:
953 957 1119 1011 alimoniam
1138 957 1186 1025 τὴν
1197 958 1236 1012 δι’
1253 956 1332 1027 εὐχῆς
1344 957 1429 1027 lo'yov
1440 959 1491 1012 τοῦ
1503 957 1570 1031 παρ’
1585 957 1672 1014 αιἰιοῦ
1684 959 1790 1030 siloas·

90 1051 130 1103 iis
155 1049 207 1118 qui
231 1063 264 1100 eu
287 1046 444 1100 bominibus
465 1046 591 1114 profecti
607 1053 671 1098 sunt
689 1053 715 1098 et
733 1047 775 1098 ad
791 1062 853 1097 eum
870 1046 925 1098 oir-
953 1050 1103 1111 arqtsiaar
1120 1044 1240 1116 τροφήν,
1263 1046 1338 1098 unde
1354 1046 1470 1112 sanquis
1487 1053 1514 1099 et
1536 1063 1603 1100 earo
1621 1054 1720 1100 nostra
1735 1063 1791 1115 per

90 1135 155 1188 nstc's
180 1133 304 1202 pradum
328 1140 531 1201 peruenerunt,
557 1148 639 1200 quem
666 1139 771 1184 natura
796 1131 926 1184 mortalis
953 1133 1212 1185 transmutationem
1223 1133 1346 1195 attritur,
1357 1133 1500 1185 incarnati
1511 1132 1668 1186 iliius-lesu
1677 1150 1790 1187 earum

89 1221 250 1288 continqere
274 1236 331 1272 nen
356 1226 467 1288 potest,
497 1217 569 1269 setis
594 1233 732 1286 superqrss
754 1216 870 1284 suerit,
900 1217 927 1269 si
953 1228 978 1272 st
995 1219 1160 1289 sanquinem
1178 1235 1238 1272 esse
1255 1220 1350 1271 edocti
1365 1236 1467 1273 summ.
1503 1218 1593 1290 Finge
1606 1236 1671 1274 cnm
1682 1219 1788 1275 Bellar·

89 1307 203 1377 mando
229 1308 269 1365 εις
294 1303 416 1378 perolio
441 1306 488 1356 nat
513 1307 678 1376 μετουσίαν,
709 1303 739 1354 in
762 1310 875 1372 partem
900 1311 926 1355 et
953 1305 1040 1369 mino,
1063 1305 1144 1376 panis
1170 1303 1353 1359 substantiam
1371 1305 1400 1358 in
1416 1321 1517 1375 corpus
1536 1304 1639 1359 Christi
1655 1306 1788 1370 converti,

89 1391 379 1454 communicationum,
402 1390 547 1458 qrsondam
573 1387 624 1456 (ita
640 1387 783 1442 transtulit
798 1386 926 1442 Donatus
953 1398 982 1447 et
1000 1391 1070 1446 haec
1087 1390 1200 1444 collatio
1218 1390 1376 1459 bipatentes
1388 1390 1461 1445 iores
1475 1391 1647 1446 Marcionitis
1659 1399 1688 1447 et
1698 1392 1787 1463 Euty·

90 1477 257 1553 Veroueusis
288 1477 354 1532 edit
381 1475 446 1530 Lat.
474 1493 502 1546 p.
532 1477 602 1543 398.)
629 1475 745 1527 ιιιιιιιιιιι·
769 1475 846 1542 ejus,
876 1474 927 1542 qui
952 1477 1059 1533 chiauis
1077 1476 1208 1546 aperiet·
1226 1475 1341 1547 Iangus
1358 1476 1477 1547 scriptor
1488 1476 1650 1531 Pontificius
1668 1477 1697 1531 iu
1713 1477 1788 1533 hunc

90 1566 177 1620 sse.-
196 1563 298 1619 Sancti
315 1563 408 1631 eritis,
428 1562 561 1632 aceniam
578 1579 629 1631 epo
648 1569 760 1614 sanctus
777 1561 925 1615 Dominus.
952 1563 1056 1620 Justiui
1083 1563 1174 1618 locum
1197 1568 1398 1618 commentatus
1417 1562 1523 1617 nullam
1544 1563 1788 1619 usnmubstantia·

90 1651 120 1706 ln
143 1649 262 1722 liturgia
282 1648 382 1705 Jsoobi
405 1648 480 1703 eirea
503 1646 602 1701 linem
629 1648 765 1715 Larqitus
790 1662 820 1699 os
845 1646 925 1698 nobit
952 1651 1056 1705 donem
1074 1650 1103 1702 iu
1123 1665 1156 1702 eo
1175 1647 1299 1703 invenire
1316 1650 1416 1718 potuit,
1433 1648 1509 1703 unde
1528 1649 1635 1704 indices
1654 1666 1788 1721 expurga·

91 1739 213 1792 Domine
238 1737 320 1790 Deus
342 1734 592 1803 sonoo'fioationem
618 1733 649 1788 ἐν
668 1735 700 1808 τῇ
721 1738 869 1806 μετουσίᾳ,
895 1731 926 1784 in
952 1736 1024 1805 torii,
1042 1735 1176 1807 Belgicus
1195 1751 1260 1805 pag.
1273 1741 1315 1791 76.
1336 1741 1364 1789 et
1380 1734 1692 1805 Hispanicusfol.140.
1712 1735 1789 1791 eradi

88 1825 267 1895 perceptione
289 1822 339 1888 (ita
358 1822 442 1876 vertit
461 1821 615 1892 interpres).
637 1821 810 1874 sanctissimi
828 1836 925 1888 corpo·
953 1838 988 1877 es
1000 1822 1110 1892 jubent.
1145 1821 1541 1876 annunciantium:
1563 1822 1924 1885 Qrwmodoconsnmur,

92 1911 130 1964 ris
148 1919 175 1964 et
189 1910 315 1980 pretiosi
331 1909 478 1976 sanpainis
497 1908 636 1976 unipeniti
647 1907 721 1962 Filii
733 1907 782 1960 tui.
819 1904 926 1975 Psohy·
952 1910 1038 1963 stabit
1061 1909 1116 1972 eis,
1140 1924 1200 1960 eum
1225 1924 1343 1977 panem,
1369 1909 1399 1960 in
1416 1924 1471 1976 quo
1488 1909 1599 1976 pratioe
1617 1917 1699 1962 actae
1716 1916 1789 1976 sunt,

92 2012 177 2053 meres
209 1996 239 2050 iu
268 2011 292 2050 c.
317 2001 341 2050 t.
365 1993 481 2065 Dionys.
512 1994 547 2049 de
571 1993 670 2049 eccles.
696 1991 831 2048 hierarch.
860 2000 927 2061 post
953 2012 1012 2048 esse
1042 2010 1145 2062 corpus
1176 1994 1297 2048 Domini
1323 1995 1391 2047 suit
1425 1993 1613 2049 Bellarminus
1637 1994 1791 2067 subjungit,

92 2084 257 2154 baptismum
284 2080 316 2136 ir
337 2085 472 2154 μετουσίᾳ
495 2083 542 2148 τῆς
559 2085 639 2138 θείας
659 2078 833 2149 εὐχαριστίας
851 2077 927 2147 ytri-
952 2097 1056 2152 panem
1079 2088 1270 2135 cmuearatum
1295 2098 1351 2134 non
1367 2097 1452 2149 posse
1470 2097 1529 2134 esse
1550 2099 1653 2151 eorpus
1672 2083 1793 2136 Domini

90 2189 176 2244 μενοι,
188 2169 231 2224 sic
239 2169 336 2224 vertit:
352 2169 467 2222 dicium
480 2167 667 2222 ambaristiae
674 2169 834 2237 participes
839 2166 926 2234 sacti.
954 2170 1015 2222 sine
1032 2168 1187 2220 mutatione
1206 2167 1353 2220 essentiali
1367 2167 1454 2236 panis
1473 2168 1503 2220 in
1521 2185 1633 2237 corpus.
1666 2168 1791 2240 Respon-

91 2259 122 2313 ln
140 2256 230 2312 sacris
248 2254 336 2310 literis
354 2271 408 2309 vox
423 2253 633 2324 hsecuuspiam
645 2254 773 2309 occurrit.
798 2251 925 2323 Xenoph.
954 2255 1064 2309 demus:
1101 2269 1202 2324 panem
1237 2259 1428 2308 consecratum
1459 2269 1520 2308 esse
1548 2269 1649 2323 corpus
1678 2255 1790 2310 Domini

19 2349 78 2397 tte.
91 2343 135 2398 lib.
153 2348 179 2399 8.
207 2342 285 2395 nasi.
311 2340 408 2396 itidem
427 2339 515 2395 utitur
532 2357 584 2410 pro
602 2339 828 2410 participatione,
854 2356 927 2394 com·
954 2340 1086 2396 irenaeus
1103 2339 1210 2407 asserit,
1230 2345 1258 2394 et
1276 2354 1326 2392 nos
1343 2355 1407 2393 cum
1425 2339 1494 2409 ipso,
1513 2339 1563 2394 sed
1581 2356 1681 2408 panem
1699 2358 1790 2396 essem

91 2428 285 2489 munientibus,
305 2433 438 2495 πιποιηιιι
457 2431 579 2497 Πέρσαις
596 2431 641 2480 και
661 2427 767 2480 πεδίων
778 2426 850 2480 ciros
860 2443 927 2496 μει-
953 2426 1057 2482 tialiter
1076 2426 1105 2479 in
1124 2442 1224 2496 eorpus
1242 2423 1355 2479 Domini
1373 2425 1475 2478 mutari
1492 2423 1609 2479 Irenaeo
1626 2425 1655 2478 in
1669 2433 1790 2482 mentem

92 2521 198 2570 ιυσιιιν.
235 2512 432 2567 Grammaticis
456 2513 570 2566 uomina
594 2511 809 2585 μιτουσιιισιιιιᾶ
827 2528 927 2565 vocan-
954 2529 1009 2567 nou
1032 2512 1116 2567 venit.
1158 2511 1251 2566 Vocat
1270 2527 1390 2580 panem,
1419 2512 1450 2563 in
1477 2529 1532 2580 qno
1561 2513 1672 2578 oratioe
1700 2519 1790 2576 aetas,

92 2607 149 2668 tur,
180 2615 255 2673 quae
281 2598 502 2670 participationis
532 2598 763 2671 significationem
792 2598 927 2653 inclusam
954 2599 1007 2653 hoc
1026 2603 1077 2667 est,
1094 2604 1127 2652 ut
1143 2596 1330 2652 Bellarminus
1348 2596 1431 2651 libe.
1450 2596 1485 2652 de
1503 2596 1614 2652 eucher.
1630 2614 1654 2651 c.
1675 2604 1699 2655 6.
1716 2599 1791 2653 cirea

92 2687 207 2752 habent,
239 2701 258 2740 a
285 2685 427 2741 nonnullis
456 2685 610 2740 materialia
635 2685 724 2753 diets,
756 2691 787 2739 nt
812 2689 927 2747 titanos,
954 2684 1037 2739 finem
1055 2689 1130 2739 recte
1147 2682 1277 2753 explieat,
1291 2699 1398 2752 panem
1416 2685 1620 2749 sanctificatum
1638 2693 1665 2738 et
1680 2688 1790 2750 saotcnn

65 2812 71 2824 .
92 2774 209 2839 εύιινος,
234 2769 364 2842 aiacrior
381 2776 432 2829 eto.
473 2778 512 2828 ll.
533 2772 595 2827 Vox
613 2771 732 2840 speciei,
757 2788 813 2843 qua
831 2770 927 2825 itidem
955 2771 1169 2839 eucharistiam,
1193 2777 1226 2824 ut
1243 2770 1372 2825 Justinns
1389 2770 1555 2842 loquebatur
1572 2769 1658 2842 ἄρτοι
1678 2768 1790 2844 εὔχαρι-

92 2867 198 2919 veteres
220 2859 251 2914 in
268 2857 321 2912 hoc
339 2858 471 2928 mysterio
490 2862 618 2924 utuntur,
640 2873 816 2928 nequaquam
838 2863 928 2911 trans·
955 2861 1106 2927 oenotria,
1132 2855 1240 2929 τροφὴν
1266 2854 1528 2927 εὐχαρισιηιιῑσιτι,
1558 2858 1692 2914 credibile
1717 2845 1814 2914 enim‘

92 2944 349 3003 substantiatiouem
370 2943 467 3012 infert,
496 2943 564 3014 quia
584 2941 634 3011 τὴν
656 2941 744 3015 φύσιν
761 2949 790 2997 et
808 2941 837 2997 ιὸ
856 2943 929 3003 sirloc
955 2951 1010 3009 est,
1033 2945 1179 2999 Irenaeum
1203 2944 1300 2998 eadem
1318 2943 1428 2999 Graeca
1444 2960 1513 3000 voce
1530 2961 1625 3009 usum,
1649 2962 1733 3017 qnam
1750 2947 1791 3002 iu·

92 3035 273 3105 conjungunt,
291 3037 324 3086 ut
342 3047 376 3086 ex
393 3029 569 3085 'lbeodorcto
581 3031 646 3085 dial.
662 3036 686 3085 2.
700 3030 826 3100 superius
838 3036 929 3085 osten-
954 3038 1060 3101 terpres
1082 3046 1138 3084 uon
1164 3031 1255 3100 potuit
1277 3030 1395 3086 reddere
1419 3047 1476 3085 una
1499 3047 1581 3096 rece,
1605 3032 1655 3086 sed
1672 3049 1724 3104 per
1739 3033 1791 3087 cir·

92 3120 188 3176 dimus.
224 3117 294 3172 Luc.
313 3123 337 3184 3,
350 3134 380 3173 r.
401 3121 450 3171 22:
472 3117 598 3185 Syciritus
614 3125 728 3170 sendus
746 3118 929 3170 descendebat
954 3117 1186 3173 cumlocutionem
1208 3117 1356 3186 expressit;
1374 3133 1475 3187 panem
1495 3117 1573 3170 illum
1591 3125 1673 3174 vocat
1691 3136 1791 3192 corpus

92 3208 156 3261 cren
188 3204 349 3278 σωματικῷ,
377 3205 524 3273 corporati
552 3204 658 3272 speeie,
690 3204 763 3256 sicut
792 3203 928 3257 columba.
955 3203 1080 3272 Domini,
1108 3201 1161 3257 hoc
1182 3208 1225 3257 est
1242 3202 1395 3257 secundum
1414 3203 1625 3273 explicationem
1642 3204 1790 3261 Paulinam

93 3293 435 3364 Philippensem
462 3288 587 3343 Christus
605 3289 706 3345 dicitur
725 3291 754 3342 ir
773 3289 928 3364 ὁμοιώματι
955 3293 1104 3345 κοινωνίαν
1132 3288 1254 3358 eorporis
1285 3288 1405 3343 Domini.
1454 3289 1576 3345 ibidem:
1607 3292 1698 3344 Panis
1723 3310 1789 3361 per-

93 3377 253 3452 irtqninor
267 3376 418 3449 γενόμενος
435 3379 482 3430 και
500 3377 619 3449 σχήματι
636 3376 757 3444 siostslc
771 3375 928 3448 ἄνθρωπος,
954 3377 1061 3446 cipiens
1087 3375 1290 3429 invocationem
1316 3375 1375 3428 Dei
1401 3378 1467 3442 (non
1500 3377 1790 3444 transsubstantiatus)

93 3482 125 3521 ex
147 3481 203 3536 qno
224 3480 307 3518 nemo
331 3462 460 3534 colligat,
486 3463 590 3517 nudam
609 3469 717 3517 tantum
735 3463 856 3533 speciem
876 3462 926 3516 hu·
947 3465 1014 3533 jam
1037 3479 1093 3515 non
1120 3460 1273 3514 communis
1295 3460 1382 3529 panis
1406 3469 1447 3514 est
1471 3464 1528 3526 (est
1546 3468 1575 3515 et
1592 3469 1685 3516 manet
1701 3464 1791 3533 panis,

91 3566 188 3607 manse
209 3555 328 3605 naturae
352 3548 410 3603 sine
432 3548 548 3604 veritate
572 3548 745 3603 substantiae
769 3549 798 3603 in
817 3549 926 3604 Christo
953 3549 1002 3605 sed
1033 3566 1088 3602 non
1117 3547 1192 3602 solus
1222 3545 1280 3602 sive
1313 3546 1495 3616 communis),
1531 3551 1585 3601 sed
1619 3549 1791 3603 amborutia

90 3637 181 3693 inisse
221 3635 390 3707 Augustaua
421 3634 557 3689 confessio
586 3634 767 3706 ejusdemque
797 3634 927 3706 apologia
953 3638 1061 3690 duobis
1091 3636 1173 3687 rebus
1203 3636 1266 3699 (non
1293 3650 1348 3688 uuo
1374 3632 1478 3688 Christi
1498 3637 1624 3706 corpore)
1651 3644 1789 3704 constans,

90 3725 184 3780 itidem
211 3739 279 3777 sano
302 3727 332 3775 et
360 3720 512 3775 orthodoxo
536 3737 619 3775 seusu
639 3737 706 3775 voce
726 3720 827 3791 speciei
845 3728 925 3775 utun-
952 3741 983 3776 re
1007 3731 1120 3777 terrem
1143 3729 1169 3774 et
1193 3720 1314 3774 coelesti.
1350 3725 1374 3774 3.
1397 3720 1587 3775 Tertullianus
1609 3722 1658 3776 lib.
1677 3730 1701 3779 t.
1726 3723 1788 3778 adr.
1801 3741 1918 3784 armni.

90 3818 147 3880 tur,
166 3810 305 3866 Lutherus
324 3808 353 3862 in
370 3824 395 3865 c.
413 3814 437 3863 6.
457 3807 534 3864 Ena:
557 3808 671 3878 »Species
686 3810 807 3862 Domini
823 3818 848 3861 et
866 3812 926 3863 Do·
952 3810 1052 3865 Mare:
1069 3810 1223 3878 Acceptum
1239 3824 1344 3876 panem
1361 3825 1464 3876 corpus
1479 3825 1560 3860 nsum
1576 3810 1652 3885 facit
1662 3810 1790 3874 dicendo,
1803 3796 1867 3834 '¹⁸³¹'

90 3899 180 3953 minus
207 3903 281 3950 reete
306 3913 364 3965 pro
394 3897 490 3949 eodem
521 3896 717 3963 accipiuntur,
750 3895 792 3948 sio
822 3913 926 3964 corpus
953 3899 1004 3952 boo
1030 3903 1071 3950 est
1097 3911 1200 3964 eorpus
1226 3910 1324 3948 meum.
1366 3895 1406 3948 At
1433 3897 1571 3963 qcsomodo
1600 3895 1702 3967 (inquit
1727 3897 1789 3952 Bel·

90 3984 210 4039 Domini
235 3991 261 4036 st
283 3980 369 4052 panis
387 3982 506 4035 Domini
527 3999 584 4050 pro
602 3998 658 4035 uno
679 3982 870 4051 accipiuntur,
897 3991 927 4035 ut
952 3984 1095 4049 larminus)
1121 3983 1215 4053 potuit
1233 3982 1322 4051 pans's
1339 3983 1409 4048 fieri
1432 3999 1533 4050 corpus
1556 3984 1616 4035 sine
1640 3984 1687 4035 sui
1702 3992 1790 4037 muta·

90 4073 138 4142 qui
150 4087 258 4142 panem
277 4069 359 4123 silum
377 4069 475 4137 ederit,
495 4085 598 4136 oorprss
613 4066 720 4122 Οιιιιιι·
738 4069 830 4121 edisse
848 4069 926 4122 dieo·
952 4073 1047 4125 tione!
1068 4068 1292 4141 Respondemus:
1314 4067 1382 4122 iecit
1399 4085 1497 4138 panem
1515 4086 1596 4123 suum
1615 4085 1714 4139 eorpus
1734 4086 1790 4125 non
1803 4094 1828 4135 1,
1841 4092 1887 4136 m
1941 4098 1943 4103 ·

91 4167 149 4228 ιιι,
171 4157 244 4210 sicut
270 4155 378 4209 Esaias
403 4172 431 4208 se
457 4155 608 4208 Dominum
631 4155 735 4206 ciduse
753 4155 837 4224 dicit,
863 4173 925 4209 eum
953 4155 1255 4218 transsubstantiando,
1282 4154 1332 4209 sed
1360 4153 1555 4209 benedictione
1581 4155 1675 4210 divina
1700 4173 1790 4212 sacra·

91 4245 208 4315 speciem
231 4242 353 4297 Domini
377 4242 488 4295 sideru.
531 4241 608 4296 Neve
634 4240 697 4312 quis
720 4241 863 4311 abuerint,
892 4260 925 4298 ex
953 4244 1110 4300 mentaliter
1133 4259 1234 4312 corpus
1256 4258 1337 4294 suum
1362 4240 1450 4295 eidem
1470 4241 1598 4297 uniendo.
1636 4242 1791 4316 Argumen-

91 4331 240 4388 limiditate
271 4333 384 4399 propter
417 4327 590 4382 adversarios
621 4326 781 4383 Pontificius
809 4328 925 4384 eandem
952 4338 1011 4385 tum
1029 4327 1191 4384 Bellarmini
1214 4344 1247 4381 ex
1265 4327 1318 4381 hoc
1338 4326 1398 4381 loco
1419 4333 1461 4383 est
1478 4343 1496 4382 a
1513 4344 1569 4382 non
1586 4328 1736 4385 distributo
1755 4330 1791 4384 ad

92 4423 262 4490 usurpatam,
280 4414 433 4469 notandum
451 4420 500 4478 est,
518 4414 642 4485 ejusdem
659 4431 741 4468 usum
758 4414 833 4484 apud
842 4414 926 4487 Cing-
953 4417 1143 4479 distributum,
1172 4415 1230 4468 sive
1255 4431 1272 4468 a
1299 4429 1402 4485 genere
1430 4414 1466 4468 ad
1496 4416 1616 4485 speeiem
1646 4416 1792 4484 affirmate,

91 4506 158 4561 lium
181 4503 210 4558 in
228 4501 378 4571 subscript.
398 4500 497 4572 colloq.
516 4500 657 4573 Msrpurg.
680 4500 925 4572 Oecolampsdium
952 4503 1043 4558 facem
1066 4516 1167 4571 panem
1185 4516 1286 4572 corpus
1304 4500 1478 4556 Tertulliano
1497 4519 1552 4557 non
1570 4501 1710 4574 significat
1728 4503 1791 4557 sim·

91 4594 120 4648 in
145 4591 208 4648 Joh.
231 4607 259 4660 p.
284 4593 325 4645 85.
362 4588 554 4659 Bullingerum
578 4589 605 4642 in
629 4605 652 4642 o.
676 4595 698 4644 6,
718 4587 819 4642 Ειιίιι
842 4595 926 4659 atque
953 4589 1063 4660 pliciter
1082 4594 1110 4642 et
1129 4587 1258 4642 absolute
1276 4587 1549 4651 transsubstantiare,
1568 4591 1617 4643 sed
1635 4587 1742 4653 facere,
1759 4594 1792 4644 ut

92 4677 160 4733 elios
179 4690 331 4732 occurrere.
953 4675 1032 4746 panis
1052 4674 1089 4728 sit
1109 4674 1231 4745 eorporis
1248 4679 1465 4740 sacramentum,
1479 4673 1520 4727 sic
1541 4674 1613 4728 enim
1633 4673 1792 4730 immediate

8 4772 57 4811 ιιιιι
128 4770 186 4822 139.
213 4765 307 4834 Atque
325 4760 394 4815 haec
412 4761 441 4815 in
459 4778 561 4833 genere
581 4761 615 4817 de
632 4768 743 4832 patrum
763 4762 926 4817 testimomu
953 4761 1111 4832 subjungit,
1142 4761 1193 4814 boe
1219 4769 1385 4830 eucarpus
1408 4778 1497 4815 meum
1517 4761 1652 4827 sinendo,
1683 4761 1734 4815 boc
1752 4769 1792 4815 est

9 4822 71 4913 iii*
94 4852 168 4908 dieta
192 4849 264 4917 siut,
292 4863 484 4919 percurramus
502 4848 625 4917 potiora,
653 4864 724 4920 quae
743 4848 927 4904 Bellarminns
954 4849 1047 4916 staura
1070 4848 1199 4917 corporis
1222 4848 1291 4914 mn,
1315 4852 1344 4902 et
1364 4846 1411 4902 lib.
1434 4853 1455 4902 l.
1474 4847 1539 4902 adv.
1556 4846 1687 4901 Marcion.
1706 4864 1729 4902 c.
1751 4853 1791 4904 u.

8 4927 74 5019 ξιξ,
93 4943 182 5011 urget,
200 4937 231 4991 in
248 4935 353 5007 specie:
374 4941 396 4990 l.
408 4933 535 4989 Justinus
553 4934 582 4987 iu
600 4935 672 5004 apol.
687 4940 711 4990 2.
730 4934 807 5003 dicit,
821 4951 927 5005 panem
954 4953 981 5006 p.
999 4939 1058 4990 350.
1077 4934 1142 4990 edit
1162 4931 1309 4991 Comei:
1338 4935 1399 4987 Nec
1413 4950 1519 5003 ponem
1537 4933 1710 5002 reprobavit,
1737 4951 1792 5003 quo

8 5030 49 5070 ⁸¹⁸2
88 5041 175 5095 prece
193 5023 272 5077 serbi
289 5022 349 5075 Dei
364 5019 571 5084 sanctificatum
588 5037 646 5074 esse
668 5038 781 5075 earnem
800 5022 926 5076 Domini.
953 5023 1045 5090 ipcmn
1071 5037 1152 5073 suum
1176 5037 1279 5089 corpus
1301 5027 1503 5088 repraesentat.
1528 5018 1575 5075 lib.
1595 5023 1619 5075 3.
1638 5018 1700 5072 adv.
1721 5018 1793 5073 Mar

8 5082 83 5177 immi,
91 5109 318 5182 Respondemus:
341 5106 435 5177 eequis
460 5111 584 5159 nostrum
601 5104 653 5160 hoc
669 5106 774 5178 negat?
801 5124 866 5178 pag.
887 5113 926 5165 76,
941 5080 1024 5162 leion.
1048 5122 1072 5160 c.
1097 5110 1138 5160 19.
1167 5121 1232 5175 pag.
1260 5110 1322 5160 396:
1362 5107 1455 5160 Venite
1477 5106 1617 5158 mittamus
1636 5105 1743 5174 lienum
1763 5107 1793 5159 in

91 5203 174 5253 coeat
191 5191 277 5264 ἔριον
296 5191 545 5265 εὐχαριστηθένια,
565 5208 669 5260 panem
695 5192 725 5244 in
743 5211 797 5262 quo
816 5195 927 5263 oratioe
949 5209 1055 5263 panau
1081 5191 1158 5257 eius,
1187 5191 1281 5260 utique
1308 5193 1339 5244 in
1363 5208 1479 5259 eornm,
1507 5191 1548 5243 sio
1573 5191 1645 5245 enim
1663 5193 1744 5245 Deus
1762 5193 1794 5246 in

92 5292 173 5338 actae
195 5289 260 5336 sunt
283 5279 378 5347 (vertit
393 5275 570 5348 interpres),'
582 5293 684 5346 panem
702 5276 880 5334 benedictum
900 5286 928 5336 et
954 5279 1099 5348 manqelco
1118 5293 1227 5347 quoqsse
1245 5284 1336 5331 oestro
1356 5278 1418 5334 (hoc
1437 5280 1480 5332 est
1496 5276 1606 5346 Lucae,
1631 5280 1706 5350 qnod
1724 5279 1793 5335 reci·

92 5367 302 5434 sanctificatum,
320 5383 376 5420 non
395 5368 487 5420 autem
500 5363 806 5431 transsubstantiatum
824 5365 926 5421 ibidem
953 5365 1069 5438 piebant
1087 5364 1282 5434 Marcionitae)
1299 5365 1447 5432 revelarit,
1469 5379 1576 5432 panem
1593 5381 1696 5433 corpus
1713 5383 1793 5421 suum

91 5463 154 5528 post
175 5452 423 5510 sanctificationem
442 5467 498 5505 nou
516 5455 609 5521 negat,
627 5448 725 5504 adesse
742 5465 857 5520 panem,
877 5452 927 5506 sed
954 5451 1119 5523 appellans,
1146 5457 1176 5503 ut
1202 5458 1229 5504 et
1254 5451 1318 5506 bine
1339 5451 1400 5519 iam
1421 5466 1484 5503 eum
1501 5450 1648 5520 inteiiiqas
1665 5452 1794 5520 conparis

91 5547 184 5614 negat,
202 5556 263 5596 esse
281 5555 453 5594 communem
469 5553 580 5608 panem.
607 5533 732 5590 Adhibet
751 5535 834 5592 etiam
854 5536 928 5596 simi.
954 5539 1000 5594 sai
1027 5543 1148 5607 ssquram
1174 5538 1249 5607 poni
1276 5538 1405 5605 dedisse,
1429 5536 1512 5604 cuius
1537 5545 1615 5591 retro
1636 5552 1738 5606 corpus
1761 5537 1793 5589 in
