<?xml version="1.0" encoding="UTF-8"?>
<!DOCTYPE html PUBLIC "-//W3C//DTD XHTML 1.0 Transitional//EN"
    "http://www.w3.org/TR/xhtml1/DTD/xhtml1-transitional.dtd">
<html xmlns="http://www.w3.org/1999/xhtml" xml:lang="en" lang="en">
 <head>
  <title>
</title>
<meta http-equiv="Content-Type" content="text/html;charset=utf-8" />
  <meta name='ocr-system' content='tesseract 3.04.00' />
  <meta name='ocr-capabilities' content='ocr_page ocr_carea ocr_par ocr_line ocrx_word'/>
</head>
<body>
  <div class='ocr_page' id='page_1' title='image "./locitheologicit03gerhgoog_0484.png"; bbox 0 0 4004 6022; ppageno 0'>
   <div class='ocr_carea' id='block_1_1' title="bbox 774 256 1749 326">
    <p class='ocr_par' dir='ltr' id='par_1_1' title="bbox 774 256 1749 326">
     <span class='ocr_line' id='line_1_1' title="bbox 774 256 1749 326; baseline -0.011 -12"><span class='ocrx_word' id='word_1_1' title='bbox 774 256 826 315; x_wconf 81' lang='lat' dir='ltr'>DE</span> <span class='ocrx_word' id='word_1_2' title='bbox 843 256 1055 317; x_wconf 62' lang='lat' dir='ltr'>necessu..</span> <span class='ocrx_word' id='word_1_3' title='bbox 1687 265 1749 326; x_wconf 70' lang='lat' dir='ltr'>m</span> 
     </span>
    </p>
   </div>
   <div class='ocr_carea' id='block_1_2' title="bbox 10 410 1875 4977">
    <p class='ocr_par' dir='ltr' id='par_1_2' title="bbox 53 410 1821 2135">
     <span class='ocr_line' id='line_1_2' title="bbox 56 410 1751 487; baseline 0.002 -20"><span class='ocrx_word' id='word_1_4' title='bbox 56 413 138 482; x_wconf 76' lang='lat' dir='ltr'>pines</span> <span class='ocrx_word' id='word_1_5' title='bbox 177 430 197 466; x_wconf 90' lang='lat' dir='ltr'><strong><em>a</em></strong></span> <span class='ocrx_word' id='word_1_6' title='bbox 234 410 374 482; x_wconf 77' lang='lat' dir='ltr'>Greporio</span> <span class='ocrx_word' id='word_1_7' title='bbox 409 413 554 466; x_wconf 76' lang='lat' dir='ltr'><em>Romanae</em></span> <span class='ocrx_word' id='word_1_8' title='bbox 596 413 673 467; x_wconf 85' lang='lat' dir='ltr'>urbis</span> <span class='ocrx_word' id='word_1_9' title='bbox 707 415 832 468; x_wconf 85' lang='lat' dir='ltr'>antistite</span> <span class='ocrx_word' id='word_1_10' title='bbox 867 413 950 468; x_wconf 90' lang='lat' dir='ltr'>et&#39;in</span> <span class='ocrx_word' id='word_1_11' title='bbox 969 415 1085 485; x_wconf 78' lang='lat' dir='ltr'>praefat.</span> <span class='ocrx_word' id='word_1_12' title='bbox 1106 414 1184 471; x_wconf 85' lang='lat' dir='ltr'>eneh.</span> <span class='ocrx_word' id='word_1_13' title='bbox 1207 414 1265 473; x_wconf 88' lang='lat' dir='ltr'>mil.</span> <span class='ocrx_word' id='word_1_14' title='bbox 1286 413 1387 470; x_wconf 76' lang='lat' dir='ltr'>christ.</span> <span class='ocrx_word' id='word_1_15' title='bbox 1405 430 1470 487; x_wconf 75' lang='lat' dir='ltr'>pag.</span> <span class='ocrx_word' id='word_1_16' title='bbox 1488 419 1536 471; x_wconf 81' lang='lat'>³1:</span> <span class='ocrx_word' id='word_1_17' title='bbox 1571 415 1636 470; x_wconf 86' lang='lat' dir='ltr'>Non</span> <span class='ocrx_word' id='word_1_18' title='bbox 1654 416 1751 470; x_wconf 76' lang='lat' dir='ltr'>adoro·</span> 
     </span>
     <span class='ocr_line' id='line_1_3' title="bbox 58 498 1751 568; baseline 0.002 -15"><span class='ocrx_word' id='word_1_19' title='bbox 58 499 185 553; x_wconf 86' lang='lat' dir='ltr'>adorari</span> <span class='ocrx_word' id='word_1_20' title='bbox 200 498 387 568; x_wconf 82' lang='lat' dir='ltr'>probibentur</span> <span class='ocrx_word' id='word_1_21' title='bbox 410 507 436 551; x_wconf 87' lang='lat' dir='ltr'>et</span> <span class='ocrx_word' id='word_1_22' title='bbox 459 500 567 566; x_wconf 72' lang='lat' dir='ltr'>[ranei.</span> <span class='ocrx_word' id='word_1_23' title='bbox 605 499 670 557; x_wconf 89' lang='lat' dir='ltr'>vid.</span> <span class='ocrx_word' id='word_1_24' title='bbox 695 517 719 556; x_wconf 89' lang='lat' dir='ltr'>c.</span> <span class='ocrx_word' id='word_1_25' title='bbox 744 500 893 557; x_wconf 82' lang='lat' dir='ltr'>Peristum.</span> <span class='ocrx_word' id='word_1_26' title='bbox 920 503 986 555; x_wconf 87' lang='lat' dir='ltr'>dssm</span> <span class='ocrx_word' id='word_1_27' title='bbox 1009 502 1233 557; x_wconf 80' lang='lat' dir='ltr'>desiderabimus</span> <span class='ocrx_word' id='word_1_28' title='bbox 1250 503 1280 556; x_wconf 83' lang='lat' dir='ltr'>s&#39;n</span> <span class='ocrx_word' id='word_1_29' title='bbox 1299 518 1331 556; x_wconf 89' lang='lat' dir='ltr'>eo</span> <span class='ocrx_word' id='word_1_30' title='bbox 1351 503 1409 556; x_wconf 79' lang='lat' dir='ltr'>trra</span> <span class='ocrx_word' id='word_1_31' title='bbox 1425 503 1480 557; x_wconf 86' lang='lat' dir='ltr'>iila</span> <span class='ocrx_word' id='word_1_32' title='bbox 1497 510 1562 556; x_wconf 85' lang='lat' dir='ltr'>eota</span> <span class='ocrx_word' id='word_1_33' title='bbox 1583 502 1619 555; x_wconf 92' lang='lat' dir='ltr'>ab</span> <span class='ocrx_word' id='word_1_34' title='bbox 1635 503 1751 556; x_wconf 66' lang='lat' dir='ltr'>bordni·</span> 
     </span>
     <span class='ocr_line' id='line_1_4' title="bbox 59 584 1752 658; baseline 0.002 -19"><span class='ocrx_word' id='word_1_35' title='bbox 59 586 124 640; x_wconf 84' lang='lat' dir='ltr'>dist.</span> <span class='ocrx_word' id='word_1_36' title='bbox 146 591 170 640; x_wconf 83' lang='grc'>3.</span> <span class='ocrx_word' id='word_1_37' title='bbox 190 586 226 642; x_wconf 87' lang='lat' dir='ltr'>de</span> <span class='ocrx_word' id='word_1_38' title='bbox 243 589 393 640; x_wconf 78' lang='lat' dir='ltr'>consecret</span> <span class='ocrx_word' id='word_1_39' title='bbox 413 590 436 640; x_wconf 85' lang='grc'>3.</span> <span class='ocrx_word' id='word_1_40' title='bbox 482 584 614 642; x_wconf 79' lang='lat' dir='ltr'>Calvinus</span> <span class='ocrx_word' id='word_1_41' title='bbox 632 602 688 641; x_wconf 90' lang='lat' dir='ltr'>non</span> <span class='ocrx_word' id='word_1_42' title='bbox 706 585 773 642; x_wconf 91' lang='lat' dir='ltr'>dicit</span> <span class='ocrx_word' id='word_1_43' title='bbox 791 585 894 657; x_wconf 89' lang='lat' dir='ltr'>simpli·</span> <span class='ocrx_word' id='word_1_44' title='bbox 920 588 970 641; x_wconf 87' lang='lat' dir='ltr'>bus</span> <span class='ocrx_word' id='word_1_45' title='bbox 993 597 1120 657; x_wconf 83' lang='lat' dir='ltr'>reperta,</span> <span class='ocrx_word' id='word_1_46' title='bbox 1150 589 1201 658; x_wconf 80' lang='lat' dir='ltr'>qai</span> <span class='ocrx_word' id='word_1_47' title='bbox 1219 590 1344 658; x_wconf 84' lang='lat' dir='ltr'>primum</span> <span class='ocrx_word' id='word_1_48' title='bbox 1368 589 1445 642; x_wconf 85' lang='lat' dir='ltr'>iilud</span> <span class='ocrx_word' id='word_1_49' title='bbox 1470 597 1497 642; x_wconf 91' lang='lat' dir='ltr'>et</span> <span class='ocrx_word' id='word_1_50' title='bbox 1519 589 1631 642; x_wconf 76' lang='lat' dir='ltr'>unicum</span> <span class='ocrx_word' id='word_1_51' title='bbox 1651 597 1752 658; x_wconf 70' lang='lat' dir='ltr'>musas,</span> 
     </span>
     <span class='ocr_line' id='line_1_5' title="bbox 56 670 1751 745; baseline 0.002 -18"><span class='ocrx_word' id='word_1_52' title='bbox 56 672 141 739; x_wconf 85' lang='lat' dir='ltr'>citer,</span> <span class='ocrx_word' id='word_1_53' title='bbox 166 671 257 726; x_wconf 83' lang='lat' dir='ltr'>nullus</span> <span class='ocrx_word' id='word_1_54' title='bbox 278 670 364 727; x_wconf 80' lang='lat' dir='ltr'>fuisse</span> <span class='ocrx_word' id='word_1_55' title='bbox 393 671 459 725; x_wconf 93' lang='lat' dir='ltr'>olim</span> <span class='ocrx_word' id='word_1_56' title='bbox 485 672 619 744; x_wconf 72' lang='lat' dir='ltr'>imagines</span> <span class='ocrx_word' id='word_1_57' title='bbox 641 672 670 727; x_wconf 93' lang='lat' dir='ltr'>in</span> <span class='ocrx_word' id='word_1_58' title='bbox 687 673 799 744; x_wconf 90' lang='lat' dir='ltr'>templis</span> <span class='ocrx_word' id='word_1_59' title='bbox 816 671 893 728; x_wconf 84' lang='lat' dir='ltr'>Chri·</span> <span class='ocrx_word' id='word_1_60' title='bbox 920 675 997 742; x_wconf 83' lang='lat' dir='ltr'>qnad</span> <span class='ocrx_word' id='word_1_61' title='bbox 1021 675 1051 727; x_wconf 89' lang='lat' dir='ltr'>in</span> <span class='ocrx_word' id='word_1_62' title='bbox 1074 676 1211 745; x_wconf 89' lang='lat' dir='ltr'>baptismo</span> <span class='ocrx_word' id='word_1_63' title='bbox 1233 692 1292 745; x_wconf 30' lang='lat' dir='ltr'>non·</span> <span class='ocrx_word' id='word_1_64' title='bbox 1306 674 1426 739; x_wconf 84' lang='lat' dir='ltr'>bomini,</span> <span class='ocrx_word' id='word_1_65' title='bbox 1450 675 1503 728; x_wconf 88' lang='lat' dir='ltr'>sed</span> <span class='ocrx_word' id='word_1_66' title='bbox 1519 673 1630 728; x_wconf 72' lang='lat' dir='ltr'>Olrrssto</span> <span class='ocrx_word' id='word_1_67' title='bbox 1648 693 1751 730; x_wconf 63' lang='lat' dir='ltr'>nuncu</span> 
     </span>
     <span class='ocr_line' id='line_1_6' title="bbox 57 757 1752 831; baseline 0.002 -19"><span class='ocrx_word' id='word_1_68' title='bbox 57 758 224 821; x_wconf 82' lang='lat' dir='ltr'>stiunorum,</span> <span class='ocrx_word' id='word_1_69' title='bbox 250 758 299 813; x_wconf 88' lang='lat' dir='ltr'>sed</span> <span class='ocrx_word' id='word_1_70' title='bbox 323 757 503 813; x_wconf 89' lang='lat' dir='ltr'>communiter</span> <span class='ocrx_word' id='word_1_71' title='bbox 526 776 559 814; x_wconf 84' lang='lat' dir='ltr'>uc</span> <span class='ocrx_word' id='word_1_72' title='bbox 581 760 685 830; x_wconf 76' lang='lat' dir='ltr'>passim</span> <span class='ocrx_word' id='word_1_73' title='bbox 712 776 759 814; x_wconf 87' lang='lat' dir='ltr'>ess</span> <span class='ocrx_word' id='word_1_74' title='bbox 784 759 813 815; x_wconf 93' lang='lat' dir='ltr'>in</span> <span class='ocrx_word' id='word_1_75' title='bbox 834 758 893 828; x_wconf 89' lang='lat' dir='ltr'>qui·</span> <span class='ocrx_word' id='word_1_76' title='bbox 915 761 1062 830; x_wconf 84' lang='lat' dir='ltr'>pavimus,</span> <span class='ocrx_word' id='word_1_77' title='bbox 1092 761 1199 815; x_wconf 88' lang='lat' dir='ltr'>sineere</span> <span class='ocrx_word' id='word_1_78' title='bbox 1226 761 1393 831; x_wconf 75' lang='lat' dir='ltr'>pus-iterque</span> <span class='ocrx_word' id='word_1_79' title='bbox 1419 761 1581 817; x_wconf 77' lang='lat' dir='ltr'>emanarit.</span> <span class='ocrx_word' id='word_1_80' title='bbox 1623 768 1648 816; x_wconf 84' lang='lat' dir='ltr'>t.</span> <span class='ocrx_word' id='word_1_81' title='bbox 1677 760 1752 826; x_wconf 82' lang='lat' dir='ltr'>Quid</span> 
     </span>
     <span class='ocr_line' id='line_1_7' title="bbox 57 841 1753 919; baseline 0.003 -22"><span class='ocrx_word' id='word_1_82' title='bbox 57 841 154 898; x_wconf 85' lang='lat' dir='ltr'>busvis</span> <span class='ocrx_word' id='word_1_83' title='bbox 179 843 289 915; x_wconf 88' lang='lat' dir='ltr'>templis</span> <span class='ocrx_word' id='word_1_84' title='bbox 313 844 399 903; x_wconf 80' lang='lat' dir='ltr'>fuisse</span> <span class='ocrx_word' id='word_1_85' title='bbox 425 852 522 916; x_wconf 80' lang='lat' dir='ltr'>neget,</span> <span class='ocrx_word' id='word_1_86' title='bbox 554 863 609 917; x_wconf 88' lang='lat' dir='ltr'>qus</span> <span class='ocrx_word' id='word_1_87' title='bbox 632 846 660 901; x_wconf 89' lang='lat' dir='ltr'>in</span> <span class='ocrx_word' id='word_1_88' title='bbox 684 853 762 917; x_wconf 83' lang='lat' dir='ltr'>perte</span> <span class='ocrx_word' id='word_1_89' title='bbox 786 841 995 919; x_wconf 57' lang='lat' dir='ltr'>inobliquod</span> <span class='ocrx_word' id='word_1_90' title='bbox 1017 846 1078 917; x_wconf 89' lang='lat' dir='ltr'>ipse</span> <span class='ocrx_word' id='word_1_91' title='bbox 1101 863 1176 917; x_wconf 80' lang='lat' dir='ltr'>pape</span> <span class='ocrx_word' id='word_1_92' title='bbox 1195 847 1306 916; x_wconf 83' lang='lat' dir='ltr'>saepius</span> <span class='ocrx_word' id='word_1_93' title='bbox 1325 846 1430 904; x_wconf 78' lang='lat' dir='ltr'>retexet</span> <span class='ocrx_word' id='word_1_94' title='bbox 1447 852 1512 902; x_wconf 81' lang='lat' dir='ltr'>vote</span> <span class='ocrx_word' id='word_1_95' title='bbox 1529 846 1696 915; x_wconf 75' lang='lat' dir='ltr'>monastice,</span> <span class='ocrx_word' id='word_1_96' title='bbox 1720 851 1753 902; x_wconf 90' lang='lat' dir='ltr'>nt</span> 
     </span>
     <span class='ocr_line' id='line_1_8' title="bbox 59 929 1752 1004; baseline 0.003 -21"><span class='ocrx_word' id='word_1_97' title='bbox 59 951 132 1002; x_wconf 73' lang='grc' dir='ltr'><em>φους</em></span> <span class='ocrx_word' id='word_1_98' title='bbox 159 929 246 987; x_wconf 81' lang='lat' dir='ltr'>habet</span> <span class='ocrx_word' id='word_1_99' title='bbox 273 932 407 1004; x_wconf 83' lang='lat' dir='ltr'>quosdam</span> <span class='ocrx_word' id='word_1_100' title='bbox 432 948 466 987; x_wconf 87' lang='lat' dir='ltr'>ex</span> <span class='ocrx_word' id='word_1_101' title='bbox 494 931 657 988; x_wconf 87' lang='lat' dir='ltr'>Pontificiis.</span> <span class='ocrx_word' id='word_1_102' title='bbox 702 934 834 988; x_wconf 81' lang='lat' dir='ltr'>Erasmus</span> <span class='ocrx_word' id='word_1_103' title='bbox 864 932 893 986; x_wconf 89' lang='lat' dir='ltr'>in</span> <span class='ocrx_word' id='word_1_104' title='bbox 919 931 1045 1003; x_wconf 75' lang='lat' dir='ltr'>plurimis</span> <span class='ocrx_word' id='word_1_105' title='bbox 1063 931 1196 1002; x_wconf 80' lang='lat' dir='ltr'>exemplis</span> <span class='ocrx_word' id='word_1_106' title='bbox 1217 932 1397 988; x_wconf 87' lang='lat' dir='ltr'>dsmomtrsri</span> <span class='ocrx_word' id='word_1_107' title='bbox 1417 939 1520 1004; x_wconf 85' lang='lat' dir='ltr'>potest,</span> <span class='ocrx_word' id='word_1_108' title='bbox 1539 949 1569 988; x_wconf 88' lang='lat' dir='ltr'>rs</span> <span class='ocrx_word' id='word_1_109' title='bbox 1586 933 1648 1004; x_wconf 81' lang='lat' dir='ltr'>ipse</span> <span class='ocrx_word' id='word_1_110' title='bbox 1665 933 1752 1004; x_wconf 72' lang='lat' dir='ltr'>igibus</span> 
     </span>
     <span class='ocr_line' id='line_1_9' title="bbox 57 1017 1752 1089; baseline 0.002 -19"><span class='ocrx_word' id='word_1_111' title='bbox 57 1017 148 1088; x_wconf 85' lang='lat' dir='ltr'>symb.</span> <span class='ocrx_word' id='word_1_112' title='bbox 168 1017 272 1072; x_wconf 79' lang='lat' dir='ltr'>catech.</span> <span class='ocrx_word' id='word_1_113' title='bbox 291 1023 315 1072; x_wconf 85' lang='grc'>6.</span> <span class='ocrx_word' id='word_1_114' title='bbox 332 1035 396 1089; x_wconf 81' lang='lat' dir='ltr'>pag.</span> <span class='ocrx_word' id='word_1_115' title='bbox 417 1024 480 1073; x_wconf 76' lang='lat' dir='ltr'>tol:</span> <span class='ocrx_word' id='word_1_116' title='bbox 522 1019 612 1088; x_wconf 82' lang='lat' dir='ltr'>Usque</span> <span class='ocrx_word' id='word_1_117' title='bbox 632 1021 808 1073; x_wconf 71' lang='lat' dir='ltr'>adnotatam</span> <span class='ocrx_word' id='word_1_118' title='bbox 826 1019 893 1072; x_wconf 85' lang='lat' dir='ltr'>Hie-</span> <span class='ocrx_word' id='word_1_119' title='bbox 919 1023 1051 1087; x_wconf 80' lang='lat' dir='ltr'>testetur,</span> <span class='ocrx_word' id='word_1_120' title='bbox 1079 1034 1161 1089; x_wconf 90' lang='lat' dir='ltr'>posse</span> <span class='ocrx_word' id='word_1_121' title='bbox 1184 1017 1306 1074; x_wconf 87' lang='lat' dir='ltr'>incidere</span> <span class='ocrx_word' id='word_1_122' title='bbox 1325 1020 1431 1089; x_wconf 80' lang='lat' dir='ltr'>justam</span> <span class='ocrx_word' id='word_1_123' title='bbox 1455 1035 1567 1074; x_wconf 82' lang='lat' dir='ltr'>causum</span> <span class='ocrx_word' id='word_1_124' title='bbox 1583 1019 1752 1074; x_wconf 78' lang='lat' dir='ltr'>dissolvendi</span> 
     </span>
     <span class='ocr_line' id='line_1_10' title="bbox 58 1104 1752 1174; baseline 0.002 -18"><span class='ocrx_word' id='word_1_125' title='bbox 58 1104 169 1172; x_wconf 81' lang='lat' dir='ltr'>ronpmi</span> <span class='ocrx_word' id='word_1_126' title='bbox 185 1112 264 1157; x_wconf 76' lang='lat' dir='ltr'>eram</span> <span class='ocrx_word' id='word_1_127' title='bbox 277 1106 418 1173; x_wconf 84' lang='lat' dir='ltr'>probatae</span> <span class='ocrx_word' id='word_1_128' title='bbox 436 1105 583 1173; x_wconf 77' lang='lat' dir='ltr'>relipions&#39;s</span> <span class='ocrx_word' id='word_1_129' title='bbox 597 1106 662 1174; x_wconf 89' lang='lat' dir='ltr'>oiri,</span> <span class='ocrx_word' id='word_1_130' title='bbox 680 1105 771 1174; x_wconf 76' lang='lat' dir='ltr'>quiin</span> <span class='ocrx_word' id='word_1_131' title='bbox 784 1105 894 1173; x_wconf 86' lang='lat' dir='ltr'>templis</span> <span class='ocrx_word' id='word_1_132' title='bbox 919 1110 991 1159; x_wconf 86' lang='lat' dir='ltr'>vots.</span> <span class='ocrx_word' id='word_1_133' title='bbox 1031 1111 1054 1159; x_wconf 87' lang='lat'>5.</span> <span class='ocrx_word' id='word_1_134' title='bbox 1074 1104 1243 1160; x_wconf 82' lang='lat' dir='ltr'>Monssteris</span> <span class='ocrx_word' id='word_1_135' title='bbox 1263 1104 1329 1160; x_wconf 89' lang='lat' dir='ltr'>olim</span> <span class='ocrx_word' id='word_1_136' title='bbox 1346 1104 1433 1161; x_wconf 74' lang='lat' dir='ltr'>finisse</span> <span class='ocrx_word' id='word_1_137' title='bbox 1452 1105 1541 1160; x_wconf 85' lang='lat' dir='ltr'>libers</span> <span class='ocrx_word' id='word_1_138' title='bbox 1556 1105 1616 1161; x_wconf 87' lang='lat' dir='ltr'>sins</span> <span class='ocrx_word' id='word_1_139' title='bbox 1635 1105 1752 1160; x_wconf 78' lang='lat' dir='ltr'>vinculis</span> 
     </span>
     <span class='ocr_line' id='line_1_11' title="bbox 58 1190 1817 1263; baseline 0.003 -20"><span class='ocrx_word' id='word_1_140' title='bbox 58 1191 168 1244; x_wconf 83' lang='lat' dir='ltr'>nullam</span> <span class='ocrx_word' id='word_1_141' title='bbox 195 1191 326 1254; x_wconf 81' lang='lat' dir='ltr'>ferebant</span> <span class='ocrx_word' id='word_1_142' title='bbox 355 1192 504 1260; x_wconf 81' lang='lat' dir='ltr'>imapinem</span> <span class='ocrx_word' id='word_1_143' title='bbox 530 1209 581 1245; x_wconf 88' lang='lat' dir='ltr'>nec</span> <span class='ocrx_word' id='word_1_144' title='bbox 602 1193 724 1262; x_wconf 77' lang='lat' dir='ltr'><strong><em>pictam,</em></strong></span> <span class='ocrx_word' id='word_1_145' title='bbox 750 1209 799 1246; x_wconf 87' lang='lat' dir='ltr'>nec</span> <span class='ocrx_word' id='word_1_146' title='bbox 821 1191 893 1245; x_wconf 74' lang='lat' dir='ltr'>senl-</span> <span class='ocrx_word' id='word_1_147' title='bbox 919 1199 1045 1245; x_wconf 84' lang='lat' dir='ltr'>votorum</span> <span class='ocrx_word' id='word_1_148' title='bbox 1071 1190 1150 1246; x_wconf 82' lang='lat' dir='ltr'>testis</span> <span class='ocrx_word' id='word_1_149' title='bbox 1175 1199 1218 1246; x_wconf 89' lang='lat' dir='ltr'>est</span> <span class='ocrx_word' id='word_1_150' title='bbox 1240 1190 1340 1262; x_wconf 85' lang='lat' dir='ltr'>Polyd.</span> <span class='ocrx_word' id='word_1_151' title='bbox 1368 1191 1501 1263; x_wconf 74' lang='lat' dir='ltr'>Virgilius</span> <span class='ocrx_word' id='word_1_152' title='bbox 1523 1191 1572 1247; x_wconf 85' lang='lat' dir='ltr'>lib.</span> <span class='ocrx_word' id='word_1_153' title='bbox 1596 1198 1619 1247; x_wconf 82' lang='lat' dir='ltr'>&#39;l</span> <span class='ocrx_word' id='word_1_154' title='bbox 1646 1192 1681 1248; x_wconf 86' lang='lat' dir='ltr'>de</span> <span class='ocrx_word' id='word_1_155' title='bbox 1697 1209 1751 1249; x_wconf 84' lang='lat' dir='ltr'>rer.</span> <span class='ocrx_word' id='word_1_156' title='bbox 1815 1218 1817 1223; x_wconf 95' lang='lat'>·</span> 
     </span>
     <span class='ocr_line' id='line_1_12' title="bbox 53 1277 1751 1349; baseline 0.002 -20"><span class='ocrx_word' id='word_1_157' title='bbox 53 1286 152 1346; x_wconf 80' lang='lat' dir='ltr'>ptam,</span> <span class='ocrx_word' id='word_1_158' title='bbox 173 1294 222 1332; x_wconf 88' lang='lat' dir='ltr'>nec</span> <span class='ocrx_word' id='word_1_159' title='bbox 239 1285 353 1343; x_wconf 82' lang='lat' dir='ltr'>testam,</span> <span class='ocrx_word' id='word_1_160' title='bbox 370 1296 405 1332; x_wconf 90' lang='lat' dir='ltr'>ac</span> <span class='ocrx_word' id='word_1_161' title='bbox 423 1296 458 1332; x_wconf 91' lang='lat' dir='ltr'>ne</span> <span class='ocrx_word' id='word_1_162' title='bbox 477 1278 583 1333; x_wconf 76' lang='lat' dir='ltr'>Otrtm·</span> <span class='ocrx_word' id='word_1_163' title='bbox 600 1281 721 1348; x_wconf 75' lang='lat' dir='ltr'>quidem,</span> <span class='ocrx_word' id='word_1_164' title='bbox 741 1285 771 1331; x_wconf 84' lang='lat' dir='ltr'>ut</span> <span class='ocrx_word' id='word_1_165' title='bbox 790 1279 892 1346; x_wconf 77' lang='lat' dir='ltr'>opinor</span> <span class='ocrx_word' id='word_1_166' title='bbox 919 1277 1022 1332; x_wconf 85' lang='lat' dir='ltr'>invent.</span> <span class='ocrx_word' id='word_1_167' title='bbox 1043 1295 1067 1334; x_wconf 93' lang='lat' dir='ltr'>c.</span> <span class='ocrx_word' id='word_1_168' title='bbox 1088 1282 1115 1332; x_wconf 88' lang='lat'>1:</span> <span class='ocrx_word' id='word_1_169' title='bbox 1140 1278 1272 1332; x_wconf 83' lang='lat' dir='ltr'>Vestitum</span> <span class='ocrx_word' id='word_1_170' title='bbox 1288 1279 1431 1332; x_wconf 72' lang='lat' dir='ltr'>bonmtum</span> <span class='ocrx_word' id='word_1_171' title='bbox 1444 1296 1501 1348; x_wconf 86' lang='lat' dir='ltr'>pro</span> <span class='ocrx_word' id='word_1_172' title='bbox 1520 1296 1571 1333; x_wconf 83' lang='lat' dir='ltr'>suo</span> <span class='ocrx_word' id='word_1_173' title='bbox 1591 1279 1655 1347; x_wconf 75' lang='lat' dir='ltr'>iure</span> <span class='ocrx_word' id='word_1_174' title='bbox 1677 1280 1751 1349; x_wconf 81' lang='lat' dir='ltr'>quis·</span> 
     </span>
     <span class='ocr_line' id='line_1_13' title="bbox 56 1363 1753 1435; baseline 0.002 -19"><span class='ocrx_word' id='word_1_175' title='bbox 56 1371 175 1433; x_wconf 81' lang='lat' dir='ltr'>propter</span> <span class='ocrx_word' id='word_1_176' title='bbox 194 1365 508 1435; x_wconf 77' lang='lat' dir='ltr'>Anthropomorplritas,</span> <span class='ocrx_word' id='word_1_177' title='bbox 524 1364 664 1434; x_wconf 84' lang='lat' dir='ltr'>paulatim</span> <span class='ocrx_word' id='word_1_178' title='bbox 683 1373 777 1419; x_wconf 80' lang='lat' dir='ltr'>autem</span> <span class='ocrx_word' id='word_1_179' title='bbox 795 1363 893 1431; x_wconf 76' lang='lat' dir='ltr'>imapi·</span> <span class='ocrx_word' id='word_1_180' title='bbox 920 1379 972 1431; x_wconf 74' lang='lat' dir='ltr'>arte</span> <span class='ocrx_word' id='word_1_181' title='bbox 1001 1364 1018 1430; x_wconf 94' lang='lat'><em>(</em></span> <span class='ocrx_word' id='word_1_182' title='bbox 1019 1364 1187 1428; x_wconf 74' lang='lat' dir='ltr'>semaeias)</span> <span class='ocrx_word' id='word_1_183' title='bbox 1217 1364 1349 1418; x_wconf 86' lang='lat' dir='ltr'>sumebat.</span> <span class='ocrx_word' id='word_1_184' title='bbox 1398 1364 1468 1416; x_wconf 88' lang='lat' dir='ltr'>Item</span> <span class='ocrx_word' id='word_1_185' title='bbox 1494 1364 1603 1418; x_wconf 77' lang='lat' dir='ltr'>nullum</span> <span class='ocrx_word' id='word_1_186' title='bbox 1628 1371 1753 1419; x_wconf 69' lang='lat' dir='ltr'>totamm</span> 
     </span>
     <span class='ocr_line' id='line_1_14' title="bbox 58 1447 1821 1523; baseline 0.003 -22"><span class='ocrx_word' id='word_1_187' title='bbox 58 1469 126 1502; x_wconf 83' lang='lat' dir='ltr'>num</span> <span class='ocrx_word' id='word_1_188' title='bbox 151 1468 216 1519; x_wconf 78' lang='lat' dir='ltr'>usus</span> <span class='ocrx_word' id='word_1_189' title='bbox 240 1451 356 1520; x_wconf 83' lang='lat' dir='ltr'>irrepsit</span> <span class='ocrx_word' id='word_1_190' title='bbox 375 1451 406 1504; x_wconf 87' lang='lat' dir='ltr'>s&#39;n</span> <span class='ocrx_word' id='word_1_191' title='bbox 423 1453 534 1521; x_wconf 84' lang='lat' dir='ltr'>templa.</span> <span class='ocrx_word' id='word_1_192' title='bbox 571 1449 672 1523; x_wconf 82' lang='lat' dir='ltr'>Georg.</span> <span class='ocrx_word' id='word_1_193' title='bbox 692 1449 848 1506; x_wconf 79' lang='lat' dir='ltr'>Ossssnder</span> <span class='ocrx_word' id='word_1_194' title='bbox 865 1448 894 1502; x_wconf 87' lang='lat' dir='ltr'>in</span> <span class='ocrx_word' id='word_1_195' title='bbox 920 1447 1073 1512; x_wconf 75' lang='lat' dir='ltr'>uinculum,</span> <span class='ocrx_word' id='word_1_196' title='bbox 1104 1450 1146 1503; x_wconf 86' lang='lat' dir='ltr'>s&#39;ta</span> <span class='ocrx_word' id='word_1_197' title='bbox 1167 1457 1197 1503; x_wconf 87' lang='grc' dir='ltr'>ιιι</span> <span class='ocrx_word' id='word_1_198' title='bbox 1220 1450 1358 1519; x_wconf 75' lang='lat' dir='ltr'>inteprum</span> <span class='ocrx_word' id='word_1_199' title='bbox 1382 1449 1529 1519; x_wconf 80' lang='lat' dir='ltr'>unicuique</span> <span class='ocrx_word' id='word_1_200' title='bbox 1541 1451 1622 1516; x_wconf 84' lang='lat' dir='ltr'>soret</span> <span class='ocrx_word' id='word_1_201' title='bbox 1640 1467 1753 1507; x_wconf 70' lang='lat' dir='ltr'>manen</span> <span class='ocrx_word' id='word_1_202' title='bbox 1817 1480 1821 1489; x_wconf 61' lang='lat'>⁴</span> 
     </span>
     <span class='ocr_line' id='line_1_15' title="bbox 59 1535 1753 1608; baseline 0.001 -18"><span class='ocrx_word' id='word_1_203' title='bbox 59 1535 177 1593; x_wconf 87' lang='lat' dir='ltr'>consult.</span> <span class='ocrx_word' id='word_1_204' title='bbox 201 1535 236 1591; x_wconf 82' lang='lat' dir='ltr'>nd</span> <span class='ocrx_word' id='word_1_205' title='bbox 259 1535 357 1608; x_wconf 77' lang='lat' dir='ltr'>impp:</span> <span class='ocrx_word' id='word_1_206' title='bbox 394 1539 444 1592; x_wconf 81' lang='lat' dir='ltr'>Ae</span> <span class='ocrx_word' id='word_1_207' title='bbox 475 1539 610 1606; x_wconf 75' lang='lat' dir='ltr'>inspirer</span> <span class='ocrx_word' id='word_1_208' title='bbox 635 1546 794 1592; x_wconf 83' lang='lat' dir='ltr'>sanctornm</span> <span class='ocrx_word' id='word_1_209' title='bbox 818 1537 895 1606; x_wconf 79' lang='lat' dir='ltr'>qaod</span> <span class='ocrx_word' id='word_1_210' title='bbox 920 1542 970 1589; x_wconf 85' lang='lat' dir='ltr'>aut</span> <span class='ocrx_word' id='word_1_211' title='bbox 994 1535 1152 1604; x_wconf 80' lang='lat' dir='ltr'>proficisci,</span> <span class='ocrx_word' id='word_1_212' title='bbox 1181 1552 1236 1604; x_wconf 86' lang='lat' dir='ltr'>qno</span> <span class='ocrx_word' id='word_1_213' title='bbox 1263 1544 1405 1589; x_wconf 84' lang='lat' dir='ltr'>terrarum</span> <span class='ocrx_word' id='word_1_214' title='bbox 1429 1536 1523 1600; x_wconf 70' lang='lat' dir='ltr'>must,</span> <span class='ocrx_word' id='word_1_215' title='bbox 1551 1536 1595 1590; x_wconf 82' lang='lat' dir='ltr'>sel</span> <span class='ocrx_word' id='word_1_216' title='bbox 1620 1537 1648 1591; x_wconf 84' lang='lat' dir='ltr'>ss‘</span> <span class='ocrx_word' id='word_1_217' title='bbox 1673 1554 1753 1602; x_wconf 75' lang='lat' dir='ltr'>assem</span> 
     </span>
     <span class='ocr_line' id='line_1_16' title="bbox 60 1620 1754 1694; baseline 0.001 -19"><span class='ocrx_word' id='word_1_218' title='bbox 60 1623 160 1675; x_wconf 85' lang='lat' dir='ltr'>attinet</span> <span class='ocrx_word' id='word_1_219' title='bbox 185 1630 288 1677; x_wconf 68' lang='lat' dir='ltr'>emtum</span> <span class='ocrx_word' id='word_1_220' title='bbox 312 1633 366 1690; x_wconf 89' lang='lat' dir='ltr'>est,</span> <span class='ocrx_word' id='word_1_221' title='bbox 392 1625 472 1678; x_wconf 85' lang='lat' dir='ltr'>initio</span> <span class='ocrx_word' id='word_1_222' title='bbox 497 1625 662 1694; x_wconf 81' lang='lat' dir='ltr'>praedicati</span> <span class='ocrx_word' id='word_1_223' title='bbox 685 1623 826 1691; x_wconf 76' lang='lat' dir='ltr'>eoanpelii</span> <span class='ocrx_word' id='word_1_224' title='bbox 841 1622 893 1675; x_wconf 85' lang='lat' dir='ltr'>eli·</span> <span class='ocrx_word' id='word_1_225' title='bbox 921 1621 1062 1690; x_wconf 79' lang='lat' dir='ltr'>ejusmodi</span> <span class='ocrx_word' id='word_1_226' title='bbox 1081 1622 1128 1675; x_wconf 86' lang='lat' dir='ltr'>sni</span> <span class='ocrx_word' id='word_1_227' title='bbox 1152 1620 1275 1676; x_wconf 81' lang='lat' dir='ltr'>instituti</span> <span class='ocrx_word' id='word_1_228' title='bbox 1295 1623 1494 1690; x_wconf 69' lang='lat' dir='ltr'>prenomen,</span> <span class='ocrx_word' id='word_1_229' title='bbox 1524 1624 1607 1677; x_wconf 87' lang='lat' dir='ltr'>etiam</span> <span class='ocrx_word' id='word_1_230' title='bbox 1628 1632 1754 1693; x_wconf 87' lang='lat' dir='ltr'>potestas</span> 
     </span>
     <span class='ocr_line' id='line_1_17' title="bbox 59 1707 1755 1780; baseline 0.002 -19"><span class='ocrx_word' id='word_1_231' title='bbox 59 1716 166 1777; x_wconf 82' lang='lat' dir='ltr'>quanto</span> <span class='ocrx_word' id='word_1_232' title='bbox 194 1717 317 1778; x_wconf 81' lang='lat' dir='ltr'>tempore</span> <span class='ocrx_word' id='word_1_233' title='bbox 345 1712 418 1764; x_wconf 88' lang='lat' dir='ltr'>inter</span> <span class='ocrx_word' id='word_1_234' title='bbox 450 1710 639 1779; x_wconf 78' lang='lat' dir='ltr'>Cirristianas,</span> <span class='ocrx_word' id='word_1_235' title='bbox 671 1710 840 1780; x_wconf 80' lang='lat' dir='ltr'>praesertim</span> <span class='ocrx_word' id='word_1_236' title='bbox 865 1709 895 1762; x_wconf 87' lang='lat' dir='ltr'>in</span> <span class='ocrx_word' id='word_1_237' title='bbox 920 1714 991 1762; x_wconf 89' lang='lat' dir='ltr'>esset</span> <span class='ocrx_word' id='word_1_238' title='bbox 1019 1709 1062 1762; x_wconf 86' lang='lat' dir='ltr'>ad</span> <span class='ocrx_word' id='word_1_239' title='bbox 1083 1707 1239 1776; x_wconf 79' lang='lat' dir='ltr'>pristinam</span> <span class='ocrx_word' id='word_1_240' title='bbox 1267 1710 1409 1762; x_wconf 84' lang='lat' dir='ltr'>redeundi</span> <span class='ocrx_word' id='word_1_241' title='bbox 1440 1710 1539 1778; x_wconf 88' lang='lat' dir='ltr'>eitam,</span> <span class='ocrx_word' id='word_1_242' title='bbox 1571 1727 1626 1764; x_wconf 86' lang='lat' dir='ltr'>non</span> <span class='ocrx_word' id='word_1_243' title='bbox 1652 1711 1755 1780; x_wconf 62' lang='lat' dir='ltr'>deesse</span> 
     </span>
     <span class='ocr_line' id='line_1_18' title="bbox 60 1793 1755 1866; baseline 0.001 -17"><span class='ocrx_word' id='word_1_244' title='bbox 60 1795 195 1862; x_wconf 70' lang='lat' dir='ltr'>wcloeiis,</span> <span class='ocrx_word' id='word_1_245' title='bbox 215 1794 366 1865; x_wconf 81' lang='lat' dir='ltr'>iosapinnm</span> <span class='ocrx_word' id='word_1_246' title='bbox 377 1815 457 1851; x_wconf 73' lang='lat' dir='ltr'>suum</span> <span class='ocrx_word' id='word_1_247' title='bbox 475 1815 531 1851; x_wconf 87' lang='lat' dir='ltr'>non</span> <span class='ocrx_word' id='word_1_248' title='bbox 545 1797 646 1866; x_wconf 84' lang='lat' dir='ltr'>faisse,</span> <span class='ocrx_word' id='word_1_249' title='bbox 667 1805 697 1849; x_wconf 85' lang='grc' dir='ltr'>ιιι</span> <span class='ocrx_word' id='word_1_250' title='bbox 712 1793 896 1850; x_wconf 82' lang='lat' dir='ltr'>eeClemente</span> <span class='ocrx_word' id='word_1_251' title='bbox 921 1802 1012 1848; x_wconf 88' lang='lat' dir='ltr'>tamen</span> <span class='ocrx_word' id='word_1_252' title='bbox 1037 1795 1242 1849; x_wconf 87' lang='lat' dir='ltr'>inconstantiae</span> <span class='ocrx_word' id='word_1_253' title='bbox 1272 1804 1346 1849; x_wconf 91' lang='lat' dir='ltr'>nota.</span> <span class='ocrx_word' id='word_1_254' title='bbox 1396 1795 1506 1858; x_wconf 80' lang='lat' dir='ltr'>Quodsi</span> <span class='ocrx_word' id='word_1_255' title='bbox 1537 1798 1668 1866; x_wconf 83' lang='lat' dir='ltr'>deinceps</span> <span class='ocrx_word' id='word_1_256' title='bbox 1699 1813 1755 1866; x_wconf 86' lang='lat' dir='ltr'>per</span> 
     </span>
     <span class='ocr_line' id='line_1_19' title="bbox 61 1880 1754 1952; baseline 0.001 -19"><span class='ocrx_word' id='word_1_257' title='bbox 61 1890 88 1933; x_wconf 95' lang='lat' dir='ltr'>et</span> <span class='ocrx_word' id='word_1_258' title='bbox 114 1881 242 1935; x_wconf 79' lang='lat' dir='ltr'>Arnobs‘o</span> <span class='ocrx_word' id='word_1_259' title='bbox 265 1890 354 1951; x_wconf 83' lang='lat' dir='ltr'>patet.</span> <span class='ocrx_word' id='word_1_260' title='bbox 400 1882 540 1944; x_wconf 79' lang='lat' dir='ltr'>stantnm</span> <span class='ocrx_word' id='word_1_261' title='bbox 567 1891 659 1936; x_wconf 79' lang='lat' dir='ltr'>aretem</span> <span class='ocrx_word' id='word_1_262' title='bbox 683 1890 786 1935; x_wconf 70' lang='lat' dir='ltr'>uetera</span> <span class='ocrx_word' id='word_1_263' title='bbox 814 1880 895 1934; x_wconf 83' lang='lat' dir='ltr'>initio</span> <span class='ocrx_word' id='word_1_264' title='bbox 921 1899 1008 1935; x_wconf 82' lang='lat' dir='ltr'>nouas</span> <span class='ocrx_word' id='word_1_265' title='bbox 1025 1882 1167 1935; x_wconf 83' lang='lat' dir='ltr'>bominum</span> <span class='ocrx_word' id='word_1_266' title='bbox 1185 1883 1260 1952; x_wconf 79' lang='lat' dir='ltr'>lepos</span> <span class='ocrx_word' id='word_1_267' title='bbox 1272 1883 1434 1937; x_wconf 83' lang='lat' dir='ltr'>inuiolatum</span> <span class='ocrx_word' id='word_1_268' title='bbox 1442 1899 1610 1950; x_wconf 82' lang='lat' dir='ltr'>permanere</span> <span class='ocrx_word' id='word_1_269' title='bbox 1620 1883 1754 1951; x_wconf 77' lang='lat' dir='ltr'>licuisset,</span> 
     </span>
     <span class='ocr_line' id='line_1_20' title="bbox 60 1967 1754 2040; baseline 0.002 -20"><span class='ocrx_word' id='word_1_270' title='bbox 60 1967 197 2021; x_wconf 69' lang='lat' dir='ltr'>sociemus</span> <span class='ocrx_word' id='word_1_271' title='bbox 223 1968 259 2021; x_wconf 88' lang='lat' dir='ltr'>ab</span> <span class='ocrx_word' id='word_1_272' title='bbox 282 1968 359 2021; x_wconf 89' lang='lat' dir='ltr'>omni</span> <span class='ocrx_word' id='word_1_273' title='bbox 381 1976 558 2023; x_wconf 84' lang='lat' dir='ltr'>uerreretsons</span> <span class='ocrx_word' id='word_1_274' title='bbox 574 1968 728 2035; x_wconf 74' lang='lat' dir='ltr'>imayinrsm</span> <span class='ocrx_word' id='word_1_275' title='bbox 745 1967 895 2021; x_wconf 76' lang='lat' dir='ltr'>abhorrue-</span> <span class='ocrx_word' id='word_1_276' title='bbox 922 1968 1002 2036; x_wconf 70' lang='lat' dir='ltr'>lonae</span> <span class='ocrx_word' id='word_1_277' title='bbox 1025 1969 1216 2024; x_wconf 88' lang='lat' dir='ltr'>sanctissimos</span> <span class='ocrx_word' id='word_1_278' title='bbox 1241 1971 1317 2024; x_wconf 90' lang='lat' dir='ltr'>omni</span> <span class='ocrx_word' id='word_1_279' title='bbox 1334 1979 1456 2040; x_wconf 83' lang='lat' dir='ltr'>tempore</span> <span class='ocrx_word' id='word_1_280' title='bbox 1475 1971 1625 2025; x_wconf 78' lang='lat' dir='ltr'>monaelm</span> <span class='ocrx_word' id='word_1_281' title='bbox 1644 1971 1754 2024; x_wconf 77' lang='lat' dir='ltr'>babuis-</span> 
     </span>
     <span class='ocr_line' id='line_1_21' title="bbox 60 2052 1754 2135; baseline 0.004 -30"><span class='ocrx_word' id='word_1_282' title='bbox 60 2055 134 2122; x_wconf 87' lang='lat' dir='ltr'>rint,</span> <span class='ocrx_word' id='word_1_283' title='bbox 152 2054 282 2108; x_wconf 73' lang='lat' dir='ltr'>declarat</span> <span class='ocrx_word' id='word_1_284' title='bbox 300 2073 371 2107; x_wconf 83' lang='lat' dir='ltr'>ursus</span> <span class='ocrx_word' id='word_1_285' title='bbox 392 2054 525 2121; x_wconf 60' lang='lat' dir='ltr'>Maenas</span> <span class='ocrx_word' id='word_1_286' title='bbox 543 2054 607 2110; x_wconf 82' lang='lat' dir='ltr'>ado.</span> <span class='ocrx_word' id='word_1_287' title='bbox 627 2052 752 2135; x_wconf 66' lang='lat' dir='ltr'>Celsum,</span> <span class='ocrx_word' id='word_1_288' title='bbox 776 2054 825 2107; x_wconf 82' lang='lat' dir='ltr'>ubi</span> <span class='ocrx_word' id='word_1_289' title='bbox 841 2053 895 2107; x_wconf 81' lang='lat' dir='ltr'>ait:</span> <span class='ocrx_word' id='word_1_290' title='bbox 921 2071 1025 2122; x_wconf 82' lang='lat' dir='ltr'>semus,</span> <span class='ocrx_word' id='word_1_291' title='bbox 1052 2057 1165 2126; x_wconf 79' lang='lat' dir='ltr'>qrsanda</span> <span class='ocrx_word' id='word_1_292' title='bbox 1183 2058 1305 2126; x_wconf 80' lang='lat' dir='ltr'>improbi</span> <span class='ocrx_word' id='word_1_293' title='bbox 1320 2057 1399 2110; x_wconf 83' lang='lat' dir='ltr'>baud</span> <span class='ocrx_word' id='word_1_294' title='bbox 1414 2058 1465 2111; x_wconf 82' lang='lat' dir='ltr'>diu</span> <span class='ocrx_word' id='word_1_295' title='bbox 1482 2057 1611 2111; x_wconf 71' lang='lat' dir='ltr'>monachi</span> <span class='ocrx_word' id='word_1_296' title='bbox 1626 2058 1754 2120; x_wconf 73' lang='lat' dir='ltr'>fuissent.</span> 
     </span>
    </p>

    <p class='ocr_par' dir='ltr' id='par_1_3' title="bbox 10 2139 1875 2730">
     <span class='ocr_line' id='line_1_22' title="bbox 10 2139 1755 2213; baseline 0.004 -20"><span class='ocrx_word' id='word_1_297' title='bbox 10 2141 48 2184; x_wconf 59' lang='grc' dir='ltr'>δι·</span> <span class='ocrx_word' id='word_1_298' title='bbox 63 2141 251 2210; x_wconf 66' lang='lat' dir='ltr'>Impossibile,</span> <span class='ocrx_word' id='word_1_299' title='bbox 270 2150 300 2195; x_wconf 84' lang='lat' dir='ltr'>at</span> <span class='ocrx_word' id='word_1_300' title='bbox 320 2141 370 2210; x_wconf 76' lang='lat' dir='ltr'>qui</span> <span class='ocrx_word' id='word_1_301' title='bbox 387 2143 481 2195; x_wconf 85' lang='lat' dir='ltr'>Deum</span> <span class='ocrx_word' id='word_1_302' title='bbox 499 2141 582 2210; x_wconf 70' lang='lat' dir='ltr'>norit</span> <span class='ocrx_word' id='word_1_303' title='bbox 594 2142 649 2210; x_wconf 77' lang='lat' dir='ltr'>fiet</span> <span class='ocrx_word' id='word_1_304' title='bbox 667 2140 785 2211; x_wconf 78' lang='lat' dir='ltr'>suppleo</span> <span class='ocrx_word' id='word_1_305' title='bbox 796 2139 896 2193; x_wconf 75' lang='lat' dir='ltr'>motuis</span> <span class='ocrx_word' id='word_1_306' title='bbox 921 2139 1110 2211; x_wconf 82' lang='lat' dir='ltr'>Hospinisnus</span> <span class='ocrx_word' id='word_1_307' title='bbox 1134 2142 1182 2197; x_wconf 93' lang='lat' dir='ltr'>lib.</span> <span class='ocrx_word' id='word_1_308' title='bbox 1209 2147 1234 2200; x_wconf 82' lang='grc'>3.</span> <span class='ocrx_word' id='word_1_309' title='bbox 1260 2143 1296 2197; x_wconf 90' lang='lat' dir='ltr'>de</span> <span class='ocrx_word' id='word_1_310' title='bbox 1314 2142 1515 2213; x_wconf 67' lang='lat' dir='ltr'>mouenheim.</span> <span class='ocrx_word' id='word_1_311' title='bbox 1540 2149 1577 2200; x_wconf 83' lang='lat'>10.</span> <span class='ocrx_word' id='word_1_312' title='bbox 1594 2143 1642 2199; x_wconf 83' lang='lat' dir='ltr'>iol.</span> <span class='ocrx_word' id='word_1_313' title='bbox 1660 2149 1702 2200; x_wconf 80' lang='grc'>61.</span> <span class='ocrx_word' id='word_1_314' title='bbox 1721 2159 1755 2199; x_wconf 87' lang='lat' dir='ltr'>ex</span> 
     </span>
     <span class='ocr_line' id='line_1_23' title="bbox 63 2226 1755 2299; baseline 0 -17"><span class='ocrx_word' id='word_1_315' title='bbox 63 2236 116 2282; x_wconf 85' lang='lat' dir='ltr'>etc.</span> <span class='ocrx_word' id='word_1_316' title='bbox 155 2226 233 2282; x_wconf 86' lang='lat' dir='ltr'>Idem</span> <span class='ocrx_word' id='word_1_317' title='bbox 251 2228 366 2283; x_wconf 77' lang='lat' dir='ltr'>adducit</span> <span class='ocrx_word' id='word_1_318' title='bbox 383 2245 518 2284; x_wconf 85' lang='lat' dir='ltr'>cunonem</span> <span class='ocrx_word' id='word_1_319' title='bbox 534 2227 644 2283; x_wconf 88' lang='lat' dir='ltr'>concilii</span> <span class='ocrx_word' id='word_1_320' title='bbox 657 2226 804 2282; x_wconf 86' lang='lat' dir='ltr'>Elibsrtini</span> <span class='ocrx_word' id='word_1_321' title='bbox 821 2241 895 2280; x_wconf 87' lang='lat' dir='ltr'>suno</span> <span class='ocrx_word' id='word_1_322' title='bbox 921 2226 1048 2283; x_wconf 80' lang='lat' dir='ltr'>Vadisno</span> <span class='ocrx_word' id='word_1_323' title='bbox 1073 2228 1103 2282; x_wconf 93' lang='lat' dir='ltr'>in</span> <span class='ocrx_word' id='word_1_324' title='bbox 1120 2228 1186 2299; x_wconf 89' lang='lat' dir='ltr'>epit.</span> <span class='ocrx_word' id='word_1_325' title='bbox 1204 2229 1288 2283; x_wconf 89' lang='lat' dir='ltr'>trium</span> <span class='ocrx_word' id='word_1_326' title='bbox 1305 2234 1395 2283; x_wconf 86' lang='lat' dir='ltr'>terres</span> <span class='ocrx_word' id='word_1_327' title='bbox 1411 2229 1532 2298; x_wconf 74' lang='lat' dir='ltr'>partium</span> <span class='ocrx_word' id='word_1_328' title='bbox 1548 2229 1597 2287; x_wconf 84' lang='lat' dir='ltr'>iol.</span> <span class='ocrx_word' id='word_1_329' title='bbox 1618 2235 1681 2286; x_wconf 77' lang='lat'><strong>187:</strong></span> <span class='ocrx_word' id='word_1_330' title='bbox 1718 2229 1755 2282; x_wconf 92' lang='lat' dir='ltr'>In</span> 
     </span>
     <span class='ocr_line' id='line_1_24' title="bbox 64 2313 1752 2385; baseline -0.001 -15"><span class='ocrx_word' id='word_1_331' title='bbox 64 2320 124 2370; x_wconf 78' lang='lat'>320.</span> <span class='ocrx_word' id='word_1_332' title='bbox 144 2313 288 2379; x_wconf 77' lang='lat' dir='ltr'>celebrati,</span> <span class='ocrx_word' id='word_1_333' title='bbox 303 2315 433 2384; x_wconf 74' lang='lat' dir='ltr'>picturae</span> <span class='ocrx_word' id='word_1_334' title='bbox 448 2316 478 2369; x_wconf 82' lang='lat' dir='ltr'>in</span> <span class='ocrx_word' id='word_1_335' title='bbox 497 2317 616 2370; x_wconf 87' lang='lat' dir='ltr'>eeclesia</span> <span class='ocrx_word' id='word_1_336' title='bbox 636 2331 694 2368; x_wconf 89' lang='lat' dir='ltr'>csse</span> <span class='ocrx_word' id='word_1_337' title='bbox 712 2332 769 2367; x_wconf 89' lang='lat' dir='ltr'>non</span> <span class='ocrx_word' id='word_1_338' title='bbox 787 2314 895 2376; x_wconf 86' lang='lat' dir='ltr'>debere,</span> <span class='ocrx_word' id='word_1_339' title='bbox 921 2313 972 2367; x_wconf 83' lang='lat' dir='ltr'>lroe</span> <span class='ocrx_word' id='word_1_340' title='bbox 992 2314 1066 2367; x_wconf 83' lang='lat' dir='ltr'>ritae</span> <span class='ocrx_word' id='word_1_341' title='bbox 1087 2331 1187 2383; x_wconf 76' lang='lat' dir='ltr'>penore</span> <span class='ocrx_word' id='word_1_342' title='bbox 1208 2315 1350 2370; x_wconf 85' lang='lat' dir='ltr'>uoluntate</span> <span class='ocrx_word' id='word_1_343' title='bbox 1368 2334 1426 2370; x_wconf 87' lang='lat' dir='ltr'>non</span> <span class='ocrx_word' id='word_1_344' title='bbox 1442 2317 1603 2370; x_wconf 68' lang='lat' dir='ltr'>necestitate</span> <span class='ocrx_word' id='word_1_345' title='bbox 1622 2315 1752 2385; x_wconf 86' lang='lat' dir='ltr'>persiste·</span> 
     </span>
     <span class='ocr_line' id='line_1_25' title="bbox 63 2399 1753 2471; baseline 0.001 -16"><span class='ocrx_word' id='word_1_346' title='bbox 63 2418 98 2455; x_wconf 89' lang='lat' dir='ltr'>ne</span> <span class='ocrx_word' id='word_1_347' title='bbox 110 2403 188 2470; x_wconf 81' lang='lat' dir='ltr'>quod</span> <span class='ocrx_word' id='word_1_348' title='bbox 198 2401 307 2468; x_wconf 62' lang='lat' dir='ltr'>camur,</span> <span class='ocrx_word' id='word_1_349' title='bbox 327 2401 357 2454; x_wconf 89' lang='lat' dir='ltr'>in</span> <span class='ocrx_word' id='word_1_350' title='bbox 366 2403 524 2471; x_wconf 83' lang='lat' dir='ltr'>parielibus</span> <span class='ocrx_word' id='word_1_351' title='bbox 532 2404 679 2471; x_wconf 72' lang='lat' dir='ltr'>pinyatur.</span> <span class='ocrx_word' id='word_1_352' title='bbox 699 2399 764 2454; x_wconf 88' lang='lat' dir='ltr'>Huc</span> <span class='ocrx_word' id='word_1_353' title='bbox 777 2399 896 2454; x_wconf 78' lang='lat' dir='ltr'>referen-</span> <span class='ocrx_word' id='word_1_354' title='bbox 922 2400 996 2467; x_wconf 87' lang='lat' dir='ltr'>bant,</span> <span class='ocrx_word' id='word_1_355' title='bbox 1018 2408 1126 2455; x_wconf 68' lang='lat' dir='ltr'>mosae</span> <span class='ocrx_word' id='word_1_356' title='bbox 1143 2401 1246 2454; x_wconf 85' lang='lat' dir='ltr'>licebat</span> <span class='ocrx_word' id='word_1_357' title='bbox 1260 2402 1452 2471; x_wconf 84' lang='lat' dir='ltr'>propositum,</span> <span class='ocrx_word' id='word_1_358' title='bbox 1476 2403 1584 2471; x_wconf 82' lang='lat' dir='ltr'>quoties</span> <span class='ocrx_word' id='word_1_359' title='bbox 1601 2403 1676 2456; x_wconf 88' lang='lat' dir='ltr'>ratio</span> <span class='ocrx_word' id='word_1_360' title='bbox 1693 2416 1753 2455; x_wconf 79' lang='lat' dir='ltr'>ene·</span> 
     </span>
     <span class='ocr_line' id='line_1_26' title="bbox 62 2484 1013 2558; baseline 0 -18"><span class='ocrx_word' id='word_1_361' title='bbox 62 2487 139 2550; x_wconf 90' lang='lat' dir='ltr'>dum,</span> <span class='ocrx_word' id='word_1_362' title='bbox 158 2487 234 2557; x_wconf 88' lang='lat' dir='ltr'>quod</span> <span class='ocrx_word' id='word_1_363' title='bbox 251 2487 349 2542; x_wconf 85' lang='lat' dir='ltr'>Aelius</span> <span class='ocrx_word' id='word_1_364' title='bbox 367 2487 544 2558; x_wconf 71' lang='lat' dir='ltr'>Lampridius</span> <span class='ocrx_word' id='word_1_365' title='bbox 562 2487 592 2541; x_wconf 90' lang='lat' dir='ltr'>in</span> <span class='ocrx_word' id='word_1_366' title='bbox 609 2488 668 2541; x_wconf 85' lang='lat' dir='ltr'>vita</span> <span class='ocrx_word' id='word_1_367' title='bbox 683 2487 764 2541; x_wconf 85' lang='lat' dir='ltr'>Alex.</span> <span class='ocrx_word' id='word_1_368' title='bbox 802 2484 896 2541; x_wconf 85' lang='lat' dir='ltr'>Severi</span> <span class='ocrx_word' id='word_1_369' title='bbox 921 2485 1013 2555; x_wconf 83' lang='lat' dir='ltr'>pisset.</span> 
     </span>
     <span class='ocr_line' id='line_1_27' title="bbox 62 2570 1870 2643; baseline 0.001 -16"><span class='ocrx_word' id='word_1_370' title='bbox 62 2579 171 2636; x_wconf 79' lang='lat' dir='ltr'>narret,</span> <span class='ocrx_word' id='word_1_371' title='bbox 192 2573 288 2642; x_wconf 83' lang='lat' dir='ltr'>prime</span> <span class='ocrx_word' id='word_1_372' title='bbox 309 2572 532 2629; x_wconf 75' lang='lat' dir='ltr'>Christianorum</span> <span class='ocrx_word' id='word_1_373' title='bbox 550 2573 654 2643; x_wconf 82' lang='lat' dir='ltr'>templa</span> <span class='ocrx_word' id='word_1_374' title='bbox 673 2573 798 2627; x_wconf 83' lang='lat' dir='ltr'>omnibus</span> <span class='ocrx_word' id='word_1_375' title='bbox 811 2573 894 2625; x_wconf 77' lang='lat' dir='ltr'>simet·</span> <span class='ocrx_word' id='word_1_376' title='bbox 956 2577 1015 2627; x_wconf 77' lang='lat'>226.</span> <span class='ocrx_word' id='word_1_377' title='bbox 1050 2571 1115 2626; x_wconf 89' lang='lat' dir='ltr'>XX.</span> <span class='ocrx_word' id='word_1_378' title='bbox 1144 2571 1266 2635; x_wconf 80' lang='lat' dir='ltr'>Quidam</span> <span class='ocrx_word' id='word_1_379' title='bbox 1292 2573 1446 2643; x_wconf 77' lang='lat' dir='ltr'>nepcbant,</span> <span class='ocrx_word' id='word_1_380' title='bbox 1470 2574 1667 2628; x_wconf 67' lang='lat' dir='ltr'>eucharistiae»</span> <span class='ocrx_word' id='word_1_381' title='bbox 1690 2570 1870 2628; x_wconf 50' lang='lat' dir='ltr'>ceream*</span> 
     </span>
     <span class='ocr_line' id='line_1_28' title="bbox 62 2622 1875 2730; baseline 0.003 -18"><span class='ocrx_word' id='word_1_382' title='bbox 62 2659 150 2712; x_wconf 84' lang='lat' dir='ltr'>leeris</span> <span class='ocrx_word' id='word_1_383' title='bbox 169 2660 299 2715; x_wconf 62' lang='lat' dir='ltr'>carmmse.</span> <span class='ocrx_word' id='word_1_384' title='bbox 922 2675 979 2712; x_wconf 87' lang='lat' dir='ltr'>esse</span> <span class='ocrx_word' id='word_1_385' title='bbox 995 2676 1108 2712; x_wconf 84' lang='lat' dir='ltr'>earnem</span> <span class='ocrx_word' id='word_1_386' title='bbox 1127 2656 1241 2726; x_wconf 74' lang='lat' dir='ltr'>Christi,</span> <span class='ocrx_word' id='word_1_387' title='bbox 1261 2667 1287 2713; x_wconf 89' lang='lat' dir='ltr'>et</span> <span class='ocrx_word' id='word_1_388' title='bbox 1306 2665 1412 2713; x_wconf 87' lang='lat' dir='ltr'>tantam</span> <span class='ocrx_word' id='word_1_389' title='bbox 1423 2661 1754 2730; x_wconf 71' lang='lat' dir='ltr'>meesoiebamfiauram</span> <span class='ocrx_word' id='word_1_390' title='bbox 1765 2622 1875 2717; x_wconf 50' lang='lat' dir='ltr'>wisi:</span> 
     </span>
    </p>

    <p class='ocr_par' dir='ltr' id='par_1_4' title="bbox 10 2728 1831 2816">
     <span class='ocr_line' id='line_1_29' title="bbox 10 2728 1831 2816; baseline 0.002 -18"><span class='ocrx_word' id='word_1_391' title='bbox 10 2767 48 2798; x_wconf 63' lang='grc' dir='ltr'>ι..</span> <span class='ocrx_word' id='word_1_392' title='bbox 98 2751 156 2801; x_wconf 75' lang='lat'>225.</span> <span class='ocrx_word' id='word_1_393' title='bbox 180 2745 260 2800; x_wconf 80' lang='lat' dir='ltr'>xlx.</span> <span class='ocrx_word' id='word_1_394' title='bbox 279 2747 459 2816; x_wconf 70' lang='lat' dir='ltr'>ramessem</span> <span class='ocrx_word' id='word_1_395' title='bbox 476 2748 640 2814; x_wconf 67' lang='lat' dir='ltr'>eomer,</span> <span class='ocrx_word' id='word_1_396' title='bbox 658 2747 829 2800; x_wconf 64' lang='lat' dir='ltr'>mmmm</span> <span class='ocrx_word' id='word_1_397' title='bbox 849 2747 896 2799; x_wconf 77' lang='lat' dir='ltr'>m·</span> <span class='ocrx_word' id='word_1_398' title='bbox 920 2746 1282 2815; x_wconf 59' lang='lat' dir='ltr'>ratesponensem</span> <span class='ocrx_word' id='word_1_399' title='bbox 1296 2747 1408 2802; x_wconf 73' lang='lat' dir='ltr'>mmo.</span> <span class='ocrx_word' id='word_1_400' title='bbox 1439 2746 1487 2800; x_wconf 81' lang='lat' dir='ltr'>m</span> <span class='ocrx_word' id='word_1_401' title='bbox 1501 2746 1669 2811; x_wconf 57' lang='lat' dir='ltr'>sesemen</span> <span class='ocrx_word' id='word_1_402' title='bbox 1687 2746 1752 2804; x_wconf 81' lang='lat' dir='ltr'>VH.</span> <span class='ocrx_word' id='word_1_403' title='bbox 1765 2728 1831 2770; x_wconf 66' lang='lat'>“⁸¹⁸</span> 
     </span>
    </p>

    <p class='ocr_par' dir='ltr' id='par_1_5' title="bbox 10 2819 1861 4977">
     <span class='ocr_line' id='line_1_30' title="bbox 10 2819 1753 2904; baseline 0.001 -17"><span class='ocrx_word' id='word_1_404' title='bbox 10 2819 126 2902; x_wconf 52' lang='lat' dir='ltr'>ssbere</span> <span class='ocrx_word' id='word_1_405' title='bbox 149 2849 208 2887; x_wconf 88' lang='lat' dir='ltr'>esse</span> <span class='ocrx_word' id='word_1_406' title='bbox 228 2833 332 2896; x_wconf 84' lang='lat' dir='ltr'>libera,</span> <span class='ocrx_word' id='word_1_407' title='bbox 357 2834 408 2886; x_wconf 81' lang='lat' dir='ltr'>troc</span> <span class='ocrx_word' id='word_1_408' title='bbox 427 2842 467 2887; x_wconf 88' lang='lat' dir='ltr'>est</span> <span class='ocrx_word' id='word_1_409' title='bbox 484 2833 545 2887; x_wconf 87' lang='lat' dir='ltr'>sine</span> <span class='ocrx_word' id='word_1_410' title='bbox 561 2833 633 2887; x_wconf 87' lang='lat' dir='ltr'>ostis</span> <span class='ocrx_word' id='word_1_411' title='bbox 648 2833 806 2902; x_wconf 80' lang='lat' dir='ltr'>perpetuis,</span> <span class='ocrx_word' id='word_1_412' title='bbox 833 2834 896 2885; x_wconf 89' lang='lat' dir='ltr'>Da·</span> <span class='ocrx_word' id='word_1_413' title='bbox 921 2833 1028 2900; x_wconf 76' lang='lat' dir='ltr'>synodo</span> <span class='ocrx_word' id='word_1_414' title='bbox 1052 2840 1104 2886; x_wconf 85' lang='lat' dir='ltr'>act.</span> <span class='ocrx_word' id='word_1_415' title='bbox 1127 2834 1152 2885; x_wconf 85' lang='lat'>6.</span> <span class='ocrx_word' id='word_1_416' title='bbox 1175 2840 1241 2886; x_wconf 87' lang='lat' dir='ltr'>tom.</span> <span class='ocrx_word' id='word_1_417' title='bbox 1263 2834 1290 2886; x_wconf 82' lang='lat'>3.</span> <span class='ocrx_word' id='word_1_418' title='bbox 1315 2841 1341 2885; x_wconf 92' lang='lat' dir='ltr'>et</span> <span class='ocrx_word' id='word_1_419' title='bbox 1367 2832 1449 2902; x_wconf 73' lang='lat' dir='ltr'>lonae</span> <span class='ocrx_word' id='word_1_420' title='bbox 1475 2841 1560 2888; x_wconf 84' lang='lat' dir='ltr'>antea</span> <span class='ocrx_word' id='word_1_421' title='bbox 1584 2849 1617 2887; x_wconf 83' lang='lat' dir='ltr'>ee</span> <span class='ocrx_word' id='word_1_422' title='bbox 1636 2835 1753 2904; x_wconf 77' lang='lat' dir='ltr'>Ipsatio</span> 
     </span>
     <span class='ocr_line' id='line_1_31' title="bbox 62 2919 1753 2991; baseline 0.002 -19"><span class='ocrx_word' id='word_1_423' title='bbox 62 2936 206 2973; x_wconf 71' lang='lat' dir='ltr'>masconia</span> <span class='ocrx_word' id='word_1_424' title='bbox 222 2919 270 2974; x_wconf 69' lang='lat' dir='ltr'>lib,</span> <span class='ocrx_word' id='word_1_425' title='bbox 282 2921 318 2972; x_wconf 91' lang='lat' dir='ltr'>de</span> <span class='ocrx_word' id='word_1_426' title='bbox 331 2927 437 2973; x_wconf 87' lang='lat' dir='ltr'>centum</span> <span class='ocrx_word' id='word_1_427' title='bbox 451 2919 584 2972; x_wconf 71' lang='lat' dir='ltr'>lacrmib.</span> <span class='ocrx_word' id='word_1_428' title='bbox 617 2920 699 2973; x_wconf 85' lang='lat' dir='ltr'><strong><em>Idem</em></strong></span> <span class='ocrx_word' id='word_1_429' title='bbox 710 2919 761 2973; x_wconf 84' lang='lat' dir='ltr'>boc</span> <span class='ocrx_word' id='word_1_430' title='bbox 773 2926 895 2988; x_wconf 83' lang='lat' dir='ltr'>tempore</span> <span class='ocrx_word' id='word_1_431' title='bbox 921 2919 995 2972; x_wconf 86' lang='lat' dir='ltr'>idem</span> <span class='ocrx_word' id='word_1_432' title='bbox 1011 2921 1103 2985; x_wconf 78' lang='lat' dir='ltr'>refert</span> <span class='ocrx_word' id='word_1_433' title='bbox 1119 2919 1308 2974; x_wconf 79' lang='lat' dir='ltr'>Tleodoretus</span> <span class='ocrx_word' id='word_1_434' title='bbox 1325 2920 1355 2972; x_wconf 89' lang='lat' dir='ltr'>in</span> <span class='ocrx_word' id='word_1_435' title='bbox 1372 2920 1497 2991; x_wconf 67' lang='grc' dir='ltr'>ἀιαιορο,</span> <span class='ocrx_word' id='word_1_436' title='bbox 1515 2922 1565 2990; x_wconf 82' lang='lat' dir='ltr'>qui</span> <span class='ocrx_word' id='word_1_437' title='bbox 1581 2921 1687 2975; x_wconf 75' lang='lat' dir='ltr'>dicitur</span> <span class='ocrx_word' id='word_1_438' title='bbox 1703 2923 1753 2975; x_wconf 88' lang='lat' dir='ltr'>s&#39;m·</span> 
     </span>
     <span class='ocr_line' id='line_1_32' title="bbox 63 3005 1753 3077; baseline 0.001 -17"><span class='ocrx_word' id='word_1_439' title='bbox 63 3007 159 3060; x_wconf 73' lang='grc' dir='ltr'>ιιοσιιὲι</span> <span class='ocrx_word' id='word_1_440' title='bbox 177 3007 313 3060; x_wconf 81' lang='lat' dir='ltr'>Lutlrerus</span> <span class='ocrx_word' id='word_1_441' title='bbox 331 3006 378 3060; x_wconf 84' lang='lat' dir='ltr'>lib.</span> <span class='ocrx_word' id='word_1_442' title='bbox 395 3006 512 3059; x_wconf 55' lang='lat' dir='ltr'>&amp;sotis</span> <span class='ocrx_word' id='word_1_443' title='bbox 524 3015 641 3060; x_wconf 71' lang='lat' dir='ltr'>monad.</span> <span class='ocrx_word' id='word_1_444' title='bbox 670 3005 895 3076; x_wconf 81' lang='lat' dir='ltr'>Respondemus:</span> <span class='ocrx_word' id='word_1_445' title='bbox 917 3006 1056 3076; x_wconf 69' lang='lat' dir='ltr'>patetis.</span> <span class='ocrx_word' id='word_1_446' title='bbox 1087 3007 1180 3065; x_wconf 69' lang='lat' dir='ltr'>Hanc</span> <span class='ocrx_word' id='word_1_447' title='bbox 1203 3007 1332 3061; x_wconf 69' lang='lat' dir='ltr'>moerin</span> <span class='ocrx_word' id='word_1_448' title='bbox 1355 3008 1455 3062; x_wconf 85' lang='lat' dir='ltr'>docent</span> <span class='ocrx_word' id='word_1_449' title='bbox 1478 3008 1530 3060; x_wconf 86' lang='lat' dir='ltr'>lsoc</span> <span class='ocrx_word' id='word_1_450' title='bbox 1550 3015 1671 3077; x_wconf 84' lang='lat' dir='ltr'>tempore</span> <span class='ocrx_word' id='word_1_451' title='bbox 1691 3006 1753 3065; x_wconf 70' lang='lat' dir='ltr'>ttr-</span> 
     </span>
     <span class='ocr_line' id='line_1_33' title="bbox 66 3090 1752 3165; baseline 0 -17"><span class='ocrx_word' id='word_1_452' title='bbox 66 3099 88 3148; x_wconf 89' lang='lat'>1.</span> <span class='ocrx_word' id='word_1_453' title='bbox 107 3092 176 3165; x_wconf 89' lang='lat' dir='ltr'>quid</span> <span class='ocrx_word' id='word_1_454' title='bbox 194 3092 231 3147; x_wconf 90' lang='lat' dir='ltr'>de</span> <span class='ocrx_word' id='word_1_455' title='bbox 248 3090 420 3147; x_wconf 86' lang='lat' dir='ltr'>monasteriis</span> <span class='ocrx_word' id='word_1_456' title='bbox 438 3092 631 3160; x_wconf 80' lang='lat' dir='ltr'>statuendum,</span> <span class='ocrx_word' id='word_1_457' title='bbox 657 3091 725 3146; x_wconf 86' lang='lat' dir='ltr'>ulibi</span> <span class='ocrx_word' id='word_1_458' title='bbox 744 3091 895 3162; x_wconf 84' lang='lat' dir='ltr'>exponitur.</span> <span class='ocrx_word' id='word_1_459' title='bbox 921 3094 995 3162; x_wconf 83' lang='lat' dir='ltr'>plius</span> <span class='ocrx_word' id='word_1_460' title='bbox 1018 3101 1045 3147; x_wconf 88' lang='lat' dir='ltr'>et</span> <span class='ocrx_word' id='word_1_461' title='bbox 1063 3092 1198 3147; x_wconf 82' lang='lat' dir='ltr'>Calvinus</span> <span class='ocrx_word' id='word_1_462' title='bbox 1222 3099 1274 3149; x_wconf 86' lang='lat' dir='ltr'>etc.</span> <span class='ocrx_word' id='word_1_463' title='bbox 1308 3094 1531 3164; x_wconf 85' lang='lat' dir='ltr'>Respondemus:</span> <span class='ocrx_word' id='word_1_464' title='bbox 1556 3093 1692 3149; x_wconf 82' lang='lat' dir='ltr'>sententis</span> <span class='ocrx_word' id='word_1_465' title='bbox 1709 3109 1752 3148; x_wconf 86' lang='lat' dir='ltr'>ec·</span> 
     </span>
     <span class='ocr_line' id='line_1_34' title="bbox 62 3175 1752 3251; baseline -0.001 -18"><span class='ocrx_word' id='word_1_466' title='bbox 62 3178 138 3234; x_wconf 87' lang='lat' dir='ltr'>Vots</span> <span class='ocrx_word' id='word_1_467' title='bbox 163 3178 316 3233; x_wconf 80' lang='lat' dir='ltr'>monastice</span> <span class='ocrx_word' id='word_1_468' title='bbox 340 3194 374 3232; x_wconf 88' lang='lat' dir='ltr'>ea</span> <span class='ocrx_word' id='word_1_469' title='bbox 399 3177 510 3248; x_wconf 91' lang='lat' dir='ltr'>quidem</span> <span class='ocrx_word' id='word_1_470' title='bbox 533 3175 622 3232; x_wconf 85' lang='lat' dir='ltr'>forme</span> <span class='ocrx_word' id='word_1_471' title='bbox 648 3182 677 3233; x_wconf 90' lang='lat' dir='ltr'>et</span> <span class='ocrx_word' id='word_1_472' title='bbox 698 3175 764 3245; x_wconf 86' lang='lat' dir='ltr'>fine,</span> <span class='ocrx_word' id='word_1_473' title='bbox 793 3195 848 3248; x_wconf 89' lang='lat' dir='ltr'>quo</span> <span class='ocrx_word' id='word_1_474' title='bbox 866 3178 896 3232; x_wconf 90' lang='lat' dir='ltr'>iu</span> <span class='ocrx_word' id='word_1_475' title='bbox 921 3180 1065 3234; x_wconf 86' lang='lat' dir='ltr'>elesisrum</span> <span class='ocrx_word' id='word_1_476' title='bbox 1082 3186 1236 3234; x_wconf 64' lang='lat' dir='ltr'>rosunum</span> <span class='ocrx_word' id='word_1_477' title='bbox 1255 3179 1283 3234; x_wconf 89' lang='lat' dir='ltr'>in</span> <span class='ocrx_word' id='word_1_478' title='bbox 1296 3179 1464 3251; x_wconf 78' lang='lat' dir='ltr'>Augustum</span> <span class='ocrx_word' id='word_1_479' title='bbox 1481 3179 1651 3236; x_wconf 80' lang='lat' dir='ltr'>confessione</span> <span class='ocrx_word' id='word_1_480' title='bbox 1668 3179 1752 3235; x_wconf 89' lang='lat' dir='ltr'>diser·</span> 
     </span>
     <span class='ocr_line' id='line_1_35' title="bbox 62 3263 1755 3338; baseline -0.001 -17"><span class='ocrx_word' id='word_1_481' title='bbox 62 3263 354 3338; x_wconf 81' lang='lat' dir='ltr'>pepetuhodiefiunt,</span> <span class='ocrx_word' id='word_1_482' title='bbox 374 3263 490 3318; x_wconf 80' lang='lat' dir='ltr'>dicimus</span> <span class='ocrx_word' id='word_1_483' title='bbox 509 3281 569 3319; x_wconf 87' lang='lat' dir='ltr'>esse</span> <span class='ocrx_word' id='word_1_484' title='bbox 582 3264 816 3334; x_wconf 74' lang='lat' dir='ltr'>ioelotprssetnr</span> <span class='ocrx_word' id='word_1_485' title='bbox 832 3282 896 3319; x_wconf 88' lang='lat' dir='ltr'>nus·</span> <span class='ocrx_word' id='word_1_486' title='bbox 921 3263 955 3319; x_wconf 92' lang='lat' dir='ltr'>tis</span> <span class='ocrx_word' id='word_1_487' title='bbox 981 3264 1073 3320; x_wconf 91' lang='lat' dir='ltr'>verbis</span> <span class='ocrx_word' id='word_1_488' title='bbox 1096 3265 1222 3335; x_wconf 87' lang='lat' dir='ltr'>exposita</span> <span class='ocrx_word' id='word_1_489' title='bbox 1245 3271 1287 3319; x_wconf 89' lang='lat' dir='ltr'>est</span> <span class='ocrx_word' id='word_1_490' title='bbox 1312 3272 1364 3319; x_wconf 80' lang='lat' dir='ltr'>art</span> <span class='ocrx_word' id='word_1_491' title='bbox 1386 3272 1431 3320; x_wconf 83' lang='lat' dir='ltr'>lo:</span> <span class='ocrx_word' id='word_1_492' title='bbox 1460 3267 1507 3318; x_wconf 85' lang='lat' dir='ltr'>De</span> <span class='ocrx_word' id='word_1_493' title='bbox 1525 3282 1613 3318; x_wconf 87' lang='lat' dir='ltr'>coena</span> <span class='ocrx_word' id='word_1_494' title='bbox 1635 3265 1755 3319; x_wconf 83' lang='lat' dir='ltr'>Domini</span> 
     </span>
     <span class='ocr_line' id='line_1_36' title="bbox 61 3350 1754 3425; baseline -0.002 -18"><span class='ocrx_word' id='word_1_495' title='bbox 61 3355 137 3425; x_wconf 75' lang='lat' dir='ltr'>piam</span> <span class='ocrx_word' id='word_1_496' title='bbox 157 3353 187 3407; x_wconf 90' lang='lat' dir='ltr'>in</span> <span class='ocrx_word' id='word_1_497' title='bbox 204 3351 289 3408; x_wconf 85' lang='lat' dir='ltr'>verbo</span> <span class='ocrx_word' id='word_1_498' title='bbox 307 3351 361 3406; x_wconf 90' lang='lat' dir='ltr'>Dei</span> <span class='ocrx_word' id='word_1_499' title='bbox 381 3351 587 3421; x_wconf 80' lang='lat' dir='ltr'>praescriptum,</span> <span class='ocrx_word' id='word_1_500' title='bbox 606 3366 761 3422; x_wconf 73' lang='lat' dir='ltr'>repugnare</span> <span class='ocrx_word' id='word_1_501' title='bbox 773 3350 896 3406; x_wconf 82' lang='lat' dir='ltr'>libertati</span> <span class='ocrx_word' id='word_1_502' title='bbox 921 3353 1020 3405; x_wconf 76' lang='lat' dir='ltr'>elocent</span> <span class='ocrx_word' id='word_1_503' title='bbox 1046 3352 1179 3406; x_wconf 84' lang='lat' dir='ltr'>ecclesiae</span> <span class='ocrx_word' id='word_1_504' title='bbox 1206 3360 1327 3414; x_wconf 82' lang='lat' dir='ltr'>nostrae,</span> <span class='ocrx_word' id='word_1_505' title='bbox 1357 3353 1433 3420; x_wconf 81' lang='lat' dir='ltr'>quod</span> <span class='ocrx_word' id='word_1_506' title='bbox 1459 3368 1561 3420; x_wconf 76' lang='lat' dir='ltr'>eorpus</span> <span class='ocrx_word' id='word_1_507' title='bbox 1587 3359 1613 3404; x_wconf 89' lang='lat' dir='ltr'>et</span> <span class='ocrx_word' id='word_1_508' title='bbox 1638 3353 1754 3421; x_wconf 80' lang='lat' dir='ltr'>serspsis</span> 
     </span>
     <span class='ocr_line' id='line_1_37' title="bbox 61 3436 1754 3510; baseline -0.005 -12"><span class='ocrx_word' id='word_1_509' title='bbox 61 3439 244 3504; x_wconf 73' lang='lat' dir='ltr'>Christianus,</span> <span class='ocrx_word' id='word_1_510' title='bbox 264 3439 398 3510; x_wconf 78' lang='lat' dir='ltr'>derogare</span> <span class='ocrx_word' id='word_1_511' title='bbox 409 3436 511 3492; x_wconf 81' lang='lat' dir='ltr'>Christi</span> <span class='ocrx_word' id='word_1_512' title='bbox 524 3436 630 3499; x_wconf 87' lang='lat' dir='ltr'>merito,</span> <span class='ocrx_word' id='word_1_513' title='bbox 650 3437 797 3493; x_wconf 76' lang='lat' dir='ltr'>obscurare</span> <span class='ocrx_word' id='word_1_514' title='bbox 810 3454 896 3509; x_wconf 76' lang='lat' dir='ltr'>opera</span> <span class='ocrx_word' id='word_1_515' title='bbox 922 3437 1027 3490; x_wconf 73' lang='lat' dir='ltr'>Christi</span> <span class='ocrx_word' id='word_1_516' title='bbox 1051 3455 1114 3491; x_wconf 85' lang='lat' dir='ltr'>sere</span> <span class='ocrx_word' id='word_1_517' title='bbox 1138 3439 1235 3491; x_wconf 85' lang='lat' dir='ltr'>adsint</span> <span class='ocrx_word' id='word_1_518' title='bbox 1259 3456 1293 3491; x_wconf 90' lang='lat' dir='ltr'>ac</span> <span class='ocrx_word' id='word_1_519' title='bbox 1316 3438 1520 3491; x_wconf 85' lang='lat' dir='ltr'>distribrmntar</span> <span class='ocrx_word' id='word_1_520' title='bbox 1538 3439 1707 3490; x_wconf 74' lang='lat' dir='ltr'>oesmneibus</span> <span class='ocrx_word' id='word_1_521' title='bbox 1723 3437 1754 3489; x_wconf 86' lang='lat' dir='ltr'>in</span> 
     </span>
     <span class='ocr_line' id='line_1_38' title="bbox 62 3523 1753 3596; baseline -0.004 -13"><span class='ocrx_word' id='word_1_522' title='bbox 62 3528 196 3583; x_wconf 82' lang='lat' dir='ltr'>divinitus</span> <span class='ocrx_word' id='word_1_523' title='bbox 230 3525 374 3592; x_wconf 82' lang='lat' dir='ltr'>mandute,</span> <span class='ocrx_word' id='word_1_524' title='bbox 415 3523 566 3596; x_wconf 75' lang='lat' dir='ltr'>illaqueare</span> <span class='ocrx_word' id='word_1_525' title='bbox 598 3523 794 3593; x_wconf 81' lang='lat' dir='ltr'>eonseienties,</span> <span class='ocrx_word' id='word_1_526' title='bbox 835 3542 895 3580; x_wconf 86' lang='lat' dir='ltr'>esse</span> <span class='ocrx_word' id='word_1_527' title='bbox 920 3541 1007 3576; x_wconf 88' lang='lat' dir='ltr'>coena</span> <span class='ocrx_word' id='word_1_528' title='bbox 1029 3524 1161 3592; x_wconf 79' lang='lat' dir='ltr'>Domini,</span> <span class='ocrx_word' id='word_1_529' title='bbox 1183 3532 1210 3577; x_wconf 89' lang='lat' dir='ltr'>et</span> <span class='ocrx_word' id='word_1_530' title='bbox 1229 3525 1388 3593; x_wconf 85' lang='lat' dir='ltr'>irnprobont</span> <span class='ocrx_word' id='word_1_531' title='bbox 1405 3541 1484 3577; x_wconf 84' lang='lat' dir='ltr'>secus</span> <span class='ocrx_word' id='word_1_532' title='bbox 1503 3527 1641 3578; x_wconf 72' lang='lat' dir='ltr'>docentes.</span> <span class='ocrx_word' id='word_1_533' title='bbox 1677 3523 1753 3594; x_wconf 80' lang='lat' dir='ltr'>Apo·</span> 
     </span>
     <span class='ocr_line' id='line_1_39' title="bbox 61 3597 1754 3685; baseline -0.006 -14"><span class='ocrx_word' id='word_1_534' title='bbox 61 3612 280 3685; x_wconf 85' lang='lat' dir='ltr'>superstitionis,</span> <span class='ocrx_word' id='word_1_535' title='bbox 304 3611 483 3681; x_wconf 87' lang='lat' dir='ltr'>hypocriseos</span> <span class='ocrx_word' id='word_1_536' title='bbox 500 3616 529 3666; x_wconf 91' lang='lat' dir='ltr'>et</span> <span class='ocrx_word' id='word_1_537' title='bbox 545 3609 718 3665; x_wconf 77' lang='lat' dir='ltr'>idololatriae</span> <span class='ocrx_word' id='word_1_538' title='bbox 737 3610 896 3681; x_wconf 84' lang='lat' dir='ltr'>plenissime</span> <span class='ocrx_word' id='word_1_539' title='bbox 919 3609 995 3680; x_wconf 86' lang='lat' dir='ltr'>logis</span> <span class='ocrx_word' id='word_1_540' title='bbox 1023 3609 1152 3666; x_wconf 76' lang='lat' dir='ltr'>confess:</span> <span class='ocrx_word' id='word_1_541' title='bbox 1190 3609 1359 3675; x_wconf 68' lang='lat' dir='ltr'>Confitemar</span> <span class='ocrx_word' id='word_1_542' title='bbox 1386 3627 1439 3663; x_wconf 90' lang='lat' dir='ltr'>nos</span> <span class='ocrx_word' id='word_1_543' title='bbox 1467 3611 1583 3676; x_wconf 88' lang='lat' dir='ltr'>sentire,</span> <span class='ocrx_word' id='word_1_544' title='bbox 1618 3597 1695 3678; x_wconf 72' lang='lat' dir='ltr'>quod</span> <span class='ocrx_word' id='word_1_545' title='bbox 1724 3611 1754 3661; x_wconf 88' lang='lat' dir='ltr'>in</span> 
     </span>
     <span class='ocr_line' id='line_1_40' title="bbox 61 3695 1754 3771; baseline -0.004 -15"><span class='ocrx_word' id='word_1_546' title='bbox 61 3709 115 3756; x_wconf 86' lang='lat' dir='ltr'>etc.</span> <span class='ocrx_word' id='word_1_547' title='bbox 141 3698 277 3771; x_wconf 89' lang='lat' dir='ltr'>siquidem</span> <span class='ocrx_word' id='word_1_548' title='bbox 300 3696 424 3752; x_wconf 86' lang='lat' dir='ltr'>homines</span> <span class='ocrx_word' id='word_1_549' title='bbox 444 3695 498 3749; x_wconf 89' lang='lat' dir='ltr'>illis</span> <span class='ocrx_word' id='word_1_550' title='bbox 517 3696 554 3750; x_wconf 82' lang='lat' dir='ltr'>ud</span> <span class='ocrx_word' id='word_1_551' title='bbox 573 3705 737 3767; x_wconf 84' lang='lat' dir='ltr'>perpetuum</span> <span class='ocrx_word' id='word_1_552' title='bbox 754 3697 895 3768; x_wconf 79' lang='lat' dir='ltr'>virgimts·</span> <span class='ocrx_word' id='word_1_553' title='bbox 920 3714 1006 3751; x_wconf 88' lang='lat' dir='ltr'>coena</span> <span class='ocrx_word' id='word_1_554' title='bbox 1027 3697 1145 3750; x_wconf 89' lang='lat' dir='ltr'>Domini</span> <span class='ocrx_word' id='word_1_555' title='bbox 1164 3715 1228 3751; x_wconf 87' lang='lat' dir='ltr'>sere</span> <span class='ocrx_word' id='word_1_556' title='bbox 1250 3705 1276 3751; x_wconf 94' lang='lat' dir='ltr'>et</span> <span class='ocrx_word' id='word_1_557' title='bbox 1299 3698 1521 3751; x_wconf 77' lang='lat' dir='ltr'>substantialiter</span> <span class='ocrx_word' id='word_1_558' title='bbox 1539 3697 1636 3751; x_wconf 83' lang='lat' dir='ltr'>adsint</span> <span class='ocrx_word' id='word_1_559' title='bbox 1652 3713 1754 3768; x_wconf 72' lang='lat' dir='ltr'>corpas</span> 
     </span>
     <span class='ocr_line' id='line_1_41' title="bbox 61 3782 1861 3858; baseline -0.003 -15"><span class='ocrx_word' id='word_1_560' title='bbox 61 3794 128 3857; x_wconf 89' lang='lat' dir='ltr'>tem,</span> <span class='ocrx_word' id='word_1_561' title='bbox 144 3792 335 3858; x_wconf 82' lang='lat' dir='ltr'>paupertstem</span> <span class='ocrx_word' id='word_1_562' title='bbox 354 3791 383 3838; x_wconf 89' lang='lat' dir='ltr'>et</span> <span class='ocrx_word' id='word_1_563' title='bbox 401 3782 587 3838; x_wconf 84' lang='lat' dir='ltr'>obedientium</span> <span class='ocrx_word' id='word_1_564' title='bbox 597 3783 680 3853; x_wconf 83' lang='lat' dir='ltr'>juxte</span> <span class='ocrx_word' id='word_1_565' title='bbox 691 3790 796 3838; x_wconf 84' lang='lat' dir='ltr'>certum</span> <span class='ocrx_word' id='word_1_566' title='bbox 809 3801 894 3856; x_wconf 83' lang='lat' dir='ltr'>qusn-</span> <span class='ocrx_word' id='word_1_567' title='bbox 921 3790 948 3836; x_wconf 89' lang='lat' dir='ltr'>et</span> <span class='ocrx_word' id='word_1_568' title='bbox 973 3783 1090 3852; x_wconf 78' lang='lat' dir='ltr'>sompnis</span> <span class='ocrx_word' id='word_1_569' title='bbox 1111 3782 1216 3838; x_wconf 74' lang='lat' dir='ltr'>Christi</span> <span class='ocrx_word' id='word_1_570' title='bbox 1233 3791 1259 3837; x_wconf 88' lang='lat' dir='ltr'>et</span> <span class='ocrx_word' id='word_1_571' title='bbox 1276 3800 1337 3837; x_wconf 88' lang='lat' dir='ltr'>sere</span> <span class='ocrx_word' id='word_1_572' title='bbox 1357 3784 1537 3838; x_wconf 76' lang='lat' dir='ltr'>cohibeantur</span> <span class='ocrx_word' id='word_1_573' title='bbox 1553 3801 1614 3836; x_wconf 86' lang='lat' dir='ltr'>cuns</span> <span class='ocrx_word' id='word_1_574' title='bbox 1632 3783 1695 3837; x_wconf 88' lang='lat' dir='ltr'>illis</span> <span class='ocrx_word' id='word_1_575' title='bbox 1710 3799 1755 3837; x_wconf 85' lang='lat' dir='ltr'>re·</span> <span class='ocrx_word' id='word_1_576' title='bbox 1767 3783 1803 3828; x_wconf 79' lang='lat'>11.</span> <span class='ocrx_word' id='word_1_577' title='bbox 1814 3782 1861 3829; x_wconf 58' lang='lat' dir='ltr'>ill</span> 
     </span>
     <span class='ocr_line' id='line_1_42' title="bbox 62 3868 1754 3944; baseline -0.003 -16"><span class='ocrx_word' id='word_1_578' title='bbox 62 3877 128 3930; x_wconf 86' lang='lat' dir='ltr'>dum</span> <span class='ocrx_word' id='word_1_579' title='bbox 163 3871 287 3944; x_wconf 76' lang='lat' dir='ltr'>regulam</span> <span class='ocrx_word' id='word_1_580' title='bbox 321 3870 432 3925; x_wconf 86' lang='lat' dir='ltr'>vivendi</span> <span class='ocrx_word' id='word_1_581' title='bbox 468 3876 571 3924; x_wconf 91' lang='lat' dir='ltr'>temere</span> <span class='ocrx_word' id='word_1_582' title='bbox 604 3885 664 3924; x_wconf 89' lang='lat' dir='ltr'>sese</span> <span class='ocrx_word' id='word_1_583' title='bbox 691 3868 817 3941; x_wconf 81' lang='lat' dir='ltr'>obligant</span> <span class='ocrx_word' id='word_1_584' title='bbox 842 3870 894 3925; x_wconf 91' lang='lat' dir='ltr'>sub</span> <span class='ocrx_word' id='word_1_585' title='bbox 922 3869 978 3931; x_wconf 85' lang='lat' dir='ltr'>bus,</span> <span class='ocrx_word' id='word_1_586' title='bbox 997 3885 1068 3938; x_wconf 75' lang='lat' dir='ltr'>quae</span> <span class='ocrx_word' id='word_1_587' title='bbox 1084 3870 1223 3936; x_wconf 85' lang='lat' dir='ltr'>sidentur,</span> <span class='ocrx_word' id='word_1_588' title='bbox 1242 3887 1320 3939; x_wconf 87' lang='lat' dir='ltr'>pane</span> <span class='ocrx_word' id='word_1_589' title='bbox 1340 3878 1365 3923; x_wconf 90' lang='lat' dir='ltr'>et</span> <span class='ocrx_word' id='word_1_590' title='bbox 1383 3871 1457 3932; x_wconf 85' lang='lat' dir='ltr'>cino,</span> <span class='ocrx_word' id='word_1_591' title='bbox 1477 3870 1581 3938; x_wconf 73' lang='lat' dir='ltr'>liisessi</span> <span class='ocrx_word' id='word_1_592' title='bbox 1595 3886 1754 3923; x_wconf 86' lang='lat' dir='ltr'>sacramen-</span> 
     </span>
     <span class='ocr_line' id='line_1_43' title="bbox 61 3955 1143 4034; baseline -0.008 -15"><span class='ocrx_word' id='word_1_593' title='bbox 61 3962 192 4034; x_wconf 89' lang='lat' dir='ltr'>opinione</span> <span class='ocrx_word' id='word_1_594' title='bbox 209 3959 301 4015; x_wconf 88' lang='lat' dir='ltr'>cultus</span> <span class='ocrx_word' id='word_1_595' title='bbox 319 3964 347 4012; x_wconf 87' lang='lat' dir='ltr'>et</span> <span class='ocrx_word' id='word_1_596' title='bbox 363 3956 468 4025; x_wconf 86' lang='lat' dir='ltr'>meriti,</span> <span class='ocrx_word' id='word_1_597' title='bbox 490 3955 657 4011; x_wconf 84' lang='lat' dir='ltr'>remissionis</span> <span class='ocrx_word' id='word_1_598' title='bbox 673 3966 849 4025; x_wconf 83' lang='lat' dir='ltr'>peccatorum</span> <span class='ocrx_word' id='word_1_599' title='bbox 868 3963 896 4013; x_wconf 89' lang='lat' dir='ltr'>et</span> <span class='ocrx_word' id='word_1_600' title='bbox 921 3963 976 4007; x_wconf 85' lang='lat' dir='ltr'>tum</span> <span class='ocrx_word' id='word_1_601' title='bbox 993 3956 1143 4025; x_wconf 74' lang='lat' dir='ltr'>accipiunt.</span> 
     </span>
     <span class='ocr_line' id='line_1_44' title="bbox 59 4041 1754 4122; baseline -0.003 -18"><span class='ocrx_word' id='word_1_602' title='bbox 59 4049 185 4122; x_wconf 79' lang='lat' dir='ltr'>justitiae</span> <span class='ocrx_word' id='word_1_603' title='bbox 210 4061 301 4101; x_wconf 80' lang='lat' dir='ltr'>corum</span> <span class='ocrx_word' id='word_1_604' title='bbox 324 4043 399 4102; x_wconf 86' lang='lat' dir='ltr'>Deo,</span> <span class='ocrx_word' id='word_1_605' title='bbox 431 4043 486 4096; x_wconf 92' lang='lat' dir='ltr'>imo</span> <span class='ocrx_word' id='word_1_606' title='bbox 511 4042 594 4098; x_wconf 85' lang='lat' dir='ltr'>etium</span> <span class='ocrx_word' id='word_1_607' title='bbox 622 4058 685 4094; x_wconf 90' lang='lat' dir='ltr'>cum</span> <span class='ocrx_word' id='word_1_608' title='bbox 710 4043 895 4111; x_wconf 78' lang='lat' dir='ltr'>persuasione,</span> <span class='ocrx_word' id='word_1_609' title='bbox 955 4042 1050 4113; x_wconf 84' lang='lat' dir='ltr'>Atque</span> <span class='ocrx_word' id='word_1_610' title='bbox 1074 4042 1125 4098; x_wconf 86' lang='lat' dir='ltr'>hee</span> <span class='ocrx_word' id='word_1_611' title='bbox 1149 4048 1214 4097; x_wconf 89' lang='lat' dir='ltr'>sunt</span> <span class='ocrx_word' id='word_1_612' title='bbox 1238 4043 1337 4114; x_wconf 81' lang='lat' dir='ltr'>viginti</span> <span class='ocrx_word' id='word_1_613' title='bbox 1359 4042 1424 4096; x_wconf 85' lang='lat' dir='ltr'>illse</span> <span class='ocrx_word' id='word_1_614' title='bbox 1445 4041 1573 4097; x_wconf 83' lang='lat' dir='ltr'>haereses</span> <span class='ocrx_word' id='word_1_615' title='bbox 1599 4042 1643 4097; x_wconf 80' lang='lat' dir='ltr'>rel</span> <span class='ocrx_word' id='word_1_616' title='bbox 1662 4044 1754 4113; x_wconf 86' lang='lat' dir='ltr'>potius</span> 
     </span>
     <span class='ocr_line' id='line_1_45' title="bbox 63 4127 1755 4202; baseline -0.004 -11"><span class='ocrx_word' id='word_1_617' title='bbox 63 4151 125 4192; x_wconf 88' lang='lat' dir='ltr'>esse</span> <span class='ocrx_word' id='word_1_618' title='bbox 149 4133 225 4188; x_wconf 89' lang='lat' dir='ltr'>huuc</span> <span class='ocrx_word' id='word_1_619' title='bbox 244 4129 421 4202; x_wconf 83' lang='lat' dir='ltr'>perfectionis</span> <span class='ocrx_word' id='word_1_620' title='bbox 437 4133 555 4197; x_wconf 80' lang='lat' dir='ltr'>statum,</span> <span class='ocrx_word' id='word_1_621' title='bbox 580 4128 609 4181; x_wconf 94' lang='lat' dir='ltr'>in</span> <span class='ocrx_word' id='word_1_622' title='bbox 626 4145 681 4197; x_wconf 91' lang='lat' dir='ltr'>quo</span> <span class='ocrx_word' id='word_1_623' title='bbox 699 4127 821 4184; x_wconf 82' lang='lat' dir='ltr'>viventes</span> <span class='ocrx_word' id='word_1_624' title='bbox 840 4147 896 4183; x_wconf 88' lang='lat' dir='ltr'>uon</span> <span class='ocrx_word' id='word_1_625' title='bbox 922 4128 1090 4197; x_wconf 79' lang='lat' dir='ltr'>calumnias,</span> <span class='ocrx_word' id='word_1_626' title='bbox 1113 4127 1215 4199; x_wconf 90' lang='lat' dir='ltr'>quibus</span> <span class='ocrx_word' id='word_1_627' title='bbox 1239 4137 1347 4182; x_wconf 84' lang='lat' dir='ltr'>nostras</span> <span class='ocrx_word' id='word_1_628' title='bbox 1372 4129 1503 4183; x_wconf 87' lang='lat' dir='ltr'>ecclesius</span> <span class='ocrx_word' id='word_1_629' title='bbox 1528 4144 1644 4183; x_wconf 75' lang='lat' dir='ltr'>onerare</span> <span class='ocrx_word' id='word_1_630' title='bbox 1667 4130 1755 4184; x_wconf 87' lang='lat' dir='ltr'>voluit</span> 
     </span>
     <span class='ocr_line' id='line_1_46' title="bbox 62 4213 1754 4287; baseline -0.003 -12"><span class='ocrx_word' id='word_1_631' title='bbox 62 4222 116 4277; x_wconf 88' lang='lat' dir='ltr'>sibi</span> <span class='ocrx_word' id='word_1_632' title='bbox 138 4220 241 4286; x_wconf 89' lang='lat' dir='ltr'>solum,</span> <span class='ocrx_word' id='word_1_633' title='bbox 269 4217 369 4272; x_wconf 88' lang='lat' dir='ltr'>sedet</span> <span class='ocrx_word' id='word_1_634' title='bbox 393 4215 453 4270; x_wconf 80' lang='lat' dir='ltr'>eliis</span> <span class='ocrx_word' id='word_1_635' title='bbox 473 4231 523 4285; x_wconf 89' lang='lat' dir='ltr'>per</span> <span class='ocrx_word' id='word_1_636' title='bbox 542 4230 626 4283; x_wconf 83' lang='lat' dir='ltr'>opera</span> <span class='ocrx_word' id='word_1_637' title='bbox 644 4213 1121 4285; x_wconf 74' lang='lat' dir='ltr'>supererogationis&#39;Bellsrminus3</span> <span class='ocrx_word' id='word_1_638' title='bbox 1148 4220 1235 4270; x_wconf 74' lang='lat' dir='ltr'>rmtst</span> <span class='ocrx_word' id='word_1_639' title='bbox 1257 4222 1289 4269; x_wconf 89' lang='lat' dir='ltr'>ut</span> <span class='ocrx_word' id='word_1_640' title='bbox 1311 4215 1440 4284; x_wconf 75' lang='lat' dir='ltr'>antiquas</span> <span class='ocrx_word' id='word_1_641' title='bbox 1465 4215 1604 4280; x_wconf 79' lang='lat' dir='ltr'>haereses,</span> <span class='ocrx_word' id='word_1_642' title='bbox 1632 4231 1703 4287; x_wconf 87' lang='lat' dir='ltr'>quse</span> <span class='ocrx_word' id='word_1_643' title='bbox 1724 4215 1754 4270; x_wconf 92' lang='lat' dir='ltr'>in</span> 
     </span>
     <span class='ocr_line' id='line_1_47' title="bbox 63 4299 1754 4381; baseline -0.004 -19"><span class='ocrx_word' id='word_1_644' title='bbox 63 4307 181 4381; x_wconf 77' lang='lat' dir='ltr'>gretiam</span> <span class='ocrx_word' id='word_1_645' title='bbox 206 4304 259 4360; x_wconf 92' lang='lat' dir='ltr'>Dei</span> <span class='ocrx_word' id='word_1_646' title='bbox 282 4320 315 4358; x_wconf 87' lang='lat' dir='ltr'>sc</span> <span class='ocrx_word' id='word_1_647' title='bbox 341 4302 426 4357; x_wconf 85' lang='lat' dir='ltr'>vitum</span> <span class='ocrx_word' id='word_1_648' title='bbox 449 4307 588 4356; x_wconf 84' lang='lat' dir='ltr'>ueternum</span> <span class='ocrx_word' id='word_1_649' title='bbox 613 4299 761 4368; x_wconf 89' lang='lat' dir='ltr'>promereri</span> <span class='ocrx_word' id='word_1_650' title='bbox 781 4299 896 4369; x_wconf 90' lang='lat' dir='ltr'>possint.</span> <span class='ocrx_word' id='word_1_651' title='bbox 921 4304 1055 4371; x_wconf 83' lang='lat' dir='ltr'>papatum</span> <span class='ocrx_word' id='word_1_652' title='bbox 1085 4299 1290 4366; x_wconf 86' lang='lat' dir='ltr'>confluxerunt,</span> <span class='ocrx_word' id='word_1_653' title='bbox 1321 4316 1524 4367; x_wconf 88' lang='lat' dir='ltr'>enumeremus,</span> <span class='ocrx_word' id='word_1_654' title='bbox 1561 4301 1641 4356; x_wconf 91' lang='lat' dir='ltr'>modo</span> <span class='ocrx_word' id='word_1_655' title='bbox 1670 4303 1754 4356; x_wconf 85' lang='lat' dir='ltr'>etism</span> 
     </span>
     <span class='ocr_line' id='line_1_48' title="bbox 64 4384 1754 4463; baseline -0.004 -15"><span class='ocrx_word' id='word_1_656' title='bbox 64 4400 88 4451; x_wconf 82' lang='lat'>2.</span> <span class='ocrx_word' id='word_1_657' title='bbox 106 4390 292 4463; x_wconf 86' lang='lat' dir='ltr'>Lampetinui,</span> <span class='ocrx_word' id='word_1_658' title='bbox 312 4389 356 4444; x_wconf 89' lang='lat' dir='ltr'>vel</span> <span class='ocrx_word' id='word_1_659' title='bbox 373 4396 404 4442; x_wconf 92' lang='lat' dir='ltr'>ut</span> <span class='ocrx_word' id='word_1_660' title='bbox 420 4387 469 4442; x_wconf 84' lang='lat' dir='ltr'>elii</span> <span class='ocrx_word' id='word_1_661' title='bbox 484 4387 581 4458; x_wconf 80' lang='lat' dir='ltr'>legunt</span> <span class='ocrx_word' id='word_1_662' title='bbox 599 4385 784 4456; x_wconf 78' lang='lat' dir='ltr'>Lumperimri,</span> <span class='ocrx_word' id='word_1_663' title='bbox 805 4387 897 4441; x_wconf 86' lang='lat' dir='ltr'>omnis</span> <span class='ocrx_word' id='word_1_664' title='bbox 923 4384 1075 4440; x_wconf 82' lang='lat' dir='ltr'>enumerari</span> <span class='ocrx_word' id='word_1_665' title='bbox 1100 4386 1221 4456; x_wconf 87' lang='lat' dir='ltr'>possint,</span> <span class='ocrx_word' id='word_1_666' title='bbox 1250 4403 1314 4440; x_wconf 86' lang='lat' dir='ltr'>vers</span> <span class='ocrx_word' id='word_1_667' title='bbox 1337 4386 1411 4441; x_wconf 89' lang='lat' dir='ltr'>enim</span> <span class='ocrx_word' id='word_1_668' title='bbox 1436 4387 1547 4456; x_wconf 90' lang='lat' dir='ltr'>scripsit</span> <span class='ocrx_word' id='word_1_669' title='bbox 1569 4388 1701 4442; x_wconf 82' lang='lat' dir='ltr'>Dsnsens</span> <span class='ocrx_word' id='word_1_670' title='bbox 1723 4388 1754 4442; x_wconf 90' lang='lat' dir='ltr'>in</span> 
     </span>
     <span class='ocr_line' id='line_1_49' title="bbox 62 4471 1757 4546; baseline -0.005 -10"><span class='ocrx_word' id='word_1_671' title='bbox 62 4481 174 4536; x_wconf 91' lang='lat' dir='ltr'>omnino</span> <span class='ocrx_word' id='word_1_672' title='bbox 200 4483 265 4533; x_wconf 78' lang='lat' dir='ltr'>rose</span> <span class='ocrx_word' id='word_1_673' title='bbox 288 4474 449 4546; x_wconf 88' lang='lat' dir='ltr'>simpliciter</span> <span class='ocrx_word' id='word_1_674' title='bbox 476 4471 661 4543; x_wconf 75' lang='lat' dir='ltr'>repudiabant</span> <span class='ocrx_word' id='word_1_675' title='bbox 687 4472 823 4543; x_wconf 88' lang='lat' dir='ltr'>dicentes,</span> <span class='ocrx_word' id='word_1_676' title='bbox 848 4473 897 4528; x_wconf 82' lang='lat' dir='ltr'>illu</span> <span class='ocrx_word' id='word_1_677' title='bbox 922 4479 1067 4527; x_wconf 87' lang='lat' dir='ltr'>comment.</span> <span class='ocrx_word' id='word_1_678' title='bbox 1115 4471 1235 4544; x_wconf 75' lang='lat' dir='ltr'>August.</span> <span class='ocrx_word' id='word_1_679' title='bbox 1267 4473 1302 4528; x_wconf 89' lang='lat' dir='ltr'>ds</span> <span class='ocrx_word' id='word_1_680' title='bbox 1332 4473 1436 4528; x_wconf 85' lang='lat' dir='ltr'>haeres.</span> <span class='ocrx_word' id='word_1_681' title='bbox 1463 4491 1487 4528; x_wconf 90' lang='lat' dir='ltr'>c.</span> <span class='ocrx_word' id='word_1_682' title='bbox 1516 4479 1564 4529; x_wconf 82' lang='lat' dir='ltr'>ss:</span> <span class='ocrx_word' id='word_1_683' title='bbox 1604 4474 1757 4543; x_wconf 78' lang='lat' dir='ltr'>Papissssss</span> 
     </span>
     <span class='ocr_line' id='line_1_50' title="bbox 62 4558 1756 4632; baseline -0.005 -8"><span class='ocrx_word' id='word_1_684' title='bbox 62 4565 225 4624; x_wconf 80' lang='lat' dir='ltr'>Christianis</span> <span class='ocrx_word' id='word_1_685' title='bbox 249 4581 305 4619; x_wconf 88' lang='lat' dir='ltr'>non</span> <span class='ocrx_word' id='word_1_686' title='bbox 329 4562 475 4632; x_wconf 88' lang='lat' dir='ltr'>prodesse,</span> <span class='ocrx_word' id='word_1_687' title='bbox 501 4559 568 4631; x_wconf 86' lang='lat' dir='ltr'>quis</span> <span class='ocrx_word' id='word_1_688' title='bbox 585 4558 731 4614; x_wconf 80' lang='lat' dir='ltr'>videantur</span> <span class='ocrx_word' id='word_1_689' title='bbox 748 4559 896 4615; x_wconf 78' lang='lat' dir='ltr'>necessitu-</span> <span class='ocrx_word' id='word_1_690' title='bbox 921 4560 1035 4612; x_wconf 86' lang='lat' dir='ltr'>tandem</span> <span class='ocrx_word' id='word_1_691' title='bbox 1060 4567 1173 4612; x_wconf 76' lang='lat' dir='ltr'>exortas</span> <span class='ocrx_word' id='word_1_692' title='bbox 1198 4567 1252 4628; x_wconf 85' lang='lat' dir='ltr'>est,</span> <span class='ocrx_word' id='word_1_693' title='bbox 1275 4562 1325 4629; x_wconf 79' lang='lat' dir='ltr'>qui</span> <span class='ocrx_word' id='word_1_694' title='bbox 1342 4562 1500 4630; x_wconf 68' lang='lat' dir='ltr'>asperiores</span> <span class='ocrx_word' id='word_1_695' title='bbox 1517 4578 1609 4615; x_wconf 85' lang='lat' dir='ltr'>omnes</span> <span class='ocrx_word' id='word_1_696' title='bbox 1628 4562 1756 4616; x_wconf 77' lang='lat' dir='ltr'>taes-em</span> 
     </span>
     <span class='ocr_line' id='line_1_51' title="bbox 62 4644 1812 4724; baseline -0.002 -17"><span class='ocrx_word' id='word_1_697' title='bbox 62 4665 118 4712; x_wconf 80' lang='lat' dir='ltr'>tem</span> <span class='ocrx_word' id='word_1_698' title='bbox 137 4651 277 4724; x_wconf 80' lang='lat' dir='ltr'>quandum</span> <span class='ocrx_word' id='word_1_699' title='bbox 297 4655 326 4704; x_wconf 91' lang='lat' dir='ltr'>et</span> <span class='ocrx_word' id='word_1_700' title='bbox 345 4647 514 4704; x_wconf 72' lang='lat' dir='ltr'>coactionem</span> <span class='ocrx_word' id='word_1_701' title='bbox 533 4644 647 4713; x_wconf 86' lang='lat' dir='ltr'>inferre,</span> <span class='ocrx_word' id='word_1_702' title='bbox 666 4650 737 4701; x_wconf 87' lang='lat' dir='ltr'>teste</span> <span class='ocrx_word' id='word_1_703' title='bbox 753 4645 896 4717; x_wconf 77' lang='lat' dir='ltr'>Alphonso</span> <span class='ocrx_word' id='word_1_704' title='bbox 922 4646 1028 4715; x_wconf 86' lang='lat' dir='ltr'>partim</span> <span class='ocrx_word' id='word_1_705' title='bbox 1045 4653 1075 4698; x_wconf 86' lang='grc' dir='ltr'>ιιι</span> <span class='ocrx_word' id='word_1_706' title='bbox 1091 4645 1187 4699; x_wconf 75' lang='lat' dir='ltr'>aloem</span> <span class='ocrx_word' id='word_1_707' title='bbox 1205 4646 1324 4716; x_wconf 82' lang='lat' dir='ltr'>recepit,</span> <span class='ocrx_word' id='word_1_708' title='bbox 1336 4647 1442 4716; x_wconf 84' lang='lat' dir='ltr'>partim</span> <span class='ocrx_word' id='word_1_709' title='bbox 1461 4655 1492 4700; x_wconf 88' lang='lat' dir='ltr'>ut</span> <span class='ocrx_word' id='word_1_710' title='bbox 1509 4665 1588 4702; x_wconf 87' lang='lat' dir='ltr'>mare</span> <span class='ocrx_word' id='word_1_711' title='bbox 1606 4649 1757 4718; x_wconf 71' lang='lat' dir='ltr'>absorpsit,</span> <span class='ocrx_word' id='word_1_712' title='bbox 1808 4650 1812 4657; x_wconf 82' lang='grc'><strong>“</strong></span> 
     </span>
     <span class='ocr_line' id='line_1_52' title="bbox 61 4730 1756 4802; baseline -0.004 -6"><span class='ocrx_word' id='word_1_713' title='bbox 61 4743 97 4796; x_wconf 90' lang='lat' dir='ltr'>de</span> <span class='ocrx_word' id='word_1_714' title='bbox 115 4740 213 4796; x_wconf 77' lang='lat' dir='ltr'>Castro</span> <span class='ocrx_word' id='word_1_715' title='bbox 235 4737 283 4791; x_wconf 85' lang='lat' dir='ltr'>lib.</span> <span class='ocrx_word' id='word_1_716' title='bbox 302 4736 365 4790; x_wconf 80' lang='lat' dir='ltr'>adv.</span> <span class='ocrx_word' id='word_1_717' title='bbox 386 4733 490 4788; x_wconf 83' lang='lat' dir='ltr'>haeres.</span> <span class='ocrx_word' id='word_1_718' title='bbox 511 4731 552 4786; x_wconf 88' lang='lat' dir='ltr'>tit.</span> <span class='ocrx_word' id='word_1_719' title='bbox 573 4730 654 4786; x_wconf 76' lang='lat' dir='ltr'>Vols</span> <span class='ocrx_word' id='word_1_720' title='bbox 693 4730 748 4787; x_wconf 82' lang='lat' dir='ltr'>Sed</span> <span class='ocrx_word' id='word_1_721' title='bbox 765 4749 815 4786; x_wconf 89' lang='lat' dir='ltr'>nos</span> <span class='ocrx_word' id='word_1_722' title='bbox 832 4749 895 4787; x_wconf 91' lang='lat' dir='ltr'>con·</span> <span class='ocrx_word' id='word_1_723' title='bbox 923 4732 1017 4786; x_wconf 89' lang='lat' dir='ltr'>alieno</span> <span class='ocrx_word' id='word_1_724' title='bbox 1042 4732 1154 4801; x_wconf 82' lang='lat' dir='ltr'>quidem</span> <span class='ocrx_word' id='word_1_725' title='bbox 1178 4735 1303 4800; x_wconf 87' lang='lat' dir='ltr'>nomine,</span> <span class='ocrx_word' id='word_1_726' title='bbox 1330 4735 1382 4787; x_wconf 87' lang='lat' dir='ltr'>sed</span> <span class='ocrx_word' id='word_1_727' title='bbox 1401 4743 1493 4787; x_wconf 89' lang='lat' dir='ltr'>tamen</span> <span class='ocrx_word' id='word_1_728' title='bbox 1512 4750 1609 4788; x_wconf 84' lang='lat' dir='ltr'>eorum</span> <span class='ocrx_word' id='word_1_729' title='bbox 1628 4737 1756 4802; x_wconf 77' lang='lat' dir='ltr'>aopnese</span> 
     </span>
     <span class='ocr_line' id='line_1_53' title="bbox 60 4816 1756 4893; baseline -0.005 -10"><span class='ocrx_word' id='word_1_730' title='bbox 60 4828 200 4893; x_wconf 89' lang='lat' dir='ltr'>cedimus,</span> <span class='ocrx_word' id='word_1_731' title='bbox 224 4829 289 4879; x_wconf 82' lang='lat' dir='ltr'>vote</span> <span class='ocrx_word' id='word_1_732' title='bbox 314 4823 349 4877; x_wconf 91' lang='lat' dir='ltr'>de</span> <span class='ocrx_word' id='word_1_733' title='bbox 375 4819 541 4891; x_wconf 84' lang='lat' dir='ltr'>quibusdam</span> <span class='ocrx_word' id='word_1_734' title='bbox 561 4817 645 4872; x_wconf 86' lang='lat' dir='ltr'>rebus</span> <span class='ocrx_word' id='word_1_735' title='bbox 662 4816 722 4874; x_wconf 89' lang='lat' dir='ltr'>fieri</span> <span class='ocrx_word' id='word_1_736' title='bbox 739 4836 826 4890; x_wconf 88' lang='lat' dir='ltr'>posse.</span> <span class='ocrx_word' id='word_1_737' title='bbox 866 4819 896 4874; x_wconf 91' lang='lat' dir='ltr'>Si</span> <span class='ocrx_word' id='word_1_738' title='bbox 922 4824 1027 4871; x_wconf 87' lang='lat' dir='ltr'>retento</span> <span class='ocrx_word' id='word_1_739' title='bbox 1050 4825 1076 4870; x_wconf 87' lang='lat' dir='ltr'>et</span> <span class='ocrx_word' id='word_1_740' title='bbox 1099 4819 1271 4880; x_wconf 75' lang='lat' dir='ltr'>confirmato.</span> <span class='ocrx_word' id='word_1_741' title='bbox 1317 4818 1408 4882; x_wconf 76' lang='lat' dir='ltr'>Qusre</span> <span class='ocrx_word' id='word_1_742' title='bbox 1427 4820 1464 4874; x_wconf 86' lang='lat' dir='ltr'>sd</span> <span class='ocrx_word' id='word_1_743' title='bbox 1482 4819 1640 4875; x_wconf 81' lang='lat' dir='ltr'>Pontificius</span> <span class='ocrx_word' id='word_1_744' title='bbox 1659 4821 1756 4877; x_wconf 86' lang='lat' dir='ltr'>merito</span> 
     </span>
     <span class='ocr_line' id='line_1_54' title="bbox 60 4903 1757 4977; baseline -0.005 -7"><span class='ocrx_word' id='word_1_745' title='bbox 60 4915 96 4970; x_wconf 83' lang='lat' dir='ltr'>ed</span> <span class='ocrx_word' id='word_1_746' title='bbox 124 4912 211 4967; x_wconf 91' lang='lat' dir='ltr'>bonos</span> <span class='ocrx_word' id='word_1_747' title='bbox 240 4909 309 4963; x_wconf 87' lang='lat' dir='ltr'>fines</span> <span class='ocrx_word' id='word_1_748' title='bbox 337 4906 492 4962; x_wconf 83' lang='lat' dir='ltr'>referuntur</span> <span class='ocrx_word' id='word_1_749' title='bbox 515 4910 543 4960; x_wconf 89' lang='lat' dir='ltr'>et</span> <span class='ocrx_word' id='word_1_750' title='bbox 568 4904 623 4958; x_wconf 91' lang='lat' dir='ltr'>sint</span> <span class='ocrx_word' id='word_1_751' title='bbox 648 4921 681 4959; x_wconf 86' lang='lat' dir='ltr'>ex</span> <span class='ocrx_word' id='word_1_752' title='bbox 705 4922 820 4960; x_wconf 85' lang='lat' dir='ltr'>numero</span> <span class='ocrx_word' id='word_1_753' title='bbox 842 4908 897 4959; x_wconf 77' lang='lat' dir='ltr'>sois</span> <span class='ocrx_word' id='word_1_754' title='bbox 922 4903 1123 4958; x_wconf 75' lang='lat' dir='ltr'>accommodari</span> <span class='ocrx_word' id='word_1_755' title='bbox 1153 4907 1258 4973; x_wconf 87' lang='lat' dir='ltr'>posset,</span> <span class='ocrx_word' id='word_1_756' title='bbox 1296 4904 1372 4975; x_wconf 88' lang='lat' dir='ltr'>quod</span> <span class='ocrx_word' id='word_1_757' title='bbox 1402 4905 1437 4959; x_wconf 89' lang='lat' dir='ltr'>de</span> <span class='ocrx_word' id='word_1_758' title='bbox 1468 4904 1617 4961; x_wconf 86' lang='lat' dir='ltr'>Ebionseis</span> <span class='ocrx_word' id='word_1_759' title='bbox 1646 4907 1757 4977; x_wconf 86' lang='lat' dir='ltr'>scripsit</span> 
     </span>
    </p>
   </div>
   <div class='ocr_carea' id='block_1_3' title="bbox 51 4988 1757 5549">
    <p class='ocr_par' dir='ltr' id='par_1_6' title="bbox 51 4988 1757 5549">
     <span class='ocr_line' id='line_1_55' title="bbox 58 4988 1756 5066; baseline -0.005 -13"><span class='ocrx_word' id='word_1_760' title='bbox 58 5000 202 5064; x_wconf 74' lang='lat' dir='ltr'>«insessio,</span> <span class='ocrx_word' id='word_1_761' title='bbox 220 4997 300 5066; x_wconf 85' lang='lat' dir='ltr'>cujus</span> <span class='ocrx_word' id='word_1_762' title='bbox 319 4993 359 5048; x_wconf 89' lang='lat' dir='ltr'>rei</span> <span class='ocrx_word' id='word_1_763' title='bbox 380 4990 566 5048; x_wconf 87' lang='lat' dir='ltr'>testimonium</span> <span class='ocrx_word' id='word_1_764' title='bbox 586 4989 665 5044; x_wconf 91' lang='lat' dir='ltr'>nobis</span> <span class='ocrx_word' id='word_1_765' title='bbox 686 4990 734 5044; x_wconf 83' lang='lat' dir='ltr'>dut</span> <span class='ocrx_word' id='word_1_766' title='bbox 751 4990 1095 5062; x_wconf 83' lang='lat' dir='ltr'>Bellsrmi·.Epiphunius</span> <span class='ocrx_word' id='word_1_767' title='bbox 1119 4988 1223 5045; x_wconf 80' lang='lat' dir='ltr'>haeres.</span> <span class='ocrx_word' id='word_1_768' title='bbox 1244 4996 1289 5045; x_wconf 82' lang='lat'>30:</span> <span class='ocrx_word' id='word_1_769' title='bbox 1326 4989 1564 5052; x_wconf 78' lang='lat' dir='ltr'>Qreemaclmodum</span> <span class='ocrx_word' id='word_1_770' title='bbox 1584 4994 1611 5044; x_wconf 88' lang='lat' dir='ltr'>si</span> <span class='ocrx_word' id='word_1_771' title='bbox 1632 4994 1694 5061; x_wconf 76' lang='lat' dir='ltr'>quis</span> <span class='ocrx_word' id='word_1_772' title='bbox 1712 5010 1756 5046; x_wconf 86' lang='lat' dir='ltr'>co·</span> 
     </span>
     <span class='ocr_line' id='line_1_56' title="bbox 58 5075 1757 5147; baseline -0.006 -5"><span class='ocrx_word' id='word_1_773' title='bbox 58 5106 112 5142; x_wconf 90' lang='lat' dir='ltr'>nus</span> <span class='ocrx_word' id='word_1_774' title='bbox 135 5084 185 5139; x_wconf 89' lang='lat' dir='ltr'>lib.</span> <span class='ocrx_word' id='word_1_775' title='bbox 214 5088 237 5138; x_wconf 82' lang='lat'>2.</span> <span class='ocrx_word' id='word_1_776' title='bbox 261 5083 296 5136; x_wconf 87' lang='lat' dir='ltr'>de</span> <span class='ocrx_word' id='word_1_777' title='bbox 320 5078 444 5135; x_wconf 83' lang='lat' dir='ltr'>mensch.</span> <span class='ocrx_word' id='word_1_778' title='bbox 472 5095 496 5133; x_wconf 92' lang='lat' dir='ltr'>c.</span> <span class='ocrx_word' id='word_1_779' title='bbox 523 5082 562 5132; x_wconf 79' lang='lat'>15.</span> <span class='ocrx_word' id='word_1_780' title='bbox 605 5080 629 5131; x_wconf 91' lang='grc'>3.</span> <span class='ocrx_word' id='word_1_781' title='bbox 648 5075 722 5132; x_wconf 75' lang='lat' dir='ltr'>Vota</span> <span class='ocrx_word' id='word_1_782' title='bbox 744 5079 897 5133; x_wconf 80' lang='lat' dir='ltr'>monastica</span> <span class='ocrx_word' id='word_1_783' title='bbox 919 5077 1048 5146; x_wconf 83' lang='lat' dir='ltr'>putasset</span> <span class='ocrx_word' id='word_1_784' title='bbox 1070 5077 1126 5128; x_wconf 83' lang='lat' dir='ltr'>sibi</span> <span class='ocrx_word' id='word_1_785' title='bbox 1151 5084 1343 5129; x_wconf 86' lang='lat' dir='ltr'>ornamentum</span> <span class='ocrx_word' id='word_1_786' title='bbox 1365 5094 1398 5129; x_wconf 79' lang='lat' dir='ltr'>ee</span> <span class='ocrx_word' id='word_1_787' title='bbox 1423 5078 1542 5130; x_wconf 82' lang='lat' dir='ltr'>diversis</span> <span class='ocrx_word' id='word_1_788' title='bbox 1565 5078 1675 5147; x_wconf 81' lang='lat' dir='ltr'>lapillis</span> <span class='ocrx_word' id='word_1_789' title='bbox 1689 5095 1757 5147; x_wconf 83' lang='lat' dir='ltr'>pre·</span> 
     </span>
     <span class='ocr_line' id='line_1_57' title="bbox 57 5160 1756 5240; baseline -0.009 -12"><span class='ocrx_word' id='word_1_790' title='bbox 57 5171 175 5228; x_wconf 87' lang='lat' dir='ltr'>destitui</span> <span class='ocrx_word' id='word_1_791' title='bbox 200 5169 359 5240; x_wconf 77' lang='lat' dir='ltr'>Scripturas</span> <span class='ocrx_word' id='word_1_792' title='bbox 383 5164 517 5235; x_wconf 79' lang='lat' dir='ltr'>suffragio</span> <span class='ocrx_word' id='word_1_793' title='bbox 543 5162 671 5235; x_wconf 78' lang='lat' dir='ltr'>agnoscit</span> <span class='ocrx_word' id='word_1_794' title='bbox 699 5160 850 5234; x_wconf 85' lang='lat' dir='ltr'>Csjetsuus</span> <span class='ocrx_word' id='word_1_795' title='bbox 868 5165 896 5219; x_wconf 90' lang='lat' dir='ltr'>in</span> <span class='ocrx_word' id='word_1_796' title='bbox 922 5163 1002 5217; x_wconf 87' lang='lat' dir='ltr'>tiosis</span> <span class='ocrx_word' id='word_1_797' title='bbox 1026 5170 1052 5215; x_wconf 93' lang='lat' dir='ltr'>et</span> <span class='ocrx_word' id='word_1_798' title='bbox 1077 5170 1178 5215; x_wconf 86' lang='lat' dir='ltr'>vestem</span> <span class='ocrx_word' id='word_1_799' title='bbox 1205 5163 1381 5231; x_wconf 77' lang='lat' dir='ltr'>sariepatam</span> <span class='ocrx_word' id='word_1_800' title='bbox 1402 5172 1428 5216; x_wconf 91' lang='lat' dir='ltr'>et</span> <span class='ocrx_word' id='word_1_801' title='bbox 1451 5164 1600 5233; x_wconf 80' lang='lat' dir='ltr'>splendide</span> <span class='ocrx_word' id='word_1_802' title='bbox 1624 5180 1653 5216; x_wconf 88' lang='lat' dir='ltr'>se</span> <span class='ocrx_word' id='word_1_803' title='bbox 1678 5181 1756 5218; x_wconf 74' lang='lat' dir='ltr'>ecor-</span> 
     </span>
     <span class='ocr_line' id='line_1_58' title="bbox 56 5247 1757 5321; baseline -0.008 -6"><span class='ocrx_word' id='word_1_804' title='bbox 56 5277 159 5315; x_wconf 90' lang='lat' dir='ltr'>comm.</span> <span class='ocrx_word' id='word_1_805' title='bbox 185 5256 284 5311; x_wconf 80' lang='lat' dir='ltr'>Mutth.</span> <span class='ocrx_word' id='word_1_806' title='bbox 311 5261 356 5311; x_wconf 79' lang='lat'>19:</span> <span class='ocrx_word' id='word_1_807' title='bbox 395 5253 517 5306; x_wconf 83' lang='lat' dir='ltr'>Attende</span> <span class='ocrx_word' id='word_1_808' title='bbox 536 5253 664 5319; x_wconf 84' lang='lat' dir='ltr'>prudens</span> <span class='ocrx_word' id='word_1_809' title='bbox 690 5252 792 5319; x_wconf 87' lang='lat' dir='ltr'>tector,</span> <span class='ocrx_word' id='word_1_810' title='bbox 821 5255 1030 5321; x_wconf 68' lang='lat' dir='ltr'>pardinasset3</span> <span class='ocrx_word' id='word_1_811' title='bbox 1057 5247 1098 5302; x_wconf 88' lang='lat' dir='ltr'>sic</span> <span class='ocrx_word' id='word_1_812' title='bbox 1122 5248 1153 5300; x_wconf 84' lang='lat' dir='ltr'>iri</span> <span class='ocrx_word' id='word_1_813' title='bbox 1175 5249 1334 5302; x_wconf 83' lang='lat' dir='ltr'>enioeremn</span> <span class='ocrx_word' id='word_1_814' title='bbox 1359 5249 1500 5319; x_wconf 79' lang='lat' dir='ltr'>quidquid</span> <span class='ocrx_word' id='word_1_815' title='bbox 1523 5248 1692 5303; x_wconf 80' lang='lat' dir='ltr'>barrensium</span> <span class='ocrx_word' id='word_1_816' title='bbox 1716 5259 1757 5306; x_wconf 80' lang='lat' dir='ltr'>ert</span> 
     </span>
     <span class='ocr_line' id='line_1_59' title="bbox 57 5334 1756 5408; baseline -0.012 -7"><span class='ocrx_word' id='word_1_817' title='bbox 57 5347 170 5402; x_wconf 82' lang='lat' dir='ltr'>nullam</span> <span class='ocrx_word' id='word_1_818' title='bbox 186 5351 277 5398; x_wconf 84' lang='lat' dir='ltr'>rotam</span> <span class='ocrx_word' id='word_1_819' title='bbox 294 5360 313 5395; x_wconf 92' lang='lat' dir='ltr'>a</span> <span class='ocrx_word' id='word_1_820' title='bbox 330 5342 400 5394; x_wconf 83' lang='lat' dir='ltr'>Jesn</span> <span class='ocrx_word' id='word_1_821' title='bbox 410 5338 616 5408; x_wconf 80' lang='lat' dir='ltr'>praescribitur</span> <span class='ocrx_word' id='word_1_822' title='bbox 629 5336 735 5391; x_wconf 83' lang='lat' dir='ltr'>solenti</span> <span class='ocrx_word' id='word_1_823' title='bbox 747 5339 896 5407; x_wconf 85' lang='lat' dir='ltr'>oitaeper-</span> <span class='ocrx_word' id='word_1_824' title='bbox 923 5354 957 5389; x_wconf 92' lang='lat' dir='ltr'>ac</span> <span class='ocrx_word' id='word_1_825' title='bbox 980 5335 1171 5405; x_wconf 82' lang='lat' dir='ltr'>perniciosum</span> <span class='ocrx_word' id='word_1_826' title='bbox 1198 5342 1225 5388; x_wconf 92' lang='lat' dir='ltr'>et</span> <span class='ocrx_word' id='word_1_827' title='bbox 1252 5334 1439 5388; x_wconf 81' lang='lat' dir='ltr'>abominabile</span> <span class='ocrx_word' id='word_1_828' title='bbox 1462 5334 1638 5404; x_wconf 74' lang='lat' dir='ltr'>informeque</span> <span class='ocrx_word' id='word_1_829' title='bbox 1666 5346 1692 5391; x_wconf 69' lang='lat' dir='ltr'>er</span> <span class='ocrx_word' id='word_1_830' title='bbox 1715 5339 1756 5390; x_wconf 63' lang='grc' dir='ltr'>ιη.</span> 
     </span>
     <span class='ocr_line' id='line_1_60' title="bbox 51 5420 1757 5549; baseline -0.008 -59"><span class='ocrx_word' id='word_1_831' title='bbox 51 5433 210 5502; x_wconf 78' lang='lat' dir='ltr'>sectionem</span> <span class='ocrx_word' id='word_1_832' title='bbox 227 5429 346 5497; x_wconf 76' lang='lat' dir='ltr'>assequi,</span> <span class='ocrx_word' id='word_1_833' title='bbox 363 5426 430 5496; x_wconf 80' lang='lat' dir='ltr'>quia</span> <span class='ocrx_word' id='word_1_834' title='bbox 444 5443 501 5478; x_wconf 92' lang='lat' dir='ltr'>non</span> <span class='ocrx_word' id='word_1_835' title='bbox 518 5424 547 5476; x_wconf 86' lang='lat' dir='ltr'>in</span> <span class='ocrx_word' id='word_1_836' title='bbox 559 5423 679 5476; x_wconf 77' lang='lat' dir='ltr'>sinordis</span> <span class='ocrx_word' id='word_1_837' title='bbox 695 5432 828 5486; x_wconf 75' lang='lat' dir='ltr'>sotorum</span> <span class='ocrx_word' id='word_1_838' title='bbox 846 5421 1057 5549; x_wconf 41' lang='lat' dir='ltr'>sedjcredibs&#39;le</span> <span class='ocrx_word' id='word_1_839' title='bbox 1085 5438 1118 5474; x_wconf 90' lang='lat' dir='ltr'>ac</span> <span class='ocrx_word' id='word_1_840' title='bbox 1143 5421 1210 5474; x_wconf 88' lang='lat' dir='ltr'>odio</span> <span class='ocrx_word' id='word_1_841' title='bbox 1228 5421 1357 5489; x_wconf 74' lang='lat' dir='ltr'>pleniore,</span> <span class='ocrx_word' id='word_1_842' title='bbox 1381 5420 1414 5473; x_wconf 91' lang='lat' dir='ltr'>id</span> <span class='ocrx_word' id='word_1_843' title='bbox 1435 5438 1454 5472; x_wconf 91' lang='lat' dir='ltr'>a</span> <span class='ocrx_word' id='word_1_844' title='bbox 1473 5420 1594 5489; x_wconf 80' lang='lat' dir='ltr'>sinpslis</span> <span class='ocrx_word' id='word_1_845' title='bbox 1612 5423 1693 5476; x_wconf 88' lang='lat' dir='ltr'>sectis</span> <span class='ocrx_word' id='word_1_846' title='bbox 1711 5441 1757 5477; x_wconf 87' lang='lat' dir='ltr'>ac-</span> 
     </span>
    </p>
   </div>
   <div class='ocr_carea' id='block_1_4' title="bbox 54 5506 1757 5590">
    <p class='ocr_par' dir='ltr' id='par_1_7' title="bbox 54 5506 1757 5590">
     <span class='ocr_line' id='line_1_61' title="bbox 54 5506 1757 5590; baseline -0.007 -15"><span class='ocrx_word' id='word_1_847' title='bbox 54 5525 87 5575; x_wconf 83' lang='lat' dir='ltr'>in</span> <span class='ocrx_word' id='word_1_848' title='bbox 101 5517 234 5590; x_wconf 84' lang='lat' dir='ltr'>operibns</span> <span class='ocrx_word' id='word_1_849' title='bbox 250 5514 376 5572; x_wconf 74' lang='lat' dir='ltr'>comissa</span> <span class='ocrx_word' id='word_1_850' title='bbox 386 5511 573 5586; x_wconf 79' lang='lat' dir='ltr'>perfeetionis</span> <span class='ocrx_word' id='word_1_851' title='bbox 589 5510 738 5566; x_wconf 83' lang='lat' dir='ltr'>asseents‘o.</span> <span class='ocrx_word' id='word_1_852' title='bbox 765 5506 897 5565; x_wconf 74' lang='lat' dir='ltr'>Erasmus</span> <span class='ocrx_word' id='word_1_853' title='bbox 923 5515 1055 5579; x_wconf 81' lang='lat' dir='ltr'>ceperunt</span> <span class='ocrx_word' id='word_1_854' title='bbox 1076 5515 1103 5561; x_wconf 89' lang='lat' dir='ltr'>et</span> <span class='ocrx_word' id='word_1_855' title='bbox 1124 5523 1156 5561; x_wconf 87' lang='lat' dir='ltr'>se</span> <span class='ocrx_word' id='word_1_856' title='bbox 1172 5508 1249 5579; x_wconf 68' lang='lat' dir='ltr'>ipsos</span> <span class='ocrx_word' id='word_1_857' title='bbox 1268 5509 1298 5561; x_wconf 88' lang='lat' dir='ltr'>in</span> <span class='ocrx_word' id='word_1_858' title='bbox 1316 5523 1363 5561; x_wconf 89' lang='lat' dir='ltr'>eos</span> <span class='ocrx_word' id='word_1_859' title='bbox 1381 5507 1573 5579; x_wconf 69' lang='lat' dir='ltr'>efformarunt.</span> <span class='ocrx_word' id='word_1_860' title='bbox 1614 5506 1757 5581; x_wconf 86' lang='lat' dir='ltr'>idipsum</span> 
     </span>
    </p>
   </div>
   <div class='ocr_carea' id='block_1_5' title="bbox 0 0 2006 6022">
    <p class='ocr_par' dir='ltr' id='par_1_8' title="bbox 0 0 2006 6022">
     <span class='ocr_line' id='line_1_62' title="bbox 0 0 2006 6022; baseline 0 0"><span class='ocrx_word' id='word_1_861' title='bbox 0 0 2006 6022; x_wconf 95' lang='lat' dir='ltr'> </span> 
     </span>
    </p>
   </div>
  </div>
 </body>
</html>
