4004 6022
745 233 797 293 DE
817 235 941 296 SACRA
959 235 1094 299 COENA
1726 254 1766 315 03

61 385 191 447 officinm
218 385 390 447 &moron
421 388 456 448 de
485 391 624 464 mysteriis
648 399 712 450 ente
738 391 905 449 consecretis
931 398 1101 450 cmnusueo
1125 395 1298 465 quantumuis
1313 404 1436 469 uetusto,
1459 399 1634 470 quantumvis
1651 402 1806 473 osieatu,
1820 421 1863 465 nu

63 477 92 533 in
130 476 302 534 bibliotheca
335 481 445 549 petrum
483 478 593 534 disertis
629 478 721 534 verbis
759 479 903 552 utriusque
930 481 1044 535 setini
1061 490 1100 536 est
1118 483 1230 536 omnino
1245 485 1441 554 postponenda
1460 502 1485 543 c.
1503 484 1527 541 si
1540 487 1767 545 consuetudinem

64 563 170 635 speciei
193 562 332 634 meminit,
354 561 395 619 ibi
412 562 485 619 enim
505 563 620 636 legitur:
638 567 812 621 sacerdotem
829 573 904 636 post-
930 565 990 620 esd.
1016 566 1086 621 Ussss
1103 567 1255 638 ionpaeous
1274 586 1330 623 non
1345 569 1438 624 oincot
1456 572 1594 627 rationem
1613 580 1663 628 aut
1679 573 1767 643 kaeu

14 665 53 708 us
65 668 152 721 quam
176 650 365 722 sanctificarit
381 667 499 722 panem,
520 652 672 719 infundere
698 652 791 706 uinum
813 652 842 706 in
860 670 905 706 sa·
930 649 948 706 t
980 652 1187 708 consuetudinis
1221 652 1251 709 C.
1288 671 1360 726 quse
1395 655 1433 709 sit
1468 657 1554 728 longe
1588 660 1767 716 consuetudo.

65 755 143 792 ersss
170 736 287 792 calicem
312 743 339 792 et
360 754 465 808 aquom
489 744 514 791 et
537 737 659 793 recitare
683 746 823 793 consueta.
859 737 905 793 Sic
932 743 956 793 t.
974 736 1101 795 Ecclesia
1124 737 1234 795 Grecos
1259 757 1340 795 usum
1364 741 1508 813 utriusque
1531 744 1634 814 speciei
1652 745 1767 802 inviole-

65 825 150 881 etism
171 822 289 897 liurrgis
311 823 616 896 preessnetificstorum
639 824 789 896 interprete
816 822 905 880 Gene-
931 829 991 879 tum
1008 825 1190 883 conservavit
1227 831 1252 883 3.
1270 824 1448 883 Consuetudo
1465 828 1768 900 primitisscecclesise

64 911 168 970 hrsrdo
199 913 346 983 utriusque
376 910 479 982 speciei
508 911 639 968 meminit
690 913 765 967 Ecce
793 911 905 983 (inquit)
932 911 1066 982 apostolis
1098 912 1208 967 ricinus
1234 912 1332 968 merito
1365 914 1546 985 praeferende
1575 919 1769 975 consuetudini

65 999 278 1057 innamtnrun
300 1015 403 1069 corpus
416 998 512 1077 ¹ipsius
531 1006 557 1052 et
576 998 701 1069 oiciJimu
719 999 835 1068 sanquis
853 999 906 1052 hoc
931 998 1064 1053 ecclesiae
1078 998 1247 1068 posterioris.
1273 998 1431 1071 CyprIsnus
1450 1001 1530 1071 epist.
1551 1003 1587 1057 ed
1602 1003 1767 1076 Pompejum

64 1104 138 1141 nesso
162 1086 236 1142 hora
254 1086 444 1155 incredisntia
461 1085 491 1140 in
511 1084 566 1139 hao
584 1102 680 1140 mensa
696 1087 814 1152 mystica
832 1091 905 1152 sunt,
931 1083 1016 1140 hebet
1034 1083 1189 1156 elegantem
1201 1085 1376 1155 sententium,
1396 1104 1479 1160 quem
1492 1088 1668 1160 Augustinus
1681 1090 1729 1147 lib.
1742 1096 1768 1148 5.

65 1190 137 1244 puae
160 1172 342 1228 multitudine
362 1170 488 1226 coelestis
507 1170 643 1227 coercitus
662 1173 839 1228 invisibiliter
858 1173 905 1227 sti·
931 1169 967 1225 do
984 1169 1068 1225 unico
1084 1170 1222 1242 baptismo
1240 1188 1301 1242 cup.
1314 1177 1356 1228 26.
1375 1172 1435 1227 sine
1448 1174 1621 1230 dubitatione
1634 1177 1769 1246 optimam

61 1268 184 1331 pautur,
208 1275 328 1330 puerum
351 1259 568 1312 communionem
589 1258 740 1313 innocuam
758 1259 837 1312 nodie
855 1259 905 1313 tri·
930 1254 992 1311 esse'
1009 1255 1083 1312 dicit
1124 1258 1161 1312 Iu
1184 1261 1349 1328 compendio
1368 1267 1409 1314 est
1427 1261 1508 1330 apud
1525 1261 1675 1330 redipiosas
1694 1280 1768 1318 men·

66 1348 116 1401 bue
139 1351 195 1404 etc.
236 1344 282 1401 Sic
304 1345 525 1416 postcommunio
544 1345 583 1414 (id
602 1351 645 1401 est
661 1345 814 1417 grstisrum
831 1345 904 1400 ectio
930 1351 970 1397 tce
1002 1351 1027 1398 et
1052 1361 1177 1398 errorem
1204 1346 1344 1417 deponere
1371 1354 1398 1401 et
1428 1346 1523 1401 inueni
1556 1356 1639 1419 atque
1669 1366 1767 1405 nuere

65 1439 128 1505 post
154 1431 386 1500 communionem)
417 1438 563 1504 utramque
589 1431 710 1501 speciem
733 1432 834 1488 diserte
859 1448 904 1487 cx·
929 1430 1083 1485 redimens.
1125 1431 1202 1485 Nom
1220 1433 1246 1485 si
1264 1434 1305 1487 ad
1323 1433 1436 1487 diuinae
1454 1433 1618 1488 nascens
1637 1441 1767 1506 caputet

64 1519 169 1590 primit
211 1517 301 1590 Atqui
327 1516 356 1572 hi
382 1524 448 1574 sunt
474 1519 544 1573 ritus
567 1519 699 1574 ecclesiae
724 1526 843 1588 veteres,
871 1537 904 1575 ex
931 1515 1068 1585 orieinem
1093 1526 1281 1584 reuertamur,
1314 1528 1405 1574 cessat
1432 1537 1513 1575 error
1543 1521 1689 1579 humanus.
1735 1520 1770 1576 st

65 1605 168 1679 quibus
195 1605 413 1661 communionem
444 1605 497 1660 sub
527 1622 582 1661 une
605 1605 697 1678 specie
720 1604 904 1661 Bellurminus
930 1604 1042 1658 canetis
1060 1621 1159 1674 aquae,
1179 1606 1229 1675 qui
1244 1606 1355 1676 copiose
1371 1608 1455 1678 prius
1473 1614 1499 1661 et
1517 1608 1637 1679 iareim
1650 1608 1767 1679 fluebat,

65 1690 186 1764 probare
215 1690 318 1761 voluit,
350 1690 400 1745 scd
428 1697 558 1748 socurste
587 1691 753 1746 notandum:
785 1699 808 1749 1.
830 1691 905 1762 quod
930 1691 1021 1746 subito
1046 1692 1174 1758 deficiat,
1199 1708 1290 1746 nonne
1313 1694 1354 1748 ad
1363 1694 1478 1761 sontem
1492 1695 1635 1764 percitur,
1659 1701 1689 1748 ut
1707 1693 1770 1749 sitio

65 1778 158 1834 nuilus
181 1776 253 1832 ritus
278 1775 412 1832 ecclesiae
430 1776 612 1845 institutioni,
632 1777 770 1833 voluntati
787 1782 816 1833 et
832 1777 904 1833 ordi·
932 1777 1098 1843 defectionis
1117 1780 1193 1835 ratio
1209 1789 1355 1847 nmcotur,
1373 1789 1502 1836 utrumne
1519 1782 1708 1836 arescentibus
1726 1797 1769 1836 os·

67 1863 173 1922 nationi
189 1862 294 1920 Christi
314 1863 466 1936 quidquem
484 1863 598 1919 minime
622 1880 656 1920 ex
673 1869 753 1938 perte
772 1864 906 1935 duogsrs
931 1866 976 1918 nie
1002 1865 1033 1919 in
1060 1866 1153 1935 capite
1183 1866 1343 1935 siccaverit,
1372 1885 1411 1922 an
1431 1885 1497 1923 cero
1520 1869 1632 1938 intepra
1655 1868 1722 1922 ineis
1745 1873 1771 1922 et

66 1953 166 2025 possit,
191 1964 283 2021 neque
307 1951 380 2006 enim
399 1967 434 2006 ex
451 1949 508 2005 ritu
527 1951 660 2006 ecclesius
679 1950 715 2005 de
733 1949 905 2006 institutione
926 1952 1017 2021 piena
1037 1968 1210 2021 percurrens
1233 1954 1265 2008 in
1283 1954 1375 2009 nudie
1391 1954 1490 2011 itinere
1508 1955 1667 2010 tenuerim
1692 1955 1770 2022 quod

69 2038 184 2107 Christi,
208 2037 258 2094 scd
276 2043 374 2092 contre
390 2036 482 2109 potius
503 2054 537 2092 ex
555 2037 729 2092 institutione
748 2035 851 2091 Christi
869 2036 904 2092 de
931 2045 957 2092 et
977 2056 1050 2093 nunc
1071 2040 1170 2104 facere
1193 2048 1303 2110 oportet
1323 2041 1383 2095 Dei
1398 2042 1560 2096 sacerdotes
1579 2048 1606 2094 et
1622 2041 1653 2094 in
1670 2040 1768 2110 alioue

68 2128 121 2182 ritu
139 2124 275 2182 ecclesius
289 2123 428 2192 judicium
446 2121 505 2179 fieri
523 2123 615 2187 debet,
635 2123 687 2178 nisi
699 2122 814 2178 velimus
826 2139 904 2194 pree·
929 2126 957 2179 si
979 2127 1126 2180 mmaserit
1153 2126 1198 2181 oet
1225 2127 1404 2183 nantuensis
1429 2128 1547 2196 ceritas,
1572 2129 1615 2181 od
1632 2126 1770 2195 oripinem

68 2219 179 2285 postero
199 2210 296 2266 ordine
313 2208 438 2282 regulum
456 2215 485 2265 et
500 2224 624 2264 normam
637 2209 674 2264 sd
687 2214 844 2264 normstum
864 2213 906 2276 (ut
930 2213 1113 2267 Dominicam
1137 2220 1162 2267 et
1182 2214 1371 2282 euanpeticam
1390 2222 1416 2268 et
1433 2214 1618 2284 apostolocin
1637 2213 1769 2269 traditio·

69 2300 106 2355 sic
136 2299 248 2370 loquer)
280 2303 309 2352 et
336 2295 495 2368 regulutum
523 2295 673 2352 inflectere.
717 2295 903 2351 Beilsrminus
929 2317 992 2354 nem
1014 2308 1200 2364 reuertamur,
1223 2309 1250 2355 et
1272 2301 1339 2366 inde
1362 2309 1461 2372 serpat
1480 2309 1560 2355 octus
1578 2300 1671 2355 nostri
1685 2300 1769 2366 ratio,

70 2386 114 2442 lib.
138 2391 161 2443 1.
188 2384 224 2440 de
248 2382 425 2439 moramentis
450 2382 480 2436 in
504 2398 606 2454 genere
628 2399 651 2437 c.
670 2386 710 2438 26.
730 2378 759 2457 ξ.
786 2383 833 2436 Ee
850 2399 904 2451 cuo
930 2387 1004 2440 unde
1030 2393 1057 2440 et
1081 2387 1154 2441 ordo
1180 2394 1207 2440 et
1229 2388 1310 2456 oripo
1335 2388 1467 2444 surrssit.
1508 2386 1642 2442 tauns·
1664 2384 1770 2456 scribit,

70 2471 252 2541 intettipinsus
275 2468 444 2525 contorium
460 2467 544 2539 piune
561 2468 671 2538 statuit,
689 2466 729 2523 sic
747 2467 821 2541 enim
841 2468 906 2524 scri·
928 2471 1052 2540 primum
1072 2473 1233 2540 secusiam,
1253 2491 1314 2528 cuns
1331 2473 1425 2528 adhuc
1441 2473 1525 2529 rods
1542 2480 1629 2541 esset,
1646 2471 1733 2526 riuos
1750 2488 1770 2527 o

70 2558 122 2616 bit:
142 2556 214 2612 &sm
231 2564 336 2611 certum
353 2556 404 2625 sit,
424 2555 650 2629 conmetudinem
661 2546 905 2608 uniuersae'ccclc·
932 2557 1043 2613 Christo
1067 2566 1210 2628 acceptum
1228 2559 1361 2629 relisisse
1380 2560 1514 2630 tenusiee,
1536 2560 1624 2615 donee
1642 2577 1661 2612 a
1675 2557 1770 2628 patri·

69 2646 124 2700 sias
145 2651 315 2716 perpetuom
332 2659 388 2696 non
403 2657 490 2710 posse
511 2658 572 2696 cum
590 2640 673 2696 uerbo
693 2640 752 2695 Dei
764 2657 905 2711 pecuare,
931 2645 981 2698 ius
1007 2647 1090 2699 docta
1116 2644 1300 2715 intelliperet,
1323 2653 1471 2717 utramque
1489 2646 1607 2716 speciem
1623 2645 1770 2701 conuenire

26 2721 32 2738 ’
69 2741 91 2788 et
108 2731 217 2788 clarior
234 2729 272 2783 sit
288 2729 458 2783 consuetudo
476 2745 560 2798 ursam
578 2727 669 2799 speum
687 2727 815 2797 cerium,
831 2735 905 2781 recte
930 2731 1136 2799 sacerdotibus,
1162 2731 1251 2786 laicos
1269 2732 1330 2788 solo
1346 2751 1424 2804 pone
1443 2741 1583 2790 contentos
1601 2747 1662 2787 esse
1673 2748 1769 2802 posse.

64 2817 233 2889 judicabant
250 2815 299 2869 itti
313 2813 373 2887 (qui
387 2811 528 2885 Cypriane
545 2829 575 2869 ss
588 2811 777 2885 opponebant)
794 2830 904 2868 eccon·
930 2819 970 2872 et
999 2816 1148 2873 lsndsbilis
1175 2816 1224 2872 illu
1255 2817 1309 2874 fnit
1335 2819 1442 2875 ruditus
1468 2819 1497 2874 in
1523 2817 1616 2874 verbis
1642 2815 1769 2890 mugiret

68 2904 213 2962 memdine
231 2902 343 2957 cerium
360 2902 422 2954 Dei
440 2917 499 2955 esse
516 2900 770 2973 interpretandum,
792 2919 849 2957 noo
869 2900 904 2954 ob
930 2902 1049 2961 fideliter
1086 2911 1115 2960 et
1149 2903 1312 2976 simpliciter
1350 2905 1536 2978 acquiescere.
1588 2910 1612 2961 t.
1643 2902 1769 2959 Thomse
1892 2972 1895 2977 ι

67 2993 177 3048 serium
200 2990 262 3044 Dei
282 2988 428 3044 obscurioris
454 2994 480 3041 st
502 2987 659 3056 undeinn
677 2987 903 3042 coneududinem
928 2989 1079 3063 Aquinstis
1095 2995 1222 3062 tempore
1239 2988 1373 3059 fatemur,
1397 2991 1588 3048 introductum
1605 2989 1687 3045 unius
1704 3004 1768 3060 sps·

68 3079 250 3147 abolendam,
278 3083 309 3129 ut
332 3074 490 3130 lutherani
513 3073 564 3129 hoc
592 3082 714 3144 tempore
738 3075 902 3141 faciendum
928 3078 980 3134 cici
999 3094 1095 3142 usum,
1124 3076 1198 3133 idem
1218 3083 1311 3134 temen
1332 3083 1402 3148 pert
1423 3082 1446 3135 3.
1466 3095 1494 3150 q.
1515 3084 1556 3134 tt.
1576 3092 1705 3148 expresse
1724 3091 1768 3130 ss·

67 3184 124 3223 esse
146 3163 357 3221 contendebant.
397 3160 453 3218 Sed
475 3160 579 3217 nemini
596 3177 660 3217 vere
679 3161 726 3232 pio
747 3166 775 3217 ct
794 3161 902 3216 erudito
928 3163 1007 3230 serit,
1032 3164 1063 3218 in
1086 3163 1254 3233 quibusdam
1278 3163 1370 3218 solum
1395 3164 1520 3218 ecclesis's
1545 3164 1586 3217 ita
1607 3162 1768 3231 obsonari,-

65 3254 116 3311 hoc
143 3249 355 3326 pronuntiatum
378 3265 412 3304 er
430 3247 541 3304 Cussno
558 3247 633 3303 csrd.
654 3248 734 3319 epist.
752 3253 777 3304 2.
794 3247 831 3304 ed
848 3247 902 3302 Bo·
927 3249 982 3305 fuit
1002 3266 1069 3322 ergo
1088 3250 1157 3305 ritus
1175 3248 1354 3319 particularis
1374 3255 1402 3305 et
1418 3250 1554 3321 privatus.
1588 3247 1767 3304 Bernhardus

65 3341 161 3399 hemos
186 3338 320 3412 petitum,
355 3334 431 3409 quod
456 3333 615 3406 scripturus
638 3335 722 3406 juxto
746 3340 902 3390 currentem
928 3336 1075 3408 utriusque
1095 3334 1196 3408 speciei
1213 3335 1317 3407 possim
1336 3335 1468 3403 meminit,
1488 3351 1559 3406 quse
1578 3350 1612 3390 ex
1631 3333 1678 3390 lib.
1695 3341 1717 3390 1.
1732 3332 1768 3388 dc

67 3427 199 3486 ecclesius
228 3425 312 3480 ritum
343 3420 522 3494 exponendus
547 3420 615 3490 sint,
645 3420 758 3492 probari
780 3437 903 3492 unqusm
929 3423 985 3477 ritu
1003 3421 1106 3478 Bernlu
1127 3439 1188 3492 cup.
1213 3428 1252 3478 11.
1271 3421 1457 3476 Bellus-minus
1472 3420 1584 3492 alleget,
1604 3419 1768 3475 inillotoco

66 3515 176 3587 poterit.
215 3517 240 3570 2.
263 3509 343 3576 Quod
363 3509 433 3565 ritus
450 3507 640 3580 particulares,
659 3507 770 3578 prirsti,
788 3507 857 3562 varii
875 3513 904 3562 et
927 3526 983 3565 non
1008 3508 1159 3566 hsbentur.
1194 3509 1274 3565 Beds
1292 3508 1339 3563 lib.
1363 3515 1385 3564 1.
1405 3508 1434 3563 in
1451 3506 1515 3564 ioh
1535 3524 1559 3564 c.
1575 3512 1601 3565 2.
1620 3506 1713 3562 homil.
1732 3505 1768 3562 de

66 3600 168 3658 diversi
195 3615 247 3654 nec
269 3596 377 3668 possint
398 3612 449 3652 nec
474 3594 593 3650 debeant
614 3593 764 3650 universali
790 3599 819 3650 et
840 3609 903 3663 pro·
927 3596 1031 3651 sanctis
1054 3603 1082 3650 et
1099 3594 1166 3651 ulibi
1186 3611 1267 3650 usum
1288 3593 1371 3665 psnis
1391 3600 1419 3649 et
1437 3593 1531 3651 culicis
1549 3594 1580 3650 in
1599 3591 1770 3654 cuohsristis,

66 3687 148 3744 bstse
173 3682 368 3741 consuetudini
393 3680 528 3738 ecciesiae
546 3679 659 3752 opponi
693 3679 759 3736 dum
777 3697 843 3736 vero
862 3679 903 3734 di·
927 3699 1035 3754 semper
1054 3681 1211 3754 conjungit
1247 3680 1322 3736 Ordo
1339 3680 1483 3737 Romanus
1503 3681 1539 3738 ds
1557 3679 1649 3737 officio
1666 3679 1767 3736 missso

67 3783 139 3832 serte
162 3770 261 3828 scribit
286 3769 440 3826 cessander
459 3769 488 3823 in
508 3766 709 3824 consultatione
728 3767 763 3823 de
782 3768 902 3839 August
927 3787 955 3841 p.
973 3774 1021 3826 2³:
1039 3770 1163 3839 Recepto
1180 3767 1501 3823 coiicearchidiooonue
1514 3769 1661 3834 confirmat
1672 3783 1767 3822 omnes

66 3862 136 3920 conf.
170 3865 222 3916 ert
246 3864 292 3916 22:
327 3856 406 3912 Satis
432 3863 602 3925 compertum
630 3862 686 3925 est,
715 3853 902 3908 universalem
929 3855 1067 3926 sanquine
1089 3854 1255 3926 Dominico,
1282 3872 1352 3925 quos
1377 3855 1620 3911 communicaverit
1633 3855 1767 3925 pontefex

67 3948 173 4005 Christi
188 3945 336 4001 ecclesiam
351 3944 383 3997 in
398 3943 470 3997 hunc
489 3958 577 4011 usque
596 3941 683 4005 diem,
702 3940 902 3996 occidentalem
928 3959 1047 4012 corpore
1065 3941 1226 3997 Dominico.
1262 3945 1287 3996 5.
1299 3939 1496 3996 Concludimus
1513 3940 1601 4014 igitur
1617 3940 1710 3997 rmbis
1730 3938 1765 3996 d.

65 4055 129 4092 oero
154 4051 205 4089 seu
225 4031 385 4086 Romanam
406 4028 485 4084 nare
508 4027 631 4098 amplius
649 4027 734 4082 annis
751 4045 770 4081 a
790 4025 902 4080 Christo
928 4027 1076 4084 Cssssndri
1094 4027 1130 4082 ds
1146 4043 1243 4082 comm.
1261 4026 1313 4082 sub
1336 4033 1455 4099 utreque
1472 4027 1564 4098 specie
1586 4026 1606 4086 i.
1628 4033 1675 4084 17:
1699 4027 1783 4085 Non.

65 4125 94 4178 in
111 4119 225 4177 solenni
235 4114 407 4189 praesemim
424 4124 450 4170 et
469 4114 621 4170 ordinario
636 4113 721 4182 hujus
734 4113 904 4167 sacramenti
925 4123 1007 4186 puto,
1036 4114 1225 4169 demonstrari
1241 4129 1329 4183 passe
1353 4115 1419 4168 totis
1443 4114 1521 4169 mile
1539 4113 1663 4184 amplius
1681 4114 1765 4168 assu

66 4205 277 4279 Menestheo
295 4210 442 4273 wamque
459 4200 548 4271 panis
567 4207 593 4253 et
612 4198 672 4254 cini
684 4199 804 4270 speciem
817 4199 902 4253 omni·
928 4202 959 4256 in
976 4201 1039 4255 ulia
1057 4201 1191 4255 ecclesias
1209 4199 1372 4255 Catholicae
1384 4208 1469 4270 parte
1487 4207 1695 4279 sacrosanctum
1714 4201 1766 4256 hoc

66 4295 114 4350 bus
132 4292 266 4348 ecciesiae
282 4289 411 4345 menimis
430 4287 597 4356 exhibuisse,
623 4287 656 4339 id
675 4286 753 4355 quod
772 4302 805 4339 ec
824 4289 901 4340 innu·
928 4286 1113 4342 eucharistiae
1130 4293 1337 4340 sacramentum
1355 4285 1440 4339 aliter
1465 4286 1495 4339 in
1515 4303 1602 4341 sacra
1624 4287 1728 4358 sunoei
1752 4303 1767 4342 e

65 4382 151 4438 meris
177 4386 299 4449 ueterum
321 4376 499 4445 scriptorum,
524 4382 582 4427 tam
605 4370 796 4442 Graecorum,
818 4389 902 4442 quam
928 4391 1024 4429 mensa
1047 4372 1201 4427 Dominica
1214 4371 1314 4441 fidelis
1325 4372 1450 4442 populo,
1474 4389 1557 4442 quam
1581 4373 1632 4426 sud
1649 4381 1768 4443 utroque

64 4468 234 4524 Latinorum
247 4461 424 4517 testimoniis
441 4460 620 4527 manifestum
639 4466 691 4514 est.
727 4464 751 4514 3.
768 4457 848 4523 Quod
867 4457 902 4512 ri·
923 4461 1012 4532 panis
1030 4459 1133 4515 etvini
1148 4458 1272 4528 symbolo
1289 4459 1517 4512 administratum
1529 4459 1635 4528 fuisse.

66 4641 101 4697 sti
119 4641 250 4695 immotse
265 4652 299 4690 sc
315 4637 465 4705 perpetues
484 4632 586 4702 opponi
606 4639 658 4688 etc.
928 4634 1019 4688 minus
1038 4633 1073 4687 ah
1091 4633 1291 4699 incommodis,
1309 4647 1381 4702 quae
1399 4638 1553 4702 secuuntur
1571 4633 1764 4688 necessitatem
1777 4638 1892 4731 3:¹23„
1922 4659 1927 4673 .

10 4777 11 4782 ,
106 4733 149 4784 66.
184 4723 313 4781 Vidimus
335 4721 468 4776 hectenus
491 4726 617 4792 quartum
640 4717 788 4788 rationem,
818 4733 901 4787 quem
926 4721 1071 4788 utriusque
1097 4719 1209 4789 speciei.
1252 4716 1354 4773 Mirum
1379 4733 1445 4774 vero
1467 4716 1608 4773 Christum
1626 4724 1654 4775 et
1670 4734 1763 4790 prmu-
1776 4735 1878 4774 essens·

10 4807 49 4888 ,212
66 4833 117 4889 pro
148 4809 319 4866 stsbiliends
342 4808 560 4880 ποτηριοκλεψίᾳ
586 4804 770 4861 Bellurminus
796 4803 900 4860 attulit.
926 4805 1012 4861 tivsm
1038 4805 1183 4861 ecclesium
1205 4802 1380 4860 incommode
1404 4802 1454 4859 ills
1473 4821 1528 4860 non
1546 4803 1664 4875 vidisse,
1685 4786 1892 4886 endi-mv,

10 4903 48 4940 ¹¹⁰·
67 4906 90 4956 5.
108 4897 242 4965 Quintum
260 4895 332 4967 petit
349 4912 381 4949 ea
398 4907 534 4947 consensu
551 4898 577 4945 et
595 4893 750 4947 testimonie
769 4891 901 4946 ecciesiae
927 4909 1006 4947 smus
1024 4898 1125 4958 temen,
1144 4907 1215 4963 quse
1232 4889 1354 4946 sintills
1380 4893 1405 4945 1.
1416 4890 1545 4944 Primum
1557 4890 1761 4946 incommodum
1775 4889 1863 4980 :¹3:22¹

62 4985 241 5057 posterioris,
258 4980 309 5036 ubi
319 4980 425 5052 proiert
434 4976 593 5033 testimonie
604 4979 778 5046 Bernhardi,
792 4979 901 5047 Bedae,
928 4985 968 5033 est
985 4976 1198 5048 impossibilitas
1217 4974 1357 5047 implendi
1372 4976 1461 5046 lenem
1478 4976 1562 5030 istam
1579 4977 1610 5030 in
1628 4977 1666 5030 iis
1682 4977 1761 5048 locis,
1775 4997 1880 5040 ussnmr,

64 5072 177 5129 ordinis
186 5068 311 5125 lionsani
329 5076 354 5123 et
372 5066 561 5136 conjecturam
578 5064 660 5120 vaide
672 5083 811 5136 maenam,
824 5065 902 5135 quod
927 5066 976 5119 uhi
996 5064 1124 5135 populus
1147 5071 1187 5118 est
1211 5063 1296 5117 ualde
1317 5080 1480 5118 semermes
1505 5072 1532 5117 et
1557 5079 1631 5116 unus
1656 5042 1851 5136 sumumffffl¹⁸

65 5161 96 5214 iu
120 5157 247 5214 ecclesiis
271 5154 425 5211 nunuosis
444 5168 501 5206 non
520 5150 642 5220 potuerit
661 5152 729 5206 dari
745 5151 901 5207 communio
927 5153 1069 5206 sacerdos.
1112 5152 1209 5219 Neque
1233 5150 1306 5204 enim
1331 5151 1415 5204 simut
1436 5149 1519 5204 multi
1540 5148 1644 5232 edices
1669 5167 1762 5206 coisse·
1775 5143 1889 5240 {afflat

64 5248 117 5302 soei
134 5244 244 5315 populo
268 5259 300 5296 ee
322 5241 411 5296 catice
433 5239 494 5293 ueri
515 5236 663 5304 sanouinis
686 5239 812 5293 Domini.
847 5238 901 5293 Re·
928 5239 1008 5294 erari
1019 5245 1151 5309 pessunt,
1169 5252 1257 5306 ”⁶9¹ss
1274 5236 1437 5292 mmm
1448 5242 1542 5306 ΡΜ
1558 5235 1652 5292 ”imm
1668 5236 1699 5293 ‘n
1716 5246 1878 5342 miiaiin

64 5332 251 5405 spondemus:
280 5332 303 5386 1.
334 5325 512 5381 Conmsetudo
540 5324 600 5378 sine
634 5321 751 5376 ueritate
779 5331 901 5379 edictas
928 5327 982 5381 lice
995 5325 1092 5393 aliquo
1107 5322 1275 5392 uastisuno,
1294 5323 1344 5393 qui
1360 5330 1469 5378 tantum
1481 5323 1542 5378 uini
1553 5324 1657 5395 capiat,
1675 5341 1761 5395 quan·
1774 5353 1860 5404 md„

64 5419 173 5475 erroris
202 5424 252 5471 est.
285 5432 308 5468 c.
340 5413 512 5469 consuetudo
542 5409 606 5465 dist.
630 5412 655 5466 8.
687 5410 827 5464 Dominus
845 5429 902 5466 non
928 5419 986 5466 tum
1002 5409 1248 5482 uniuereopoputo
1259 5410 1398 5479 sufficietr
1415 5425 1503 5480 ncesse
1515 5410 1652 5480 potestis
1663 5413 1761 5466 eadem

65 5507 153 5561 dicit:
180 5520 232 5575 ecc
255 5516 318 5554 sum
336 5500 523 5570 emuniens,
549 5495 739 5565 sedveritus,
763 5497 902 5566 quaelibet
928 5498 1038 5556 actione
1055 5497 1170 5566 saepius
1188 5495 1278 5568 repeti
1296 5495 1478 5553 consecratio.
1512 5495 1632 5558 ”vitus
1649 5496 1768 5569 Mirum
