4004 6022
241 378 302 436 424
816 364 939 424 LOCUS
959 361 1164 421 wensinus
1184 363 1383 422 SECUNDUS

241 533 281 580 est
305 531 390 595 porta
415 533 441 578 et
466 525 565 579 stricta
587 525 646 592 oia,
670 540 741 594 quae
765 521 842 577 ducit
867 523 909 576 ad
926 522 1028 587 citam,
1054 523 1080 575 et
1108 521 1186 576 lica!
1212 521 1258 575 niu
1282 528 1339 574 tres
1360 521 1444 575 rtlnas
1462 521 1577 590 lonpum
1595 521 1810 590 comparatione
1827 527 1889 588 rjus
1907 537 1949 575 oa·

237 613 329 683 pauci
353 619 430 680 sunt,
458 613 510 681 qui
526 612 671 665 inueniunt
692 612 777 664 eam!
816 608 885 671 Quis
903 609 990 680 ipitur
1009 609 1219 674 uenumdatis,
1237 625 1320 678 quam
1334 609 1464 677 possidet
1476 626 1622 679 spnapopa
1638 608 1775 665 Satanae.
1810 608 1948 664 Francise

242 706 331 752 mente
347 698 567 768 praeditusnon
580 697 661 750 malit
674 696 880 766 inpauciorum
894 670 1211 824 essenumeroERibere
1235 695 1265 749 in
1286 701 1430 750 comment.
1455 711 1480 750 c.
1509 701 1547 750 13.
1573 694 1759 766 Apocalyps:
1801 694 1948 763 Sipnificat

239 802 294 856 per
312 792 460 851 enpustam
478 785 650 837 adsalutem
664 781 888 849 inpredientium,
909 798 1080 850 quamasso·
1092 832 1095 874 Ι
1108 783 1255 853 apostolus
1281 783 1326 835 his
1352 784 1444 836 serbis
1471 784 1683 851 (adoraverunt
1710 782 1830 836 besdum
1859 800 1950 836 omues

243 871 319 924 ciari
334 870 429 922 multis
450 868 510 922 illis
525 886 579 938 pcr
600 869 688 921 latam
709 870 749 921 ad
760 867 903 921 interitum
916 869 1159 938 ruentibusirqui
1182 870 1339 922 inhabitant
1359 869 1482 938 terram)
1511 869 1650 934 infinitam
1672 869 1885 922 multitudinem
1910 888 1948 923 co·

243 956 455 1027 chrysostomus
481 953 576 1010 homil.
597 960 639 1009 it.
659 954 694 1007 ad
712 954 805 1024 popul„
825 953 970 1009 Antioch.:
992 934 1184 1035 Quae-irum,
1212 957 1262 1027 qui
1287 956 1463 1010 Antichristo
1490 957 1690 1012 adhaerebunt.
1734 955 1892 1026 Gregorius
1917 956 1949 1011 ds

243 1062 318 1111 nam,
331 1059 445 1112 precor,
465 1042 575 1095 utilitas
589 1048 635 1104 cst,
653 1040 767 1093 multum
780 1042 966 1107 eseofcenum
975 1040 1080 1111 potius,
1107 1043 1218 1098 Valent.
1244 1043 1272 1097 in
1293 1044 1364 1097 anal.
1383 1043 1418 1098 de
1435 1043 1531 1098 eccles.
1551 1059 1616 1115 pag,
1638 1047 1677 1098 13.
1696 1043 1844 1114 agnoscit,
1871 1060 1948 1114 argn-

246 1148 329 1200 quum
341 1146 451 1198 paucos
470 1128 584 1197 lapides
603 1144 661 1180 esse
673 1126 836 1197 pretiosos!
859 1145 915 1181 non
931 1127 1083 1180 innumeri
1108 1136 1231 1185 mentum
1267 1147 1285 1184 a
1320 1129 1500 1184 multitudine
1535 1135 1564 1184 et
1592 1129 1774 1184 consensione
1809 1128 1948 1183 hominum

246 1215 433 1282 multitudino,
454 1216 506 1267 sed
524 1213 554 1266 in
572 1213 683 1267 virtutis
696 1214 839 1282 probitate
858 1215 1081 1267 multitudocon·
1109 1217 1223 1271 ductum
1245 1236 1300 1271 non
1328 1233 1387 1270 esse
1402 1234 1523 1286 prorsus
1541 1232 1574 1269 ea
1592 1234 1643 1270 suo
1661 1233 1762 1284 penem
1783 1216 1947 1284 infallibile.

244 1303 327 1359 sistit.
364 1302 450 1355 Elias
470 1319 542 1354 unus
560 1309 628 1368 crat,
648 1303 701 1353 sed
717 1307 791 1353 totius
809 1303 929 1353 mundus
946 1319 1001 1354 non
1020 1309 1082 1353 crat
1108 1308 1139 1341 *t
1148 1307 1227 1360 Idem
1255 1304 1284 1357 in
1313 1302 1386 1357 anal.
1413 1319 1477 1374 pag.
1508 1307 1564 1358 134.
1591 1303 1708 1371 fatetur,
1740 1320 1830 1371 posse
1858 1320 1948 1356 ceram

245 1389 361 1456 dipnus,
386 1387 436 1456 qui
457 1389 659 1456 rependeretur
677 1386 741 1455 ipsi.
777 1385 850 1441 Vide
868 1385 972 1440 ibidem
991 1387 1080 1457 plura,
1111 1392 1219 1446 Christi
1241 1389 1387 1444 ecclesiam
1409 1388 1551 1441 interdum
1571 1391 1613 1442 ad
1627 1388 1742 1458 ¹paucos
1760 1388 1869 1457 redipi.
1888 1406 1947 1460 pag.

245 1475 286 1529 uti
308 1475 390 1529 etiarn
409 1473 503 1527 homil.
522 1479 564 1529 26.
583 1473 775 1543 praecedente.
802 1471 990 1543 Hieronymus
999 1473 1046 1528 lib.
1057 1478 1079 1528 3.
1111 1483 1168 1533 iss.
1213 1476 1320 1530 Christi
1346 1475 1493 1528 ecclesiam
1514 1476 1656 1528 interdum
1679 1475 1710 1527 in
1735 1476 1901 1528 carceribru
1926 1483 1949 1528 d

244 1561 352 1616 advers.
375 1559 510 1630 Pelagius
536 1578 562 1630 p.
582 1564 641 1614 ato.
662 1558 714 1613 sub
734 1558 844 1613 nominc
862 1559 948 1613 Attici
969 1559 1005 1612 ad
1024 1558 1081 1614 Cri·
1108 1565 1249 1636 speluncis
1275 1563 1512 1631 quauendam.**
1549 1561 1686 1615 Pistorins
1703 1560 1733 1614 in
1751 1561 1847 1616 causis
1864 1566 1949 1617 mnte—

244 1646 372 1702 tobulum
392 1645 551 1715 Pelagian.:
573 1645 731 1698 Multitudo
750 1645 888 1699 sociomrm
906 1663 1082 1715 nequaquam
1108 1655 1154 1703 tas
1172 1647 1312 1719 religionis
1333 1646 1522 1702 aMarchione
1534 1646 1656 1701 Badensi
1669 1646 1808 1719 agnoscit,
1826 1653 1949 1719 tempore

246 1742 271 1788 te
293 1733 469 1801 catholicum,
488 1732 540 1784 sed
557 1731 728 1785 haereticum
749 1747 807 1784 esse
825 1731 998 1786 monstrabit.
1025 1732 1082 1785 Au·
1109 1734 1268 1803 pressantis
1292 1734 1453 1787 Arianismi
1476 1734 1621 1786 ecclesiam
1645 1739 1751 1786 tantum
1768 1735 1988 1803 professiosess

246 1820 375 1894 guntinus
392 1819 421 1873 in
439 1818 542 1874 Psalm.
562 1822 608 1874 39:
630 1817 664 1874 Si
677 1818 830 1887 justitam,
850 1819 911 1872 noli
927 1835 1082 1882 numerare,
1111 1830 1136 1874 et
1154 1821 1323 1874 conscicntia
1338 1820 1541 1889 permansisse,
1562 1837 1597 1872 ac
1616 1819 1754 1888 majorem
1773 1821 1949 1874 Arianorum

247 1909 300 1960 sed
317 1907 446 1976 appende
453 1925 463 1972 ,·
483 1912 617 1958 stateram
637 1907 708 1975 affer
725 1922 852 1975 aequam,
871 1923 926 1958 non
945 1906 1084 1964 dolosam.
1111 1924 1195 1975 quam
1220 1916 1294 1961 recte
1322 1906 1499 1960 sentientium
1526 1905 1733 1959 multitudinem
1756 1906 1861 1970 fus'sse.
1904 1906 1949 1961 Al-

249 1994 317 2063 qnia
340 1994 433 2060 iustus
461 1992 624 2061 appellatus
642 2008 679 2044 es.
722 1992 858 2045 Videbunt
870 1991 947 2058 justi
965 1999 990 2044 et
1007 1993 1084 2045 time·
1110 1996 1235 2063 phonsus
1253 1993 1440 2048 Salmeronius
1459 1997 1525 2048 tom.
1547 1996 1585 2047 12.
1617 1996 1764 2045 comment.
1795 1991 1825 2045 in
1855 2009 1949 2065 evang.

251 2081 324 2148 bunt,
342 2080 448 2132 dictum
465 2086 505 2132 est
525 2080 560 2132 de
579 2087 612 2132 te.
650 2077 721 2131 Noli
738 2094 805 2145 erpa
823 2094 970 2130 numerare
988 2079 1084 2130 turbas
1111 2080 1207 2137 histor.
1235 2085 1264 2134 et
1294 2079 1368 2134 Acta
1393 2084 1426 2133 tr.
1454 2083 1478 2133 9.
1501 2093 1585 2148 super
1612 2076 1698 2131 verba
1721 2076 1818 2133 Actor.
1846 2085 1869 2134 1.
1894 2088 1951 2134 erat

249 2166 390 2219 hominum
402 2166 567 2232 incedentes,
585 2165 661 2218 latas
678 2165 747 2233 nias,
766 2164 912 2234 implentes
933 2164 1085 2217 martinum
1112 2174 1205 2219 autem
1227 2167 1309 2219 turba
1330 2166 1471 2219 hominum
1488 2165 1552 2232 fere
1570 2172 1678 2217 centum
1697 2171 1722 2217 et
1739 2164 1845 2232 oipinti
1861 2184 1888 2237 p.
1907 2172 1950 2222 it:

250 2270 355 2322 arcium,
371 2252 495 2305 ciuitatis
514 2252 638 2305 natalem
656 2251 808 2305 clamando
822 2251 1002 2315 celebrantes,
1021 2250 1085 2304 eivi-
1116 2254 1211 2322 Vides,
1233 2269 1316 2322 quam
1330 2270 1423 2322 paruo
1443 2268 1558 2304 numero
1577 2259 1642 2304 tunc
1660 2250 1806 2304 excideret
1825 2254 1948 2318 ecclesm,

248 2347 333 2393 tatem
350 2339 441 2409 ipsam
460 2338 533 2392 male
552 2338 670 2392 uiuendo
684 2338 833 2391 turbantes.
860 2336 932 2390 Noli
941 2353 1007 2406 erpo
1021 2337 1087 2390 illas
1113 2357 1184 2409 quac
1208 2346 1300 2393 tamen
1323 2356 1386 2392 mou
1411 2339 1441 2390 in
1465 2354 1559 2391 omnes
1577 2338 1677 2390 usundi
1690 2344 1794 2406 partes
1813 2346 1842 2392 et
1860 2349 1949 2410 pentes

250 2427 402 2479 attendere.
440 2425 625 2494 Multisunt,
645 2424 751 2492 etquis
769 2425 918 2476 numerati
932 2424 1022 2493 pauci
1038 2440 1087 2476 au·
1109 2429 1303 2496 propapunda
1329 2433 1398 2478 erat.
1451 2423 1560 2477 Veritas
1584 2424 1657 2476 enim
1681 2422 1818 2477 eccleciae
1842 2427 1903 2479 Dei
1923 2428 1948 2479 in

250 2521 302 2567 tem
315 2531 369 2582 per
386 2513 461 2566 mam
479 2521 626 2580 anpustam
644 2513 783 2566 incedunt.
820 2513 938 2581 Profer,
964 2511 1088 2580 inquam,
1113 2512 1291 2566 multitudine
1317 2529 1373 2565 nou
1396 2510 1534 2577 consistit,
1561 2516 1592 2562 ut
1615 2509 1764 2578 primitiva
1783 2512 1880 2580 docet,
1905 2529 1949 2566 aec

250 2608 393 2663 stateram,
412 2600 549 2667 appende.
587 2599 655 2652 Vide
666 2605 765 2651 contra
775 2615 870 2667 pauca
883 2616 984 2668 pruna,
1001 2615 1087 2667 quau·
1112 2615 1211 2651 rursus
1235 2598 1265 2650 in
1288 2596 1446 2666 paucitate,
1471 2596 1501 2648 in
1523 2612 1579 2663 qna
1602 2595 1773 2649 Donatistae
1790 2597 1948 2664 ploriabas·

251 2693 309 2738 tam
326 2686 442 2753 paleam
459 2685 541 2739 lecca.
577 2683 651 2738 Vide
668 2683 751 2738 etiarn
765 2688 883 2738 enarrat.
912 2684 1087 2740 Psalm.128.
1113 2692 1159 2738 tur
1186 2691 1283 2737 contra
1313 2700 1389 2751 eam,
1425 2698 1497 2750 quae
1527 2682 1682 2751 Aupustini
1711 2689 1838 2752 tempore
1870 2691 1948 2738 totum

252 2770 408 2825 Arnobium
434 2769 481 2824 lib.
512 2775 535 2825 3.
566 2769 671 2825 advers.
700 2775 775 2840 gent.
792 2787 821 2839 p.
844 2774 904 2824 1222
932 2771 998 2824 Non
1016 2771 1087 2824 euim
1114 2772 1245 2824 mundum
1273 2769 1420 2838 implebat,
1452 2785 1501 2821 nec
1525 2767 1555 2819 in
1581 2768 1694 2836 opibus,
1725 2776 1777 2821 aut
1794 2786 1905 2839 pompa
1927 2777 1948 2822 et

251 2864 327 2910 stare
340 2856 400 2909 sine
413 2857 602 2909 assertoribus
620 2873 675 2908 non
688 2862 782 2924 potest
797 2855 899 2924 relipio
915 2856 1087 2922 Christiana,
1109 2857 1238 2928 potentia
1262 2856 1378 2923 mundi;
1406 2857 1459 2908 sed
1481 2855 1510 2907 in
1534 2854 1616 2907 verbo
1638 2853 1697 2906 Dei
1719 2861 1745 2907 et
1768 2855 1887 2909 veritate
1905 2859 1948 2909 dc

252 2951 300 2997 aut
328 2959 359 2996 eo
384 2959 440 2996 esse
465 2942 691 3012 comprobabitur
712 2958 792 3010 vua,
818 2942 846 2994 si
866 2942 1088 3010 adstipulatores
1114 2945 1222 2998 ctrinae
1243 2960 1261 2994 a
1280 2942 1392 2995 Christo
1411 2947 1544 3009 acceptae
1563 2946 1588 2991 et
1605 2938 1737 3006 lepitimis
1758 2941 1821 3009 ejus
1840 2942 1898 2994 sibi
1913 2943 1949 2994 in·

251 3030 380 3084 habuemt
411 3028 553 3099 plurimae
586 3036 611 3082 et
641 3028 837 3081 auctoritatem
866 3029 903 3081 ab
932 3029 1087 3082 hominibus
1114 3031 1199 3084 vicem
1222 3027 1430 3082 succedentibus
1451 3025 1603 3093 ministret,
1623 3025 1680 3078 sine
1700 3026 1773 3080 tales
1791 3027 1877 3080 multi
1891 3028 1949 3096 sint,

251 3115 389 3172 sumserit.
428 3115 495 3170 Suis
517 3115 571 3167 illa
589 3122 717 3169 comente
736 3121 776 3167 est
792 3114 898 3167 viribus
918 3121 943 3168 et
960 3117 1087 3170 ueritatis
1113 3117 1170 3169 sice
1185 3116 1282 3186 pauci,
1302 3114 1358 3167 sice
1379 3112 1512 3182 opulenti,
1531 3112 1588 3165 sive
1597 3129 1745 3181 pauperes.
1769 3112 1851 3168 Haec
1865 3113 1951 3169 omnis

248 3203 388 3274 propriae
405 3201 622 3267 frundaminibus
641 3200 749 3266 nititur,
767 3218 818 3254 uec
834 3202 1015 3269 spoliaturoi
1026 3220 1087 3273 sna,
1115 3202 1266 3259 Salmeron.
1312 3199 1495 3254 Bellarminus
1526 3197 1587 3268 ipse
1610 3197 1707 3252 scribit
1731 3197 1779 3253 lib.
1801 3205 1827 3254 4.
1854 3200 1889 3254 de
1911 3215 1950 3254 ec·

252 3290 365 3346 etiamsi
390 3289 499 3343 nullam
529 3289 629 3341 habeat
654 3287 804 3357 vindicem,
837 3287 893 3341 imo
921 3289 949 3343 si
976 3290 1089 3360 linquae
1116 3290 1180 3344 cles.
1198 3305 1220 3342 c.
1241 3294 1264 3342 5.
1285 3283 1312 3362 ξ.
1337 3285 1370 3340 In
1388 3284 1470 3350 omni,
1488 3284 1595 3338 Christi
1608 3284 1755 3338 eccleciam
1766 3287 1950 3351 ficisseinitio

253 3395 346 3434 omnes
365 3375 597 3443 contrafaciant
614 3374 1089 3443 contramreuitanturctadsidem
1116 3377 1243 3444 cuipuum
1266 3375 1389 3443 alipium
1411 3380 1531 3440 coctum,
1555 3373 1630 3423 unde
1652 3371 1797 3439 paulatim
1818 3373 1889 3427 aliis
1909 3388 1950 3426 cc·

253 3465 334 3519 illius
358 3464 553 3531 abropandam
578 3461 766 3514 consensio-nis
792 3461 886 3514 unitae
911 3463 1089 3516 animositate
1117 3461 1276 3517 cedentibus
1301 3459 1431 3528 eoeperit.
1468 3457 1504 3511 Et
1523 3461 1632 3527 postea,
1660 3457 1741 3511 initio
1759 3459 1855 3523 fuisse
1871 3458 1949 3513 multo

255 3551 422 3619 conspirent.
457 3547 528 3602 Cum
546 3547 742 3601 Constantinus
758 3547 908 3618 imperator
920 3548 1041 3603 Asianus
1053 3550 1088 3603 ad
1114 3549 1265 3621 pauciores
1287 3545 1471 3614 Christianos,
1490 3562 1574 3615 wem
1593 3551 1680 3597 essem
1695 3543 1818 3612 Judaei,
1839 3561 1948 3599 cumea

256 3635 398 3691 Liberium
408 3633 562 3688 Athanasio
575 3633 770 3688 adhaerentem
785 3634 902 3689 diceret:
923 3634 1090 3705 erotapars
1116 3636 1231 3707 paratio
1255 3639 1340 3700 sacta
1372 3641 1418 3686 est.
1467 3630 1573 3694 Quodsi
1610 3629 1727 3684 ecclesia
1765 3631 1871 3686 Christi
1903 3631 1950 3686 fuit

256 3732 286 3776 tu
308 3741 337 3775 es
362 3721 438 3773 orbis
458 3721 618 3772 terrarum!
646 3720 792 3790 respondit
809 3720 834 3774 ei
855 3719 997 3775 Liberius:
1024 3724 1088 3775 Non
1116 3723 1195 3778 initio
1221 3722 1322 3792 exigua
1346 3724 1375 3774 et
1397 3717 1542 3789 pauciores
1566 3717 1678 3771 fuerunt
1695 3716 1848 3772 Christiani
1874 3735 1949 3791 quam

257 3806 425 3862 diminuitur
456 3805 607 3859 solitudine
635 3823 695 3858 meo
720 3808 831 3860 corbium
856 3808 996 3876 veritatis,
1024 3827 1088 3862 narn
1116 3808 1232 3876 iudaei,
1263 3807 1359 3876 utique
1386 3803 1541 3874 amplitudo
1566 3820 1622 3857 non
1652 3808 1694 3858 est
1720 3804 1859 3860 ecelesiae
1883 3811 1950 3860 nota

257 3896 325 3949 olim
344 3901 401 3947 tres
419 3893 508 3948 solum
526 3893 631 3947 inuenti
647 3901 724 3962 sunt,
749 3895 797 3963 qui
815 3894 905 3948 edicta
922 3895 1089 3964 resisterent,
1117 3897 1160 3950 Ac
1184 3893 1332 3948 novissime
1353 3892 1481 3945 Becanus
1501 3891 1530 3943 in
1551 3888 1738 3960 disputatione
1757 3889 1950 3946 devocatione

256 3981 446 4038 Theodoretus
464 3980 512 4035 lib.
534 3986 557 4035 2.
577 3980 672 4035 histor.
691 3981 788 4036 eccles.
807 3998 830 4036 e.
846 3986 885 4037 16.
918 3982 1089 4036 ”Caecilia
1116 3981 1302 4035 ministrorum
1328 3978 1453 4033 Viennae
1479 3992 1552 4030 anno
1577 3981 1649 4031 1616.
1667 3975 1796 4030 instituta
1816 3976 1888 4034 thes.
1907 3984 1947 4033 ti:

255 4087 307 4123 nus
332 4067 407 4138 apud
432 4066 587 4121 Aruobium
611 4066 659 4122 lib.
686 4073 710 4121 S.
736 4072 832 4121 eontra
857 4073 953 4138 gentes
985 4067 1090 4139 objicit,
1118 4069 1152 4122 ln
1195 4068 1223 4123 V.
1263 4067 1295 4122 T.
1332 4064 1437 4128 infiniti
1474 4079 1567 4132 prope
1602 4062 1725 4115 homines
1763 4064 1950 4120 adhaerebant

255 4164 360 4211 coetum
381 4155 606 4210 Christianorum
626 4170 683 4206 esse
702 4155 847 4207 collectum
867 4171 899 4206 ea
916 4155 1090 4224 ultimasece
1114 4154 1203 4221 salsis
1225 4152 1388 4222 prophetis,
1422 4157 1512 4202 tamen
1540 4150 1606 4202 inde
1635 4166 1691 4202 non
1709 4156 1829 4218 poterat
1851 4151 1949 4220 colligi,

255 4242 448 4312 imperitorum
466 4247 491 4294 et
510 4241 672 4308 mulierum,
696 4240 864 4294 latebrosam
891 4248 916 4294 et
933 4241 1091 4310 lucffupam
1117 4241 1159 4295 acl
1196 4240 1272 4309 r'psos
1308 4256 1327 4291 a
1364 4238 1427 4290 Deo
1463 4236 1576 4304 missos,
1612 4237 1655 4290 cel
1694 4252 1790 4290 eorum
1819 4238 1949 4291 uaticinia

255 4330 408 4395 nationem,
432 4328 461 4380 in
482 4327 598 4396 publico
618 4333 736 4390 mittam,
760 4326 790 4378 iu
810 4327 915 4396 anpulo
934 4329 1091 4396 pucrulum.
1118 4328 1253 4381 diuinitus
1287 4324 1384 4393 fuisse
1424 4323 1567 4390 inspirata
1611 4325 1650 4391 (et
1687 4339 1737 4393 per
1773 4339 1950 4396 consequens,

254 4415 447 4471 Theodoretus
462 4413 490 4469 in
507 4413 648 4485 opusculis
661 4413 806 4468 Athanasii
816 4415 925 4470 nomine
934 4415 1015 4471 editis
1025 4421 1090 4470 tom.
1118 4420 1227 4470 coetum
1250 4410 1286 4465 ab
1311 4409 1367 4464 illis
1393 4409 1540 4464 collectum
1565 4426 1622 4463 non
1645 4408 1730 4464 iuism
1753 4424 1852 4465 veram
1870 4410 1950 4466 eccls-

256 4508 280 4558 2.
300 4501 490 4573 Eutychianos
508 4506 587 4555 notat
603 4497 666 4560 τοὺς
683 4501 782 4568 uiri-‘iss
794 4500 873 4574 μόνῳ
886 4504 935 4555 τοῦ
947 4502 1032 4572 λόγου
1044 4502 1092 4571 τὴν
1117 4502 1206 4567 sium.)
1982 4556 1985 4561 ,

256 4586 339 4660 ἰσχὺν
352 4587 553 4658 ἀπονέμοντας,
573 4586 629 4640 soli
641 4587 818 4640 multitudini
829 4588 883 4641 vim
897 4588 1017 4641 rationis
1030 4605 1091 4642 veu-
1155 4591 1212 4641 182.
1239 4581 1383 4647 Quomodo
1403 4597 1469 4635 vero
1487 4581 1588 4652 probat
1606 4580 1807 4646 Bellarminus,
1831 4583 1993 4654 amplisu-m

257 4677 397 4740 dicantes,
415 4672 562 4743 objiciens,
584 4674 745 4726 immensum
765 4690 874 4742 semper
891 4690 948 4726 esse
966 4675 1092 4728 ueritatis
1119 4673 1211 4726 dinem
1233 4687 1293 4725 esse
1319 4669 1451 4724 eeclesiae
1478 4670 1592 4723 notam‘l
1630 4673 1654 4721 1.
1674 4668 1808 4721 Ecclesia
1826 4652 1993 4739 nereca-3:1¹1

257 4763 358 4826 robur,
395 4759 448 4814 scir
482 4758 549 4832 παρ’
586 4757 689 4828 ὀλίγοις
715 4758 888 4832 eripiamur,
918 4764 1093 4830 quantumvis
1119 4759 1223 4812 thelica
1258 4755 1370 4827 (inquit)
1398 4773 1454 4808 non
1479 4755 1569 4808 solum
1595 4754 1675 4807 debet
1700 4754 1837 4824 amplecti
1863 4749 1993 4846 omnioffl¹

258 4849 340 4916 apud
366 4864 474 4917 paucos
501 4846 706 4914 reperiatur-‚iut
757 4851 780 4900 6.
813 4846 931 4913 Accedit
959 4847 1094 4902 confessio
1120 4854 1260 4914 tempora,
1293 4844 1346 4896 sed
1371 4842 1455 4895 etiam
1481 4841 1575 4895 omnia
1600 4841 1677 4904 loca,
1704 4858 1799 4895 omncs
1819 4846 1993 4910 nationeaat

258 4936 381 5007 ipsorum
402 4932 631 4987 adversariorum.
678 4932 808 4988 Nicolsus
830 4934 850 4988 l.
874 4933 903 4987 in
922 4933 1039 5002 epistola
1057 4934 1093 4988 ad
1120 4932 1241 4984 omnium
1256 4930 1395 4985 hominum
1415 4945 1527 4997 penora,
1546 4929 1587 4981 sic
1602 4928 1674 4981 enim
1689 4928 1819 4999 replicat,
1839 4908 1993 5006 quidsith,¹

257 5022 421 5077 Michaeiem
460 5019 667 5089 imperatorem:
717 5020 856 5072 Numerus
884 5019 1010 5088 pusillus
1039 5038 1093 5073 non
1120 5019 1287 5073 catholicum
1306 5033 1377 5081 csse,
1407 5015 1567 5069 Vincentius
1589 5015 1751 5070 Lerinensis
1768 5015 1798 5067 in
1816 5033 1868 5071 esso
1887 5014 1993 5071 com-0⁰

258 5111 346 5177 obest,
376 5109 424 5160 ubi
448 5108 573 5160 obtundat
592 5108 699 5177 pietas,
726 5125 776 5160 nce
803 5105 948 5175 multiplea
965 5109 1094 5175 prodest,
1121 5104 1277 5173 monitorio,
1296 5104 1346 5157 ubi
1362 5103 1440 5169 dicit,
1458 5119 1506 5155 eos
1520 5103 1640 5171 proprie
1658 5118 1715 5154 esse
1730 5101 1895 5173 catholicos,
1911 5102 1956 5173 qui

256 5197 306 5249 ubi
341 5195 467 5248 obtrudat
502 5195 639 5264 impietas.
692 5193 787 5247 Nolite
817 5210 883 5262 erpo
912 5192 1037 5261 ploriari
1064 5192 1093 5245 in
1121 5199 1212 5247 tenent
1231 5193 1271 5260 id,
1291 5188 1368 5260 quod
1385 5205 1500 5260 semper,
1520 5191 1597 5256 quod
1604 5188 1712 5258 ssbc'que,
1731 5188 1811 5256 quod
1824 5189 1861 5242 ab
1873 5190 1954 5243 omni·

256 5282 448 5345 multitudine,
475 5282 543 5351 prtia
568 5299 623 5334 non
646 5280 809 5348 multitudo,
837 5280 889 5332 sed
907 5296 994 5332 consa
1014 5280 1092 5332 dam·
1122 5281 1170 5332 brus
1197 5278 1332 5333 creditum
1359 5285 1407 5335 cst,
1443 5275 1543 5331 ¹'‘lac.
1572 5274 1735 5345 Reihingius
1762 5291 1834 5331 mur.
1856 5273 1954 5346 Babyl.

257 5370 398 5422 nationem
431 5369 476 5422 vel
505 5368 738 5436 justificationem
774 5366 900 5422 adducit.
954 5365 1093 5420 Francise.
1120 5366 1198 5422 fund.
1221 5371 1260 5421 it.
1281 5381 1346 5437 pag.
1368 5367 1432 5419 298:
1473 5361 1545 5416 Sunt
1565 5362 1693 5415 doctores
1710 5360 1841 5424 fidelibus
1860 5362 1955 5432 pauci·

260 5453 378 5509 Sounius
395 5453 540 5525 episcopus
561 5451 767 5523 Antwerpensis
785 5450 815 5506 in
832 5450 894 5506 libr.
915 5450 1092 5507 demonstrat.
1121 5471 1195 5521 ores,
1216 5451 1265 5506 illi
1282 5459 1375 5504 tamen
1395 5448 1548 5517 audiendi,
1569 5465 1686 5520 quorum
1703 5447 1850 5503 auditores
1870 5449 1955 5502 maha

258 5539 337 5613 relig.
364 5539 511 5596 Christian.
540 5543 619 5594 tract.
645 5541 670 5594 8.
695 5554 720 5592 ο.
746 5544 776 5596 3:
821 5537 958 5601 Quanam
983 5539 1096 5595 obsecro
1117 5541 1217 5612 plures
1247 5544 1318 5592 sunt.
1370 5535 1528 5589 Multitudo
1558 5533 1685 5599 fidelium
1716 5533 1848 5589 meliores
1880 5535 1956 5590 nobis

238 5643 333 5681 mune
354 5632 439 5698 patet
452 5642 511 5696 per
537 5625 630 5679 orbem
653 5624 832 5679 habitabilem
856 5623 975 5679 nauta
999 5622 1094 5680 catho-
1124 5624 1246 5682 osten&
1270 5622 1447 5679 daenes*
1486 5619 1712 5693 Respondemus:
1749 5624 1772 5677 i.
1796 5618 1829 5676 ei
1845 5620 1959 5679 eutholi-
