3998 6024
179 347 240 407 252
767 335 888 395 mcUs
905 335 1107 394 VIGESIMUS
1125 334 1270 393 PRIMUS

285 495 546 562 PRECATIO
580 493 896 562 DAMASOENI.
1037 493 1108 544 Jem
1128 491 1245 560 CVM,
1271 498 1297 544 ⁸⁸
1315 506 1434 561 umor,
1458 496 1489 543 αἱ
1508 489 1576 544 ²²⁰oe
1594 495 1695 542 sonora
1711 504 1761 542 eon

1036 594 1091 631 non
1108 576 1146 630 eit
1165 577 1234 630 midi
1252 585 1347 630 reatue
1365 578 1407 629 od
1419 591 1555 647 poenam,
1573 577 1625 627 eed
1643 575 1761 628 intereee

215 667 394 735 Omnipoteno
423 664 543 719 Domine
568 666 639 718 Jeeu
658 664 781 732 Christe,
811 666 892 718 Deru
908 670 1009 726 noeter,
1038 666 1139 719 luterio
1155 666 1197 718 ad
1211 664 1338 732 neniam,-
1361 664 1399 716 rit
1422 663 1493 715 meiri
1511 668 1659 715 armatura
1671 661 1749 728 fidei

180 753 229 820 qui
254 753 332 806 solue
360 751 443 804 haber
470 758 636 820 potentatem
665 750 827 804 dimittendi
855 749 1011 804 homenibus
1037 759 1095 805 tum
1113 753 1200 804 bonae
1217 751 1388 819 uoluntatie5
1410 749 1447 803 eit
1464 749 1594 803 vitianum
1613 764 1761 801 meorum«

176 844 309 905 peecata,
333 837 401 905 mnia
424 836 510 890 banuo
532 844 559 889 et
584 837 702 890 etonem
722 852 765 904 ee,
791 836 898 889 dimitte
918 835 1012 889 omnia
1038 837 1091 900 tio,
1110 837 1350 906 concupiscentiae
1368 844 1394 889 et
1412 833 1540 891 libidinis
1558 833 1761 903 exterminatio,

176 931 295 991 peecata
319 939 395 985 mea,
422 939 494 992 quae
519 923 610 976 eoum
629 931 654 976 et
671 923 806 990 ipnorane
824 923 960 984 commiti,
986 929 1013 975 et
1038 925 1105 978 tatio
1129 932 1155 977 et
1176 923 1347 993 patientiae,
1376 921 1544 976 nundinans
1567 928 1593 974 et
1611 919 1761 973 obedientie

178 1011 230 1074 soe
247 1026 290 1062 me
309 1010 424 1076 dipnum
441 1009 569 1079 accipere
587 1009 685 1061 diuina
703 1016 729 1062 et
746 1008 908 1062 ueneranda
925 1015 952 1061 et
971 1007 1011 1059 in·
1038 1009 1186 1072 mentatio,·
1208 1017 1307 1063 eontra
1324 1008 1445 1063 inuidiae
1462 1008 1639 1061 inimieorum
1656 1007 1761 1061 omniur

180 1096 370 1149 contaminata
393 1103 420 1148 et
443 1095 553 1164 vivifiea
580 1103 630 1148 tua
649 1095 797 1164 mpeteria‚
823 1113 878 1148 nun
897 1095 927 1147 in
947 1110 1012 1162 ora·
1038 1096 1190 1149 oieibeiium
1216 1113 1299 1164 quam
1322 1095 1504 1149 inoieidiiium
1527 1095 1611 1159 firma
1637 1092 1761 1158 deserui<

179 1198 291 1242 nomen.
315 1200 370 1235 non
388 1182 417 1234 in
430 1197 567 1250 poenam,
589 1199 645 1234 non
662 1181 694 1233 in
711 1180 891 1234 decretionem
911 1196 1012 1248 peeea·
1038 1190 1114 1236 tuum
1132 1199 1266 1249 meorum,
1294 1189 1351 1234 tam
1370 1181 1544 1247 carnalium,
1569 1196 1654 1249 auom
1677 1179 1761 1248 epit-ii

180 1277 284 1336 torum,
313 1270 365 1321 ned
386 1270 416 1321 in
435 1269 661 1338 purificationem
679 1275 705 1320 et
722 1267 970 1334 sanctificationem
988 1273 1014 1318 et
1035 1271 1167 1339 perfeeto
1193 1269 1344 1337 arietatio,-
1377 1269 1406 1320 in
1434 1275 1459 1320 te
1483 1284 1538 1319 uno
1563 1284 1598 1319 ae
1620 1282 1686 1320 uero
1706 1267 1761 1319 De«

177 1356 283 1424 pipnue
303 1357 428 1423 suturae
451 1356 525 1407 uitae
548 1363 574 1408 et
599 1354 694 1422 repni,
720 1353 750 1406 in
770 1353 967 1406 munimentum
986 1346 1174 1421 etiaenamio
1208 1364 1290 1424 atque
1317 1355 1382 1419 finio
1407 1355 1462 1407 mei
1483 1354 1558 1418 felin
1581 1359 1761 1405 consummati

181 1441 319 1496 aemilium
336 1450 363 1496 et
381 1442 554 1496 averrionem
572 1458 673 1510 mnam,
693 1457 765 1510 quae
782 1440 852 1493 mini
867 1447 931 1493 rnnt
949 1456 1012 1492 eon·
1025 1428 1028 1477 ¹
1034 1458 1139 1511 precor
1157 1448 1198 1509 te,
1217 1448 1248 1494 ut
1265 1442 1307 1493 ad
1324 1440 1401 1494 illud
1419 1440 1559 1509 ineffabile
1576 1439 1729 1492 conuiuium
1748 1455 1761 1490 n

182 1529 275 1581 traria
301 1528 504 1595 (adversantur)
528 1529 559 1581 in
579 1527 748 1580 ablutionem
770 1526 923 1579 multarum
940 1541 1013 1577 mea·
1039 1536 1160 1583 catonem
1178 1528 1335 1597 perducere
1363 1527 1500 1594 dipneria,
1524 1525 1572 1576 ubi
1595 1532 1623 1577 tu
1642 1542 1705 1578 eum
1725 1525 1761 1579 R

182 1632 245 1666 rum
265 1613 549 1683 praevaricationum.
588 1614 632 1666 Tu
657 1612 729 1666 enim
754 1630 784 1667 ee
805 1613 884 1665 Deus
908 1611 1013 1664 mireri-
1026 1624 1067 1670 ·et
1085 1614 1195 1686 Spiritu
1211 1622 1320 1675 renato,
1337 1614 1444 1667 eanetie
1464 1613 1518 1665 tuis
1537 1629 1566 1665 ee
1585 1612 1632 1663 lun
1651 1627 1761 1679 uera,1

182 1701 299 1754 cordiae
319 1708 344 1754 et
362 1701 570 1755 miserationum
587 1708 613 1754 et
626 1700 786 1754 elementiae
796 1686 1029 1768 (benignitatiotl
1036 1702 1139 1773 plena,
1164 1700 1300 1768 pendium
1323 1700 1534 1769 eempiternum,
1556 1699 1761 1767 jucunditate

183 1794 209 1841 et
237 1787 289 1839 tibi
314 1787 437 1856 plemam
465 1787 612 1839 tribuimus
640 1803 701 1839 eum
730 1787 819 1839 Patre
851 1791 877 1838 et
904 1783 1015 1853 Spiritu
1039 1796 1117 1842 mata
1134 1795 1161 1841 et
1171 1786 1302 1854 selieitae
1319 1787 1465 1855 perseeta5
1485 1802 1541 1856 per
1559 1784 1699 1838 Christum
1717 1785 1761 1838 De

183 1880 279 1927 canoto
297 1881 322 1926 et
339 1889 447 1942 semper
463 1880 489 1926 et
506 1872 537 1926 in
554 1871 651 1926 recula
670 1872 835 1926 reeedorrnn.
867 1870 962 1925 Amen.
1039 1881 1170 1927 nostrum.
1205 1873 1303 1926 Amen.

184 2164 392 2232 ORATIO
428 2162 658 2231 ΤΗΟΜΑΕ
690 2158 1013 2240 AQUINATIS

288 2284 436 2351 ANTE
471 2282 906 2351 COMMUNIONEM.

218 2456 396 2524 Omnipotens
412 2454 578 2524 oempiterne
596 2456 689 2517 nem,
707 2469 770 2507 eeoe
788 2451 891 2504 accedo
911 2450 952 2501 ad
967 2467 1012 2501 aa·

182 2549 352 2595 aramentum
372 2541 508 2608 unipeniti
530 2541 604 2594 Filii
627 2540 669 2593 tui
695 2539 813 2594 Domini
833 2537 925 2591 noetri
941 2536 1012 2589 Jeou

183 2626 296 2695 Onrieti,
314 2629 416 2682 aeeedo
434 2635 567 2696 tanquam
584 2628 711 2689 infirmue
728 2628 768 2679 ad
782 2625 920 2678 medicum
931 2622 1012 2686 uitae,

182 2713 339 2767 immundue
362 2715 403 2767 ad
419 2715 532 2779 sontem
547 2711 772 2779 misericordiae,
794 2725 892 2764 eoeeue
910 2711 951 2763 ad
969 2709 1011 2763 lu·

183 2816 244 2853 men
261 2798 402 2853 claritatis
419 2806 564 2865 aetemae,
589 2813 701 2867 pauper
724 2803 750 2850 et
771 2812 871 2864 epenue
893 2797 934 2849 ad
951 2798 1011 2850 Do-

182 2886 285 2939 minum
303 2872 389 2940 'coeti
414 2892 440 2940 et
466 2892 572 2952 terrae,
601 2886 693 2937 nudae
717 2884 757 2936 ad
777 2899 871 2950 repom
892 2883 1010 2951 pieriae.

184 2973 262 3039 Rapo
286 2988 352 3040 erpo
374 2971 523 3025 immensae
545 2970 689 3039 larpr'tatie
711 2977 776 3024 tuae
799 2969 1012 3036 abendoniam,

183 3065 319 3128 audenus
344 3058 397 3128 (ut)
426 3074 516 3111 meam
539 3073 641 3111 curare
665 3057 790 3126 dipnme
816 3056 1012 3124 infirmitatem,

183 3147 281 3199 lauare
303 3144 491 3212 foeditatem,
521 3143 684 3198 dimninare
712 3143 889 3212 eaecitatem,
920 3143 1013 3197 ditare

180 3239 392 3302 paupertatem,
416 3231 517 3284 uertit-e
540 3231 711 3299 nuditatem,
735 3237 766 3283 ut
781 3246 884 3299 panem
900 3230 1013 3299 anneto·

185 3337 261 3387 rrnn,
285 3334 379 3386 repem
396 3334 507 3386 repam,
535 3317 676 3372 dominum
696 3316 912 3383 dominantium,
933 3323 1015 3370 tanta

184 3405 336 3475 erneipiam
352 3405 509 3458 reverentia
527 3412 553 3458 et
572 3403 737 3471 numilitate,
755 3410 835 3456 tanta
850 3403 1015 3456 contritione

185 3499 211 3544 et
229 3492 387 3558 devotione,
412 3498 493 3544 tanta
507 3492 634 3560 puritate
652 3498 678 3545 et
690 3491 770 3558 fide,
794 3488 849 3543 tali
865 3489 1014 3558 proposito

185 3585 211 3629 et
229 3576 386 3640 intentione,
404 3574 476 3629 sion
494 3576 607 3645 expedit
624 3576 714 3629 satuti
728 3575 839 3629 animae
851 3591 935 3629 meae.
964 3575 1015 3627 Da

185 3662 254 3715 mini
280 3678 381 3730 quaero
411 3661 557 3714 Dominiei
580 3662 709 3730 eorporis
737 3669 763 3714 et
789 3661 935 3728 eanpuinie
959 3678 1015 3714 non

184 3747 274 3802 oolam
300 3746 442 3815 erumpere
468 3753 687 3810 sacramentum,
717 3749 770 3799 aed
797 3747 881 3801 etiam
905 3763 964 3800 rem
989 3753 1016 3800 et

185 3833 313 3888 uirtutem
337 3831 514 3886 remanenti.
551 3833 576 3886 O
600 3831 743 3886 mitieeime
763 3834 859 3900 Daue,
885 3833 926 3885 da
947 3832 1017 3885 mini

186 3936 287 3988 corpur
326 3917 462 3985 unipeniti
497 3917 572 3972 attii
604 3918 648 3971 tui
675 3918 794 3972 Domini
824 3918 918 3972 noetri
944 3921 1016 3972 Jeen

188 4005 306 4073 Christi,
333 4006 411 4075 qued
437 4005 525 4058 tradit
551 4005 587 4057 de
611 4004 720 4072 nirpine
743 4004 845 4057 Maria
866 4004 907 4056 eie
930 4004 1016 4057 nerei·

182 4108 270 4163 pere,
293 4099 324 4145 ut
348 4091 465 4160 corpori
488 4109 538 4146 eno
563 4091 647 4161 (ejue)
666 4090 781 4157 mystico
799 4105 909 4143 merear
926 4090 1017 4144 incor-

182 4179 289 4250 porari
306 4185 334 4230 et
350 4177 424 4230 inter
442 4178 504 4247 ejus
520 4177 643 4231 membra
654 4177 859 4232 connumerari.
887 4177 1017 4230 Oaman·

187 4264 293 4321 tieeime
310 4264 413 4331 Pater,
433 4265 552 4316 eonoede
570 4263 639 4317 mihi
656 4262 764 4317 Filium
781 4270 858 4316 tuum
877 4262 1017 4328 dileotum,

188 4368 268 4422 quem
290 4367 363 4403 nuno
387 4350 433 4403 itio
456 4349 576 4403 uelatum
600 4351 630 4403 in
649 4351 702 4403 tae
718 4349 777 4403 uita
794 4349 936 4420 rrumpere
952 4368 1017 4420 pro·

186 4456 275 4507 pono,
298 4435 423 4490 revelata
447 4438 562 4491 tandem
573 4436 656 4504 faeie
669 4445 806 4507 perpetuo
825 4437 1018 4505 contemplari,

189 4526 238 4594 qni
270 4532 358 4578 teeum
390 4523 457 4576 uiuit
485 4531 510 4576 et
539 4530 639 4591 repnat
669 4524 700 4576 in
728 4524 824 4578 recula
852 4524 1017 4578 seculorum.

188 4613 286 4664 Amen.

1202 2145 1420 2213 HYMNUS
1453 2145 1703 2213 EJUSDEM.

1108 2323 1208 2376 Adoro
1226 2327 1252 2373 te
1269 2322 1379 2386 devote,
1401 2319 1492 2372 latem
1509 2317 1610 2384 deitas,

1110 2408 1188 2471 Quae
1205 2407 1255 2460 aab
1274 2406 1317 2458 hie
1331 2405 1434 2474 fipurie
1451 2421 1514 2457 uere
1531 2404 1647 2472 imitar,-

1111 2495 1175 2549 Titi
1191 2510 1220 2547 ee
1238 2510 1287 2546 eor
1304 2509 1393 2545 meum
1411 2498 1499 2543 totum
1514 2490 1635 2558 subjicit,

1110 2580 1183 2643 Quia
1201 2588 1227 2633 te
1245 2576 1434 2646 contemplans
1451 2583 1537 2629 totum
1557 2576 1665 2645 deficit,-

1113 2668 1205 2727 Vieue,
1223 2672 1332 2736 petetur,
1350 2670 1440 2716 taetue
1456 2663 1486 2714 in
1504 2669 1531 2715 te
1541 2662 1672 2729 fallitur,

1108 2754 1168 2809 Sed
1183 2752 1285 2806 auditu
1300 2749 1360 2804 eolo
1376 2757 1435 2803 tuto
1452 2748 1483 2801 in
1501 2756 1526 2801 te
1544 2750 1678 2804 ereditur.

1108 2842 1200 2897 Credo
1220 2837 1360 2909 quidquid
1376 2836 1448 2889 dixit
1465 2837 1525 2888 Dei
1542 2836 1652 2906 Filiae,-

1110 2928 1199 2982 Verbo
1217 2926 1345 2981 ueritatis
1362 2923 1435 2976 ninii
1451 2923 1550 2976 uerius.

1107 3016 1144 3068 In
1162 3030 1244 3067 eruce
1261 3012 1365 3067 lateben
1381 3011 1445 3064 oola
1463 3009 1564 3071 deitae,

1109 3101 1169 3155 See
1186 3100 1232 3154 hie
1250 3099 1317 3153 latet
1334 3097 1418 3150 simul
1437 3105 1463 3149 et
1482 3096 1649 3163 neemanitao,

1112 3188 1262 3256 Utrumque
1279 3192 1371 3238 tamen
1387 3198 1450 3236 uere
1470 3184 1586 3235 eredens
1604 3200 1639 3236 ae
1659 3184 1761 3250 confide

1107 3276 1191 3340 Peto,
1210 3273 1288 3342 meod
1302 3270 1400 3341 petivit
1419 3268 1492 3323 latro
1509 3270 1661 3338 poenitens.

1110 3361 1220 3429 Plapas
1235 3358 1306 3411 sieut
1327 3358 1447 3411 Thamar
1464 3374 1519 3410 non
1536 3356 1653 3410 intneor.

1110 3447 1170 3502 Fae
1187 3461 1229 3498 me
1247 3443 1299 3497 tibi
1315 3459 1423 3511 eemper
1439 3442 1530 3509 mapie
1547 3444 1670 3508 credere,

1110 3533 1147 3587 ln
1163 3539 1189 3586 te
1207 3529 1414 3600 openheim,
1432 3536 1459 3580 te
1477 3527 1603 3596 diiipere.

1111 3615 1313 3675 ammonete
1330 3613 1428 3667 mortis
1447 3614 1572 3680 Domini,

1110 3705 1200 3761 Panis
1217 3718 1298 3756 verne
1314 3701 1399 3754 eitam
1413 3707 1565 3770 praeetane
1584 3701 1695 3755 bonini.

1111 3793 1234 3847 Proeeta
1250 3803 1327 3842 meae
1346 3787 1431 3840 menti
1447 3788 1482 3839 de
1500 3794 1526 3839 te
1543 3787 1634 3840 viuere

1110 3881 1201 3949 Atmte
1218 3875 1266 3929 illi
1283 3890 1392 3943 semper
1410 3873 1492 3926 dulce
1509 3889 1615 3942 rapere.

1111 3965 1164 4020 Pie
1178 3962 1322 4034 pelieone,
1338 3960 1409 4013 Jeeu
1427 3959 1556 4027 Domine,

1112 4052 1163 4106 Me
1180 4049 1352 4103 immundum
1368 4047 1473 4100 munda
1490 4053 1538 4099 tuo
1557 4045 1701 4114 eonpuine,

1114 4137 1201 4208 Oujm
1217 4152 1275 4188 una
1291 4134 1370 4188 atilio
1385 4132 1492 4186 aninum
1509 4133 1607 4194 faeere

1115 4224 1214 4278 Totum
1233 4222 1364 4274 mundum
1376 4219 1468 4288 poerit
1486 4219 1562 4273 omni
1579 4217 1691 4274 sceiere.

1112 4310 1183 4362 Jeeu
1196 4308 1259 4377 pie,
1278 4323 1357 4375 quem
1375 4323 1447 4358 nune
1464 4305 1585 4359 velatum
1603 4305 1745 4375 adepioio,

1115 4395 1233 4457 Quando
1250 4394 1297 4455 siet
1314 4391 1403 4452 illud,
1424 4393 1500 4460 quod
1509 4392 1575 4460 jam
1592 4391 1666 4458 eitio,

1117 4483 1152 4536 Ut
1169 4487 1196 4534 te
1213 4478 1338 4532 revelata
1358 4493 1473 4530 eernene
1488 4479 1566 4541 faeie

1120 4568 1186 4621 Vieu
1204 4564 1258 4617 eim
1274 4564 1368 4616 beatur
1385 4570 1450 4616 tuae
1467 4564 1585 4631 ateriae.
1612 4563 1709 4617 Amen.

1046 4717 1257 4776 ”Duroniae
1276 4715 1399 4771 Medicea
1418 4717 1474 4771 dax
1491 4716 1679 4783 Florentinue,
1706 4732 1761 4787 pan

88 4868 382 4938 mannam
429 4866 672 4935 nnusonn
714 4865 845 4935 Pasa
889 4804 1761 4961 con.Jss‚fl;⁰m,;¹;nit„ss⁰‘23„ss⁰3⁰isstft”i„3

460 4986 753 5054 MUNIONEM
1047 4980 1186 5034 inuuere!
1214 4979 1268 5041 At,
1296 4978 1366 5047 quid
1384 4977 1591 5030 diuinet-unm!
1616 4977 1672 5028 imo
1690 4992 1757 5032 uero

1043 5067 1140 5138 potine
1167 5072 1192 5119 et
1216 5065 1329 5134 quidem
1350 5062 1584 5132 inpratieeimum,
1609 5060 1659 5131 qui
1680 5062 1761 5116 tantis

226 5157 344 5212 Gratiae
369 5175 423 5226 apo
446 5157 508 5221 titi,
537 5157 659 5211 Domine
682 5166 778 5211 oanete
802 5157 906 5224 Pater,
934 5155 1020 5210 omni·
1047 5152 1203 5207 cumulatur
1223 5150 1371 5218 benefieiis,
1390 5165 1440 5202 neo
1458 5149 1509 5200 tibi
1525 5149 1601 5201 dicto
1619 5164 1745 5215 unornane

187 5252 294 5313 patene,
312 5251 423 5297 aeterne
438 5245 526 5311 Deae,
549 5244 599 5313 qui
614 5260 657 5297 me
670 5252 857 5312 peecatorem,
875 5242 1020 5311 indipnum
1039 5240 1149 5307 fuerim
1170 5246 1196 5291 et
1216 5245 1294 5290 tuom
1316 5235 1397 5289 totiee
1421 5235 1597 5302 mojeetatem
1620 5233 1762 5288 innuerim.

188 5331 329 5393 famulum
347 5338 423 5383 tuum
439 5331 527 5384 nuttn
542 5331 611 5383 meir
630 5330 752 5396 meritie,
771 5331 824 5381 eed
840 5329 903 5382 eota
920 5328 1020 5396 dinna-
1045 5342 1096 5396 epo
1117 5333 1142 5378 te
1164 5340 1216 5393 per
1238 5323 1335 5390 iilam,
1361 5339 1416 5390 qua
1438 5336 1524 5387 pennu
1546 5337 1625 5374 mnne
1648 5321 1761 5375 homine

189 5416 263 5469 tione
287 5414 500 5470 misericordiae
523 5424 590 5469 tuae
613 5417 721 5469 satiare
744 5415 876 5482 dipnatue
903 5430 931 5467 ee
953 5429 1019 5482 pre·
1041 5411 1188 5481 plecteris,
1213 5410 1372 5475 caritatem,
1396 5422 1520 5477 quaeque
1546 5413 1572 5459 te
1590 5405 1707 5459 coelitus
1726 5404 1761 5458 ed

189 5501 260 5556 tioeo
284 5517 400 5570 eorpore
425 5509 452 5554 et
473 5502 608 5568 eanpuine
631 5500 705 5554 Filii
726 5500 769 5553 tui
792 5500 912 5554 Domini
929 5500 1020 5554 nostri
1045 5505 1150 5553 terram
1175 5497 1292 5551 dedimit
1316 5501 1484 5564 nostraeque
1506 5493 1692 5548 immundatis
1714 5490 1761 5543 ind
