4004 6022
682 256 686 267 .
721 205 726 228 ¹
768 219 820 277 on
839 216 962 277 sacae
981 217 1116 278 conus
1746 235 1791 294 p,

92 394 152 451 qne
169 376 262 450 specie
281 393 366 450 quam
385 376 439 433 sub
456 394 527 447 une,
550 393 601 433 our
619 377 744 435 Christus
768 377 821 434 hoo
839 391 929 432 mora·
958 373 1205 434 diosredebemus.
1232 374 1296 433 Lib.
1308 381 1332 436 t.
1348 375 1383 432 do
1395 391 1510 433 sacram.
1523 393 1548 433 c.
1560 384 1585 434 2.
1608 378 1792 440 Bellarmiuus

92 472 219 521 mentum
244 465 366 521 instituit
389 465 443 520 sub
470 471 601 537 utraque,
632 472 664 520 ut
689 464 835 520 concilium
858 463 930 519 Con·
956 462 1120 518 sententiam
1140 469 1263 519 nostram
1281 464 1453 534 sicexponit,
1472 465 1716 537 quodseutiamus,
1736 486 1792 525 uon

94 552 248 608 maenae
278 557 307 608 et
337 552 530 608 Tridentinum
563 552 741 608 concedunt?
779 552 820 606 ita
851 548 929 605 nimi·
955 555 1135 611 saorameuta.
1155 549 1205 607 sed
1223 548 1313 616 tidem,
1332 555 1469 621 quatenus
1487 565 1506 606 a
1523 552 1701 607 sacramentis
1720 554 1792 609 exei-

92 656 154 695 rum
171 639 348 707 iustificetur
364 638 505 709 sapientia
524 656 542 692 a
553 638 630 706 filiis
645 638 706 692 suis
722 638 790 693 Luc.
806 644 830 702 t,
847 655 872 692 r.
888 641 930 691 35.
955 637 1037 697 tatur,
1053 634 1216 706 justificare.
1251 635 1338 707 Atqui
1356 635 1439 691 tidem
1457 654 1513 693 nou
1523 639 1688 709 opponimus
1701 656 1791 698 sacru

10 734 31 776 n
44 736 79 778 se
93 732 119 783 s.
136 724 200 780 Non
221 731 315 795 potest
333 724 438 795 sperari
457 725 565 780 t'ruotus
589 741 623 780 ex
640 724 821 780 eucharistiae
838 739 929 778 sacra·
955 722 1070 787 mantis,
1096 721 1146 778 sed
1164 721 1358 801 conjungimus
1375 729 1508 794 tanquam
1526 724 1716 785 subordinate.
1754 727 1793 783 Et

92 817 202 879 mento,
235 810 265 868 si
287 817 384 865 contra
409 811 609 867 iustitutionem
636 810 739 866 Christi
765 809 928 867 celebretur.
955 807 1070 863 verbum
1089 813 1118 864 et
1136 813 1494 865 sacramentasuntmsnus
1506 810 1561 867 Dei
1575 811 1702 878 offerens,
1722 813 1792 871 lidos

92 896 163 952 Eam
191 913 257 952 vero
282 897 427 968 utriusque
458 896 562 966 speciei
588 897 655 970 sire¹
674 896 795 968 symboli
825 895 929 952 externi
955 910 989 949 ex
1002 900 1351 965 partsuostraestmeuns
1364 896 1582 967 apprehendens.
1613 897 1792 956 Sacramenta

92 1000 174 1039 usum
191 983 342 1054 requirere,
360 983 529 1038 ostendimus
550 1000 600 1037 suo
612 983 679 1038 loco.
711 981 766 1039 Sed
777 982 929 1046 videamus,
954 980 1340 1050 fidemexcitentnonsolum
1352 983 1533 1039 exterioribus
1545 984 1671 1041 sensibus
1680 1002 1791 1056 reprae-

92 1069 235 1142 quomodo
258 1068 444 1125 Bellarmiuus
467 1068 557 1125 thesin
579 1086 657 1124 suam
674 1069 781 1140 probet.
815 1068 930 1124 Format
954 1068 1098 1137 sentaudo,
1116 1068 1522 1138 sedtidemrereoonferendo,
1541 1072 1669 1142 augendo
1682 1078 1710 1129 et
1726 1091 1790 1130 oon·

91 1160 213 1227 quatuor
231 1155 443 1226 propositiones:
462 1161 486 1210 1.
504 1157 580 1225 Ejus
590 1158 715 1225 fricetur,
733 1172 812 1226 quern
830 1156 928 1209 [nahe
954 1153 1103 1220 firmando,
1129 1162 1161 1211 ut
1177 1173 1227 1211 suo
1245 1155 1306 1211 loco
1324 1157 1503 1215 ostendimus.
1540 1164 1563 1214 2.
1581 1157 1710 1215 Secunda
1727 1159 1790 1216 Bel·

90 1243 158 1296 roni
185 1259 279 1296 omnm
306 1243 337 1296 in
365 1243 548 1297 remanentis
576 1250 727 1312 quaerunt,
755 1260 812 1296 nen
838 1243 930 1295 minus
954 1240 1064 1295 larmini
1081 1242 1234 1313 propositio
1252 1242 1322 1298 haec
1341 1249 1394 1299 est:
1416 1245 1461 1297 Eu
1479 1245 1602 1313 qnalibet
1621 1246 1714 1315 speeie
1724 1263 1791 1316 per·

86 1328 265 1398 pumpiunt,
285 1328 336 1398 qui
352 1330 402 1383 sub
419 1347 477 1382 una
495 1330 586 1399 specie
606 1329 822 1392 communicant,
845 1346 929 1398 quam
954 1327 1059 1396 cipitssr
1081 1335 1189 1384 tantum
1213 1331 1274 1399 ejus
1290 1333 1417 1397 fructus,
1434 1348 1514 1400 quem
1535 1329 1676 1385 Catholici
1694 1332 1725 1384 in
1744 1352 1790 1389 ea·

91 1416 142 1484 qui
158 1415 210 1469 sub
229 1416 347 1471 duabus.
384 1416 459 1469 Nam
476 1416 602 1484 fruetus,
627 1432 708 1485 queem
726 1415 883 1469 Lutherani
899 1415 929 1466 in
954 1422 1096 1468 eramento
1114 1424 1261 1483 quaerunt,
1279 1424 1412 1486 quantum
1428 1417 1616 1471 neceesarium
1634 1425 1675 1472 est
1691 1420 1733 1471 ad
1744 1437 1790 1472 sa·

90 1502 278 1556 sumasnentir
299 1510 450 1571 quaerunt,
476 1511 515 1556 est
535 1503 664 1556 oscitano
681 1502 751 1566 fidei
767 1501 812 1555 rel
830 1502 928 1566 confir-
954 1499 1046 1555 tmen.
1080 1501 1203 1555 Μαι
1228 1502 1278 1556 ille
1296 1511 1337 1556 est
1356 1503 1452 1570 pratia
1468 1504 1529 1557 Dei
1544 1504 1655 1558 animae
1672 1505 1789 1572 infusa,·

90 1589 193 1656 matio,
218 1588 316 1642 dicent
334 1589 406 1642 enim
423 1594 601 1642 rasamenta
617 1605 674 1642 non
691 1588 777 1641 aliter
792 1588 929 1657 prodesse
954 1586 1007 1639 sed
1034 1586 1173 1655 quantita
1197 1586 1304 1656 species
1321 1590 1433 1653 confert
1450 1590 1586 1658 qratiam,
1613 1606 1677 1644 oum
1692 1592 1729 1645 sit
1745 1607 1790 1646 ue·

90 1691 175 1744 mam
202 1674 407 1743 sipnificatiane
434 1692 514 1728 mmm
544 1683 679 1743 tunqrsam
710 1674 819 1728 visibili
845 1675 928 1729 uerbo
954 1690 1018 1726 mem
1037 1681 1250 1739 sacramentum,
1268 1683 1295 1728 et
1312 1676 1427 1745 quilibet
1440 1678 1790 1748 pradusprctiaesufyioit

90 1762 330 1830 repraesentando
351 1761 555 1830 proms'sss'ones
574 1760 639 1814 Dei.
677 1760 735 1814 lste
755 1767 848 1815 amun
865 1761 928 1824 fru-
954 1760 996 1812 ad
1012 1759 1159 1837 implenda
1169 1763 1315 1828 mandato,
1331 1763 1387 1816 imo
1400 1763 1484 1816 etiam
1496 1765 1537 1817 ad
1545 1763 1684 1833 pellenda
1695 1765 1791 1819 onsnia

90 1856 149 1902 ctus
164 1847 267 1902 melius
283 1848 421 1901 obtinetur
437 1847 557 1900 mdeneio
578 1836 780 1900 acharonem
793 1847 823 1901 in
836 1863 929 1900 nmnsa
951 1852 1078 1916 peecata.
1115 1845 1340 1917 Respondemus:
1368 1849 1540 1920 Principales
1568 1866 1663 1905 seems
1687 1867 1790 1906 coenae

90 1952 175 2002 quam
206 1950 268 1987 eam
296 1933 509 2000 manducando,
539 1950 606 1985 nam
638 1934 705 1987 dum
732 1934 927 2000 manducatur,
953 1928 1024 1986 fines
1041 1937 1107 1987 sunt
1124 1931 1281 2004 obsignatio
1299 1934 1488 2005 promissionis
1505 1936 1541 1990 de
1555 1936 1790 2008 remissionepeo·

90 2021 220 2075 eonnnuo
238 2019 318 2088 perit
339 2019 526 2088 siqnificatio,
554 2027 585 2072 at
610 2020 677 2073 dum
701 2020 826 2072 oesnitm
843 2027 869 2072 et
886 2027 928 2071 at·
954 2022 1079 2074 catorum
1090 2026 1119 2075 et
1132 2018 1198 2075 fidei
1210 2019 1392 2078 confirmatio.
1418 2018 1567 2077 Promissio
1580 2023 1616 2078 de
1630 2023 1790 2080 remissione

90 2115 163 2161 tente
192 2107 347 2174 capitatur,
374 2122 483 2173 semper
511 2113 706 2174 repraesentat
736 2113 762 2159 et
787 2106 928 2174 siqnificat
953 2112 1130 2176 peccatorum
1155 2113 1282 2163 uomnter
1307 2109 1405 2163 addita
1428 2115 1470 2163 est
1491 2109 1573 2166 calici
1591 2109 1789 2166 eucharistico:
1843 2151 1850 2157 -

87 2192 292 2263 promissiones
324 2192 398 2260 Dei,
435 2191 545 2244 etiamsi
571 2208 626 2260 per
656 2192 793 2272 irqeprum
825 2211 927 2246 annum
954 2193 1011 2246 Hic
1030 2193 1107 2246 calin
1124 2201 1165 2247 est
1181 2212 1281 2247 nouum
1301 2202 1492 2249 testamentum
1515 2197 1546 2249 in
1565 2213 1626 2250 meo
1644 2198 1789 2268 sanquine,

91 2281 154 2349 quio
171 2296 234 2333 eam
251 2295 365 2332 cernere
383 2278 474 2331 vellet.
509 2279 665 2332 Praeterea
683 2279 852 2346 sipnificatio
872 2297 928 2334 me·
953 2278 1004 2347 qui
1015 2296 1071 2348 pro
1089 2280 1166 2334 cobis
1183 2282 1336 2350 effunditur
1352 2281 1384 2334 in
1394 2282 1585 2336 remissionem
1597 2292 1788 2352 peecatorum.

90 2367 145 2419 lires
167 2365 393 2435 apprehenditis
414 2381 468 2433 per
486 2365 596 2427 oculos,
619 2383 704 2434 mam
719 2382 776 2434 per
793 2367 929 2436 poetandi
954 2363 994 2420 Ut
1012 2363 1099 2435 igitur
1115 2363 1164 2421 illa
1179 2365 1324 2436 promissio
1342 2364 1423 2421 nobis
1443 2367 1613 2437 applicetur,
1631 2385 1688 2423 uon
1708 2368 1789 2425 abro-

88 2471 205 2520 sensum,
225 2470 286 2505 cum
304 2452 340 2504 sit
360 2449 414 2503 illa
434 2450 515 2518 lonpe
533 2451 714 2519 spiritualior
731 2459 756 2504 et
773 2452 869 2521 aptior
887 2455 929 2506 ad
952 2450 1061 2520 gaudus
1084 2456 1127 2506 est
1149 2451 1244 2506 calicis
1267 2470 1342 2508 usus.
1379 2453 1417 2506 Et
1443 2470 1515 2523 quas
1534 2458 1703 2524 potestesse
1722 2454 1789 2511 fidei

89 2539 305 2607 intellipentiam
321 2538 490 2606 juvandam.
534 2536 618 2590 Nihil
637 2553 704 2607 erqo
722 2539 834 2602 fructus
850 2540 928 2608 perit
952 2534 1136 2605 confirmatio,
1166 2538 1191 2591 si
1219 2544 1333 2608 propter
1361 2539 1585 2594 ratiocinationes
1611 2539 1745 2594 humanas
1771 2559 1789 2596 a

90 2624 355 2679 communicantibus
377 2624 428 2676 sub
451 2641 521 2687 una,
545 2624 612 2693 quia
635 2623 701 2677 lieet
718 2642 803 2677 unam
820 2632 926 2678 tanturn
951 2620 1052 2677 Christi
1077 2621 1250 2679 institutione
1273 2624 1461 2680 discedimus?
1498 2625 1538 2682 Ut
1555 2624 1665 2680 Christo
1685 2626 1787 2682 insera-

91 2720 275 2780 monument,
293 2720 385 2765 tamen
402 2711 492 2764 oculis
508 2718 656 2779 meamque
672 2719 790 2765 sumunt
818 2711 925 2768 l*Vm-
951 2724 1013 2761 mur
1030 2712 1059 2763 et
1075 2709 1149 2765 ritae
1166 2709 1317 2780 spiritualis
1334 2728 1367 2766 ex
1384 2710 1445 2781 ipso
1461 2711 1611 2782 participes
1627 2712 1785 2781 reddamur,

90 2818 135 2855 sus
151 2797 362 2855 Pontificiorum
382 2800 462 2851 sunt:
589 2797 592 2803 “
950 2793 1111 2865 requiritur,
1135 2802 1168 2850 ut
1185 2813 1252 2852 vera
1269 2795 1335 2853 fidei
1354 2797 1513 2854 obedientia
1533 2815 1649 2870 panem,
1672 2799 1729 2871 qui¹
1744 2807 1787 2857 est
1798 2816 1824 2858 ι
1837 2815 1871 2860 tt.

950 2889 1082 2937 κοινωνία
1099 2883 1222 2954 corporis
1245 2882 1362 2951 Christi,
1391 2885 1603 2950 mauducemus:
1635 2891 1664 2941 et
1681 2886 1786 2957 nuum,

262 3022 267 3036 ,
415 3023 421 3035 ,
652 3022 658 3034 ,
709 3022 714 3033 ,
750 3022 756 3035 ,
950 2968 1025 3040 quod
1041 2975 1084 3023 est
1101 2975 1233 3024 κοινωνία
1251 2970 1395 3041 sanguinis
1410 2970 1520 3040 Christi,
1537 2970 1674 3027 bibamus.
1704 2974 1786 3027 Haec

90 3024 180 3080 Haud
197 3021 324 3076 Chmstus
342 3038 462 3092 specim,
479 3021 532 3074 sed
547 3037 628 3075 ceras
646 3029 765 3075 instituet
783 3039 835 3075 res.
949 3063 1041 3109 mmm
1063 3063 1090 3110 et
1111 3056 1228 3126 hausta,
1252 3056 1292 3111 ait
1314 3056 1438 3111 Hilarius
1457 3057 1505 3113 lib·
1524 3064 1548 3115 8·
1569 3059 1604 3114 de
1620 3058 1719 3113 ,Μὴ
1732 3061 1786 3126 sa·

93 3111 124 3211 U}
142 3117 236 3210 mm?
254 3109 361 3209 ῬΨ
379 3116 405 3162 ‘⁶
421 3125 502 3208 ”ms
518 3107 634 3207 ”lim
651 3114 692 3161 ⁶⁸²
709 3124 773 3177 '⁶⁸⁷‘
949 3142 1039 3210 orme,
1064 3150 1095 3195 e:
1116 3142 1242 3200 eumne
1258 3143 1289 3197 n
1306 3143 1386 3197 mm
1402 3150 1431 3197 c
1447 3162 1498 3198 nos
1514 3145 1544 3197 n
1564 3143 1676 3199 eumn
1693 3162 1786 3201 nme

90 3198 137 3254 '8⁸⁶
151 3215 242 3298 ΡΨ
261 3213 366 3266 ῬΜ
385 3203 411 3249 ⁶²
430 3195 537 3294 Cim?
554 3211 619 3248 ⁰¹⁰⁰
639 3211 706 3249 ⁰⁰'0
725 3212 785 3293 Μ’,
950 3244 1037 3280 amus.
1074 3227 1155 3293 Quod
1174 3226 1358 3284 Bellarmiuus
1377 3228 1508 3285 hocloco
1528 3230 1620 3299 addit,
1639 3232 1785 3300 quemlibet

89 3286 226 3355 mmmm
245 3290 310 3383 mn:
327 3299 422 3336 'mm
440 3298 555 3381 'pff’
573 3299 629 3335 '‘⁰''
643 3297 690 3334 Μ’
706 3297 870 3350 mmm·
949 3314 1070 3379 prasium
1091 3313 1206 3379 infusae
1223 3315 1334 3380 pretias
1355 3316 1415 3380 (nos
1433 3332 1467 3370 ex
1485 3313 1635 3386 scripturis
1653 3333 1786 3372 vocamus

87 3376 215 3472 ⁸W⁰f⁰f
231 3386 351 3468 ῬΜ
365 3369 488 3422 “mm
502 3374 662 3437 P⁰m9⁸l¹⁴r
680 3384 733 3467 Ὗ·
768 3454 774 3467 ,
949 3398 1167 3455 renovationem·
1182 3415 1232 3469 per
1263 3399 1396 3470 Spiritum
1422 3402 1560 3470 sanctum)
1586 3403 1719 3469 sufficere
1744 3407 1787 3459 ad

88 3457 145 3558 &fr
164 3463 254 3557 ‘W'
272 3471 391 3554 ⁸P⁶⁶²fm
411 3461 533 3554 ⁶⁰Ptfm,
546 3470 605 3508 “m
622 3454 742 3553 Wlfflin
761 3455 872 3524 'imm
950 3485 1094 3553 implenda
1116 3487 1253 3539 mandata
1277 3494 1303 3540 et
1325 3487 1463 3555 pellenda
1482 3488 1577 3540 omnia
1591 3498 1727 3558 peecata,
1750 3489 1785 3546 do

84 3544 132 3646 itt
152 3544 205 3599 ‘il‘
224 3560 296 3645 fura
311 3557 363 3610 ’δ”
383 3559 437 3596 ”⁰¹¹
456 3558 532 3610 ”tm
550 3540 594 3594 ”⁶2
610 3557 721 3639 ’Μ
949 3585 982 3624 00
1001 3569 1067 3640 qne
1085 3571 1263 3626 metuendum
1280 3571 1325 3641 sn,
1347 3572 1376 3627 in
1393 3577 1515 3628 unuin
1535 3573 1571 3628 es
1585 3573 1785 3644 justificatione

88 3631 121 3687 θ’
136 3632 248 3696 sm
264 3629 360 3689 'm’
375 3645 432 3728 ’Ψ
448 3643 529 3681 mm
548 3627 584 3727 df
602 3626 752 3696 'mm'
949 3659 1089 3710 ostensum
1113 3655 1174 3713 fuit.
1220 3662 1244 3715 3.
1261 3657 1358 3713 Tertia
1373 3658 1535 3714 Bellarmini
1555 3660 1706 3730 propositio
1723 3678 1784 3719 suc·

86 3719 163 3774 Nam
175 3723 298 3790 pereunt
311 3731 424 3786 species,
444 3715 498 3768 sed
511 3713 638 3770 Chrsalus
649 3730 716 3767 uera
729 3720 821 3766 manet
832 3714 924 3768 reati*
948 3742 1040 3799 cedit,
1055 3744 1135 3797 Lice,
1146 3745 1214 3814 ph„
1230 3746 1341 3813 arm-M
1364 3754 1391 3799 οἱ
1406 3747 1520 3810 frum
1536 3763 1569 3800 ex
1586 3755 1705 3817 utraqu
1722 3764 1784 3818 m,

85 3835 256 3909 Responsio:
290 3851 466 3906 nequaquam
497 3833 628 3903 demus,
661 3839 836 3889 sacramenta
865 3851 922 3889 non
948 3830 989 3884 cie
1021 3847 1106 3900 quam
1126 3847 1159 3884 eo
1181 3849 1240 3885 una
1264 3840 1426 3902 cuperetsn,
1455 3851 1512 3887 non
1535 3843 1688 3903 propterea
1714 3853 1785 3904 opus

86 3924 168 3980 aliter
189 3922 336 3994 prodesse,
361 3937 445 3992 quam
467 3918 669 3991 significatione
693 3936 757 3984 suu,
784 3919 835 3975 sed
851 3920 921 3975 duos
948 3924 1018 3971 esset
1036 3917 1080 3970 uel
1097 3919 1252 3987 eopediret,
1276 3926 1307 3972 ut
1326 3937 1420 3974 omnes
1438 3928 1586 3989 :utramque
1602 3921 1721 3990 speciem
1738 3941 1784 3977 su·

84 4009 257 4083 principales
284 4015 520 4063 sacramentorum
548 4005 617 4062 fines
644 4005 803 4061 statuimus:
834 4007 922 4077 primo
948 4010 1060 4065 merem·
1102 4004 1179 4057 Nam
1204 4021 1236 4057 ts
1260 4006 1368 4060 duobm
1391 4005 1478 4058 malis
1502 4022 1611 4075 sempor
1634 4016 1676 4062 est
1692 4009 1784 4062 minsis

86 4099 162 4170 quod
188 4097 246 4151 siut
271 4094 407 4150 salutaria
432 4100 460 4149 et
488 4091 616 4148 dficaoia
640 4092 746 4161 media,
774 4109 825 4163 per
852 4111 923 4164 quae
949 4089 1116 4157 elipandum,
1135 4098 1176 4143 est
1194 4098 1287 4144 autem
1304 4091 1396 4145 minus
1415 4092 1528 4156 malum
1545 4101 1575 4145 ut
1592 4093 1717 4148 homines
1728 4096 1784 4150 ali·

85 4184 160 4240 bons
177 4179 316 4252 evangelii
332 4177 462 4250 propria,
486 4178 617 4233 videlicet
636 4177 728 4250 maus
745 4177 813 4246 Dei,
830 4179 923 4234 remis·
950 4176 999 4244 qui
1020 4183 1135 4229 careant
1161 4176 1257 4244 aliquio
1282 4178 1427 4238 bononan
1449 4179 1619 4242 necessario,
1648 4197 1731 4248 psam
1753 4190 1784 4234 ut

84 4272 127 4326 sio
152 4274 347 4341 peccatorum,
368 4266 481 4338 justitia
504 4271 534 4322 et
553 4265 612 4320 vita
630 4272 743 4321 aetsma
759 4264 838 4321 nobis
855 4265 923 4324 offe.
948 4269 1154 4317 sacramentum
1184 4263 1245 4315 Dei
1277 4264 1400 4317 euidenti
1423 4263 1553 4332 periculo
1584 4265 1784 4322 irreverentiae

84 4363 184 4415 rantur
200 4359 230 4410 et
247 4353 424 4410 credentibus
443 4351 632 4423 applicentur;
653 4350 753 4406 dmnde
771 4351 846 4422 quod
868 4352 924 4407 sint
949 4357 1113 4417 exponatur.
1141 4349 1339 4417 Exponeretur
1356 4357 1448 4403 autem
1465 4351 1588 4404 euidenti
1599 4354 1738 4421 periculo,
1757 4355 1785 4408 si

93 2939 125 2992 Ut
143 2954 245 2991 careas
264 2937 362 3003 rebus,
380 2936 419 2990 lis
437 2943 478 2990 cst
497 2936 580 2989 moda
600 2936 635 2988 de
653 2936 802 3005 speciebus.
855 2901 857 2904 -

85 4442 193 4516 sigilla,
217 4439 321 4513 quibus
344 4437 538 4509 promissiones
564 4437 703 4508 evangelii
722 4436 758 4492 ad
775 4436 841 4492 fidei
859 4456 922 4493 oon·
948 4435 1130 4488 communiter
1148 4434 1258 4502 populo
1283 4436 1402 4489 daretur
1429 4437 1600 4492 eucharistia
1622 4439 1674 4492 sub
1690 4440 1781 4507 specio

84 4528 271 4586 firmationem
298 4525 488 4596 obsignentur.
532 4523 588 4578 Hic
613 4523 720 4579 fructus
743 4524 853 4579 omnino
881 4541 922 4579 re·
947 4522 1021 4590 uini,
1045 4520 1191 4575 moraliter
1210 4520 1283 4574 enim
1300 4521 1364 4585 fieri
1381 4540 1438 4576 non
1456 4524 1560 4591 possit,
1585 4526 1651 4592 quin
1669 4527 1784 4593 saepius

83 4616 187 4690 quirit,
209 4619 243 4669 ut
265 4629 332 4668 sera
352 4611 417 4667 fidei
442 4610 602 4667 obedientia
624 4611 706 4681 juxta
724 4608 827 4664 Christi
845 4610 922 4665 insti-
948 4609 1136 4677 effunderetur
1152 4605 1268 4674 sanquis
1289 4608 1408 4660 Domini
1412 4629 1423 4676 ;
1449 4617 1475 4662 et
1496 4613 1677 4674 confirmatur
1695 4628 1782 4665 erens-

82 4703 221 4760 tntiousm
239 4698 418 4755 sacmmeutis
434 4703 553 4765 utamur,
573 4695 806 4767 nihilquidquam
818 4695 921 4751 adden·
943 4693 1005 4763 plis
1029 4692 1175 4748 amidio.
1219 4690 1299 4745 Certe
1317 4695 1505 4748 sacndotium
1522 4696 1644 4763 proriam
1663 4699 1783 4767 confert,

82 4795 140 4857 tes,
169 4787 215 4841 rel
235 4787 390 4853 dementes,
421 4783 466 4839 vel
493 4788 640 4838 mutantes.
684 4780 775 4846 Quare
802 4798 865 4836 oum
891 4782 921 4836 in
946 4796 997 4832 neo
1020 4787 1112 4833 tamen
1135 4779 1246 4847 expedit
1269 4779 1395 4832 omnibus
1411 4781 1482 4849 fleri
1503 4784 1671 4836 sacerdotes.
1708 4785 1781 4837 Par·

81 4872 253 4932 eucharistia
275 4888 332 4926 non
356 4870 410 4927 nisi
428 4869 566 4926 mediante
584 4867 731 4924 beuefficto
748 4867 813 4922 vino
830 4884 920 4922 sacm-
947 4865 1020 4919 salis
1044 4865 1216 4919 enchoristia
1233 4865 1357 4933 qratiam
1375 4869 1532 4936 conferret,
1559 4877 1584 4922 et
1601 4877 1694 4922 tamen
1713 4870 1782 4938 quic

80 4959 232 5017 mentalem
256 4955 401 5029 sanguinis
429 4956 472 5009 sui
497 4954 660 5010 bibitionem
689 4953 814 5009 Christus
843 4953 920 5009 insti-
947 4970 980 5005 ea
1002 4969 1058 5005 non
1081 4952 1208 5019 indipent
1233 4952 1408 5014 necessario,
1431 4970 1482 5007 nec
1508 4954 1569 5008 sine
1596 4954 1782 5010 irreverentia
1815 5010 1818 5016 ,
1850 4992 1853 4999 «

81 5047 169 5106 tuerit
195 5062 229 5100 ao
259 5043 428 5116 promiserit,
458 5042 521 5097 ideo
545 5058 601 5097 non
629 5042 717 5098 solum
741 5040 919 5097 benedictum
946 5039 986 5091 eis
1010 5038 1078 5091 dari
1100 5046 1209 5106 posset,
1234 5057 1289 5092 non
1310 5040 1455 5093 amoreis
1472 5057 1559 5109 neque
1578 5058 1597 5092 a
1616 5038 1781 5108 Catholicis,

80 5152 184 5210 panem
202 5131 385 5195 manducare,
405 5128 556 5184 sedetiam
575 5145 590 5182 e
609 5127 756 5184 benedicto
773 5127 860 5182 calice
879 5126 928 5181 bi:
946 5124 1086 5194 nequeat
1104 5124 1261 5180 haereticis
1305 5126 1461 5180 Praetereo
1475 5127 1543 5197 plus
1561 5127 1672 5197 pretias
1690 5131 1783 5200 recipi

80 5225 150 5281 bers
167 5220 316 5285 debemus3
336 5234 401 5272 curn
414 5216 509 5271 vinum
524 5214 736 5270 eucharisticum
755 5214 919 5269 nouaclum
944 5218 1034 5280 potest
1063 5227 1095 5262 en
1128 5210 1272 5278 frequenti
1300 5214 1489 5267 communione
1518 5213 1568 5266 sub
1595 5231 1654 5266 una
1681 5217 1780 5286 specie,

80 5309 200 5379 signnm,
218 5305 270 5361 sed
287 5303 372 5360 etiem
389 5319 525 5374 organum
539 5301 575 5355 sit
590 5306 618 5355 et
632 5306 763 5353 κοινωνία
775 5299 919 5370 sanguinis
945 5315 1029 5367 psam
1054 5312 1087 5348 en
1107 5313 1179 5348 rara
1201 5296 1251 5348 sub
1273 5294 1405 5368 unaque,
1434 5316 1490 5351 non
1512 5299 1600 5367 ipitur
1619 5305 1781 5356 neomsaria

80 5393 196 5462 Christi,
208 5392 273 5447 ideo
285 5405 341 5445 non
353 5405 449 5444 exusu
460 5384 761 5457 tantumsignificundi,
774 5385 919 5441 sedetiam
945 5392 986 5438 eet
1003 5381 1158 5436 communio
1175 5382 1225 5434 sub
1243 5390 1374 5452 utraque,
1397 5401 1459 5436 eum
1475 5385 1564 5451 facili
1579 5387 1690 5456 nepotis
1708 5406 1780 5442 oom-

81 5480 174 5538 msdio
197 5475 388 5550 participandi
408 5475 442 5533 de
462 5471 707 5531 sacramentalibus
726 5472 858 5542 symbolis
872 5472 918 5543 ju·
941 5469 1063 5542 pensari
1080 5469 1174 5540 possit
1196 5471 1343 5538 damnum,
1365 5469 1392 5524 si
1409 5473 1486 5542 quoa
1502 5472 1545 5529 sit.
1582 5475 1713 5551 Denique
1727 5493 1779 5545 po·
