4004 6022
786 185 839 241 nn
856 185 979 243 suem
999 183 1134 244 conus
1175 223 1176 226 a
1406 160 1425 176 '
1776 202 1813 259 ῃ

118 357 220 414 panem
244 346 273 396 et
298 339 407 410 rmum,
438 339 592 395 sedetiam
617 357 719 411 corpus
742 347 771 396 et
790 341 954 412 sanguinem
980 340 1136 399 Radeccius
1153 341 1338 398 Photinianus
1356 342 1386 399 in
1403 342 1522 399 nomed
1535 343 1816 418 tibsuumsmtglsut,

119 427 222 482 Christi
246 427 276 481 in
298 443 385 482 coena
410 425 572 495 distribuat,
597 428 626 481 id
647 429 721 498 quod
739 427 848 482 calvini
864 437 953 482 secta·
980 445 1062 498 quern
1091 435 1173 483 vocat
1198 427 1393 483 refutationem
1419 446 1506 484 vanae
1530 430 1720 485 dissolutionis
1747 431 1816 487 nodi

119 515 224 570 toribus
249 513 459 582 opponendum,
485 513 530 584 qui
550 514 671 583 corporis
689 521 718 569 et
736 514 878 585 sanguinis
900 515 953 566 Do·
980 514 1022 566 sui
1041 512 1138 567 Gordii
1161 513 1226 568 edit.
1245 513 1313 567 Rae.
1336 521 1408 570 1614.
1428 533 1456 585 p.
1477 522 1521 571 19:
1541 517 1652 571 Paulus
1670 518 1719 586 eis,
1737 521 1817 586 apud

119 601 212 654 minici
232 599 454 654 distributionem
472 599 512 653 ita
529 600 657 654 tribuunt
675 600 801 665 Christo,
825 607 856 653 ut
876 600 954 652 mlni-
979 619 1048 668 quos
1074 601 1171 653 nutius
1204 601 1246 654 vel
1281 602 1426 670 apostolus
1459 602 1504 656 uel
1532 605 1657 672 apostoli
1683 605 1816 674 vicarius,

119 690 169 742 stri
191 685 328 741 actionem
350 686 385 738 ab
412 702 445 739 ea
467 686 577 756 penitus
601 692 738 755 separent.
774 685 838 742 Joh.
856 686 952 741 Jacob.
981 687 1076 739 nullus
1093 687 1213 754 denique
1231 688 1329 742 doctor
1347 689 1514 741 ordinarius
1533 697 1604 756 erat,
1620 690 1816 758 praecipitat

119 772 438 845 Grynaeusinsoliloq.
459 772 612 826 decoena:
635 773 726 825 Panis
750 774 887 826 stainam
906 791 953 825 no·
981 790 1095 826 coenam
1105 773 1225 826 Domini
1244 775 1387 840 celebrent,
1407 777 1483 830 unde
1501 784 1630 846 apparet,
1644 775 1817 845 possesoloe
1885 796 1888 801 ⁴
1937 796 1941 804 ·

119 862 161 913 bis
178 863 256 927 faris
272 861 466 929 porripnntur,
485 867 664 911 veruntamen
680 860 755 911 intus
778 875 885 928 quoque
898 865 953 921 tuo,
975 858 1077 924 fideles
1100 858 1204 926 absque
1221 859 1282 913 ullo
1300 861 1428 915 ministro
1444 862 1523 914 serbi
1539 863 1643 925 divini,
1666 862 1694 915 si
1709 862 1752 916 im
1768 878 1816 916 oe·

119 948 276 1001 oDominc
295 947 380 1009 Jesu,
403 961 461 1013 pro
487 945 566 996 nebs's
587 946 695 998 tradito
713 962 831 1013 corpore
854 953 953 1013 titoque
979 944 1057 996 eiciat
1081 960 1129 998 eos
1152 945 1213 997 sine
1235 945 1288 999 illo
1310 962 1381 1012 esse,
1404 963 1516 1000 coenam
1538 947 1659 1000 Domini
1673 948 1817 1002 celebrare

34 1059 43 1074 ε
118 1035 255 1103 sanquine
279 1040 362 1099 atque
381 1038 436 1084 tcta
455 1031 554 1083 merito
573 1039 620 1084 tuo
638 1047 672 1084 ac
691 1031 831 1100 beneficiis
849 1032 953 1084 alimur
980 1038 1006 1082 et
1024 1030 1131 1083 nullum
1152 1031 1213 1099 ejus
1231 1032 1488 1085 administratorem
1503 1033 1680 1101 peculiarem
1699 1033 1816 1103 requiri.

120 1120 329 1173 asuetinemnr.
362 1116 545 1170 Sacramenta
556 1117 631 1180 foris
641 1118 823 1185 percipimus,
838 1126 867 1170 ut
880 1119 954 1169 intns
980 1115 1044 1185 Ipse
1062 1116 1179 1172 Socinus
1198 1116 1279 1186 epist.
1300 1122 1324 1172 2.
1343 1118 1379 1170 ad
1397 1117 1496 1174 Matth.
1512 1117 1682 1173 Radeoeium
1702 1138 1731 1190 p.
1754 1123 1816 1176 1261
1905 1116 1907 1121 ’

121 1205 246 1275 Spiritus
264 1203 358 1256 sancti
376 1201 472 1269 pratia
490 1203 658 1269 repleamur.
695 1202 772 1256 Haec
789 1203 900 1274 quidem
919 1205 954 1257 de
981 1202 1061 1255 Nihil
1086 1211 1132 1270 est,
1150 1221 1201 1256 cur
1220 1204 1365 1272 suspicari
1377 1205 1532 1274 possimus,
1556 1221 1669 1258 coenam
1687 1205 1816 1260 Domini·

119 1289 258 1362 spirituali
277 1288 489 1359 participatione
507 1288 629 1358 corporis
648 1294 677 1343 et
695 1290 837 1359 sanguinis
852 1290 954 1344 Christi
981 1308 1042 1342 cam
1060 1307 1079 1342 a
1095 1291 1215 1359 praelibet
1233 1291 1340 1346 Christi
1357 1309 1456 1344 nomen
1471 1292 1660 1360 profitentium
1677 1299 1758 1346 coctu
1774 1292 1834 1346 σοι’

118 1384 195 1431 recte
218 1377 361 1442 dicuntur,
387 1375 496 1429 interim
516 1382 610 1428 tamen
628 1376 820 1430 sacramentali
839 1378 953 1431 mandu·
982 1376 1088 1428 lebrari
1107 1393 1163 1428 non
1177 1394 1271 1445 posse.
1309 1378 1407 1447 Neque
1425 1379 1498 1430 enim
1513 1377 1730 1446 parabilissima
1747 1379 1816 1434 ausc

119 1462 223 1518 cationi
247 1468 276 1516 et
300 1460 428 1516 bibitioni
446 1478 502 1515 non
521 1468 586 1514 sunt
604 1462 778 1531 opponenda,
798 1463 906 1533 quade
925 1481 955 1517 re
982 1470 1007 1514 et
1026 1463 1238 1531 simplicissima
1256 1466 1414 1519 ceremonia
1424 1464 1570 1533 apostolis,
1589 1472 1619 1517 ut
1638 1465 1784 1534 apostolis,
1796 1481 1816 1521 a

119 1549 235 1604 inferius
247 1549 337 1618 plura.
366 1547 530 1602 *restanus
543 1547 635 1617 partit.
648 1548 732 1604 theol.
743 1567 768 1616 p.
780 1553 844 1604 283:
865 1549 955 1601 Panis
982 1547 1093 1603 Christo
1117 1550 1299 1620 praescripta
1320 1551 1393 1618 fuit,
1424 1553 1476 1604 sed
1492 1550 1659 1619 simpliciter
1675 1559 1707 1604 ut
1726 1551 1817 1620 ipsas

120 1641 267 1703 confertur
286 1634 454 1702 aministro,
476 1651 579 1702 corpus
592 1633 698 1686 Christi
712 1635 747 1686 ab
760 1636 822 1702 ipso
837 1634 955 1689 Christo.
982 1635 1132 1704 discipulis
1147 1652 1197 1690 seu
1213 1638 1302 1689 mauis
1323 1637 1506 1704 Christianis,
1533 1637 1566 1690 id
1588 1638 1665 1705 quod
1681 1644 1709 1690 et
1727 1636 1819 1693 Paait‘

120 1722 216 1792 Atque
246 1719 269 1773 si
292 1718 418 1774 Christus
451 1737 500 1790 per
524 1719 656 1774 ecclesiae
682 1719 823 1773 ministros
845 1719 958 1774 exhibet
982 1722 1065 1774 verba
1084 1724 1108 1776 1.
1130 1722 1193 1776 Cor.
1213 1725 1255 1776 11.
1274 1723 1452 1787 manifestum
1465 1722 1584 1790 faciunt
1604 1731 1629 1777 et
1645 1724 1816 1782 satisosten-

120 1804 388 1863 communicantibus
407 1822 466 1859 rem
483 1810 629 1870 terrenam,
650 1823 705 1859 non
723 1811 816 1875 potest
832 1822 888 1858 non
907 1821 956 1873 per
982 1808 1051 1859 dunt
1073 1807 1138 1874 apsa
1161 1804 1268 1860 Christi
1291 1808 1376 1861 uerba
1394 1826 1414 1861 a
1432 1809 1526 1862 Paulo
1543 1809 1656 1862 uberius
1678 1807 1814 1877 aposita,

120 1893 231 1949 eosdem
259 1892 397 1947 mediante
428 1899 538 1946 terrena
566 1890 694 1946 exhibere
718 1907 775 1945 rem
800 1891 955 1946 coelestem.
982 1893 1081 1962 quibus
1093 1893 1183 1961 ipsius
1195 1893 1367 1947 carmoniae
1371 1894 1442 1963 finis
1455 1895 1617 1962 continetur,
1629 1895 1679 1963 qui
1690 1903 1730 1948 est
1744 1910 1817 1949 com·

121 1979 176 2035 Sed
194 1994 290 2032 verum
305 1978 382 2048 prius
404 1982 447 2032 est
466 1977 617 2031 secundnm
637 1976 789 2032 Calvinum.
825 1978 901 2048 Ergo
928 1984 956 2031 et
982 1979 1145 2032 memoratio
1165 1978 1334 2032 Dominicas
1355 1981 1453 2033 mortis
1470 1986 1495 2032 et
1514 1982 1705 2034 annuntiatio:
1726 1983 1814 2036 doaso

119 2065 266 2136 posterius.
302 2063 442 2119 Connexio
462 2063 597 2134 probatur
615 2082 649 2119 ex
661 2064 753 2119 verbis
767 2064 956 2132 institutionis,
984 2065 1112 2120 Christus
1130 2066 1224 2117 ueniat
1240 2070 1293 2119 ete.
1313 2064 1382 2117 Jam
1401 2073 1427 2118 et
1443 2065 1549 2120 Christi
1567 2075 1681 2120 mortem
1699 2082 1817 2121 comma·

120 2150 269 2223 inquibus
288 2149 414 2205 Christus
435 2149 514 2203 dicit:
536 2151 674 2219 Accipite,
692 2152 835 2219 comedite,
851 2151 902 2205 liac
916 2159 956 2204 est
983 2168 1094 2206 morare
1116 2159 1199 2220 atque
1226 2152 1393 2205 annuntiare
1415 2160 1442 2206 et
1456 2170 1514 2222 pro
1532 2169 1567 2206 aa
1583 2154 1692 2221 pretias
1703 2153 1817 2222 publice

118 2256 224 2308 corpus
242 2255 343 2304 meum,
370 2253 426 2290 non
443 2253 508 2290 vero
529 2236 646 2306 accipite
664 2237 753 2291 solum
769 2253 884 2306 panem,
903 2254 955 2308 ego
982 2254 1065 2306 apere
1086 2239 1127 2292 ad
1139 2255 1232 2291 omnes
1240 2236 1416 2291 Christianos
1426 2255 1567 2307 peraeque
1575 2240 1724 2307 pertinere,
1736 2255 1817 2294 nemo

120 2323 195 2377 dabo
214 2323 293 2378 vobis
312 2339 359 2377 ore
367 2311 437 2375 ‘ridet
451 2339 550 2393 corpus
564 2323 797 2379 manducandum.
831 2323 876 2378 Sic
889 2339 955 2393 ergo
983 2332 1024 2377 est
1044 2325 1112 2394 quin
1133 2325 1227 2390 fateri
1247 2331 1373 2393 copatur.
1416 2324 1476 2376 Nec
1497 2341 1561 2377 uero
1580 2333 1621 2377 est
1638 2325 1668 2377 in
1684 2325 1736 2378 hoc
1755 2326 1815 2380 ritas

120 2410 272 2465 inferimus.
315 2406 457 2477 Quidquid
482 2424 499 2460 a
521 2407 789 2463 communicantibus
812 2409 956 2479 accipitur,
982 2410 1105 2479 alimsjns
1129 2411 1241 2463 divinae
1265 2410 1310 2462 rei
1333 2409 1397 2462 ulla
1421 2410 1500 2463 datio
1523 2427 1572 2463 seu
1593 2411 1766 2465 ministratio
1789 2419 1816 2466 ct

120 2497 303 2551 manducatur
320 2501 349 2549 et
366 2494 479 2561 bibitur,
499 2494 528 2547 id
547 2495 625 2563 prins
644 2511 661 2548 a
679 2493 804 2549 ministro
823 2494 955 2549 ccclesiae
979 2505 1130 2565 propterea
1150 2496 1246 2548 nullus
1264 2504 1356 2549 certus
1373 2495 1455 2548 aomo
1469 2496 1640 2565 requiritur,
1667 2497 1717 2565 qai
1734 2498 1817 2567 qnasi

120 2583 278 2656 porrigitur.
314 2581 404 2651 Atqui
421 2597 476 2634 non
496 2582 585 2634 solum
603 2580 699 2651 panis,
725 2581 875 2637 sedetiam
895 2597 953 2634 cor·
983 2582 1088 2636 Chresti
1109 2583 1195 2636 uicem
1216 2600 1315 2651 parens
1336 2599 1441 2652 panem
1464 2590 1490 2635 et
1513 2581 1607 2635 uinum
1632 2582 1730 2636 ceteris
1756 2584 1816 2639 dis·

120 2689 172 2741 pus
191 2667 294 2724 Christi
312 2684 330 2721 a
347 2666 615 2722 communicantibus
635 2667 771 2737 accipitur
789 2673 841 2723 etc.
869 2666 953 2738 Ergo.
980 2669 1086 2722 tribuat
1104 2677 1153 2723 aut
1170 2669 1355 2738 parmati*
1396 2666 1478 2732 Quod
1496 2667 1698 2723 administratio
1716 2685 1813 2725 sacrae

121 2758 460 2827 Argumentamurporro:
480 2751 556 2816 Quae
575 2753 667 2823 opinio
688 2752 817 2808 distrahit
829 2770 869 2823 aa,
882 2771 955 2825 qnae
980 2773 1083 2811 coenae
1102 2755 1233 2810 ministris
1250 2755 1383 2811 ecclesiae
1400 2755 1512 2826 proprie
1525 2761 1672 2825 competat,
1690 2762 1851 2827 patetexz
1864 2763 1898 2806 st.

120 2842 197 2897 Deus
222 2843 282 2896 vult
309 2840 462 2895 arctissime
488 2841 655 2910 conjuncta,
686 2839 735 2894 illa
761 2840 953 2912 improbanda.
981 2842 1160 2914 sequentibus
1191 2841 1394 2898 fundamentis:
1431 2850 1452 2898 1.
1480 2842 1547 2913 quia
1576 2842 1726 2911 conjuncta
1751 2848 1818 2900 sunt

120 2928 283 2983 Celsiniana
301 2927 395 2998 opinio
413 2927 443 2980 id
460 2925 536 2996 facit,
554 2925 684 2981 distrahit
701 2927 774 2981 enim
792 2945 847 2982 non
865 2929 954 2983 solum
980 2929 1150 3001 praedicatio
1168 2928 1303 2999 evangelii
1319 2934 1347 2983 et
1358 2927 1559 2984 administratio
1571 2935 1813 2999 sacramentorum,

121 3032 234 3069 causam
258 3012 424 3069 efficientem
447 3012 629 3083 principalem
653 3021 681 3068 et
703 3014 953 3082 instrumentalem,
980 3033 1053 3087 quae
1074 3019 1139 3069 sunt
1160 3021 1274 3070 exterra
1290 3014 1385 3085 sigilla
1400 3019 1430 3069 et
1446 3014 1608 3072 testimonia
1622 3014 1812 3085 promissionis

120 3103 169 3158 sed
194 3102 277 3158 etiarn
298 3118 401 3170 panem
424 3105 453 3153 et
477 3117 592 3170 corpus,
621 3100 716 3153 vinum
741 3107 769 3154 et
791 3101 954 3171 sanguinem
980 3102 1170 3173 evangelicam
1190 3106 1215 3156 2.
1228 3100 1294 3170 quia
1305 3100 1423 3154 ministri
1440 3101 1572 3156 ecclesiae
1591 3107 1656 3155 sunt
1668 3098 1815 3172 staurium

120 3187 230 3244 Christi.
265 3187 350 3259 Ergo.
388 3184 468 3249 Quod
486 3185 611 3240 Christus
629 3185 659 3239 in
678 3203 765 3241 coena
778 3187 861 3256 jubet
878 3203 953 3240 man·
980 3193 1141 3261 μυστηρίων
1158 3188 1208 3240 soi
1225 3191 1295 3240 θεοῦ
1317 3193 1340 3243 1.
1354 3185 1415 3241 Cor.
1430 3193 1455 3254 4,
1469 3203 1496 3242 v.
1512 3194 1533 3241 1.
1551 3186 1608 3243 Tit.
1624 3194 1685 3254 l,v.
1697 3195 1721 3242 7.
1742 3186 1816 3242 intur

121 3275 222 3329 ducare
240 3281 269 3328 et
285 3274 389 3339 bibere,
408 3273 437 3326 id
456 3289 471 3326 e
489 3288 573 3326 manu
590 3271 708 3325 ministri
727 3272 870 3343 accipitur.
903 3273 954 3327 At·
981 3292 1053 3346 quae
1077 3274 1210 3345 mysteria
1225 3273 1328 3327 eminet
1345 3278 1549 3327 sacramentum
1568 3289 1672 3328 coenae
1691 3273 1817 3329 Domini·

119 3361 168 3433 qui
188 3360 313 3415 Christus
331 3376 412 3414 suum
429 3375 530 3429 corpus
552 3359 634 3430 jubet
653 3359 821 3413 manducare
843 3365 871 3414 et
891 3375 953 3413 san·
981 3379 1047 3430 cae3
1077 3367 1101 3416 3.
1127 3359 1194 3432 quia
1214 3359 1347 3430 baptismi
1366 3359 1568 3415 administratio
1588 3360 1726 3416 ordinarie
1743 3376 1816 3416 oom-

40 3506 44 3515 ,
119 3449 233 3520 guinem
260 3465 340 3501 snum
359 3446 463 3503 bibere.
500 3446 583 3516 Ergo.
620 3447 650 3499 Si
669 3445 785 3499 ministri
803 3446 832 3499 in
851 3462 954 3499 coenae
980 3446 1194 3519 petitecclesiae
1207 3445 1346 3508 ministris,
1359 3445 1460 3516 quihus
1469 3444 1585 3500 dictum:
1605 3448 1817 3501 Doceteomaes

120 3534 360 3589 administratione
376 3540 485 3589 tantum
505 3549 606 3605 panem
625 3537 653 3586 et
672 3532 768 3585 vinum
786 3531 953 3598 exhiberent,
981 3541 1075 3603 pentes
1101 3540 1127 3587 et
1151 3533 1300 3601 baptisate,
1320 3529 1419 3585 Matth.
1439 3535 1491 3599 28,
1513 3549 1539 3585 v.
1560 3537 1599 3587 19.
1638 3531 1714 3601 Ergo
1733 3531 1817 3586 etiam
1914 3573 1918 3583 .

120 3639 175 3675 non
199 3626 315 3690 possent
338 3620 394 3674 dici
418 3620 560 3676 oeconomi
586 3618 781 3690 mysteriorum
800 3617 955 3672 divinorum
982 3618 1163 3677 eucharistiae
1188 3616 1366 3688 dispensatio.
1411 3615 1484 3672 Vide
1501 3621 1582 3671 tract
1601 3616 1636 3672 de
1654 3633 1770 3673 sacram.
1787 3617 1819 3672 iu

125 3714 146 3763 1.
167 3706 229 3764 Cor.
249 3712 273 3775 1,
294 3725 321 3759 v.
343 3712 364 3760 1.
394 3704 455 3770 Quo
474 3722 539 3760 vcro
557 3705 639 3759 modo
658 3704 738 3774 panis
757 3703 956 3757 eucharisticae
982 3723 1084 3780 genere
1106 3701 1135 3780 5
1160 3709 1203 3760 28.
1226 3709 1255 3759 et
1279 3708 1320 3758 29.
1347 3710 1375 3757 et
1397 3709 1478 3759 tract
1503 3702 1538 3758 de
1561 3702 1637 3773 bapt
1661 3699 1688 3778 5
1707 3709 1748 3759 39.
1767 3702 1816 3759 ubi

124 3801 151 3847 et
174 3809 274 3862 corpus
297 3790 415 3861 Christi,
445 3791 540 3845 vinum
564 3789 778 3845 eucharisticum
797 3796 825 3843 et
843 3790 956 3860 cangius
982 3791 1166 3855 ostendimus,
1192 3806 1228 3844 ne
1252 3785 1364 3860 quidem
1382 3789 1411 3842 in
1431 3805 1498 3843 casu
1516 3788 1689 3843 necessitatis
1708 3789 1817 3859 privato

124 3878 226 3934 Christi
238 3877 330 3933 veraci
342 3885 371 3932 et
382 3877 569 3946 omnipotente
582 3875 667 3931 verbo
677 3875 779 3929 Christi
792 3877 957 3947 suntunita3
983 3895 1079 3934 sacrae
1095 3893 1197 3932 coenae
1213 3874 1481 3930 administrationem
1498 3874 1739 3944 committendam,
1753 3891 1817 3930 cum

123 3982 155 4020 eo
180 3965 264 4019 etiam
294 3963 375 4018 modo
403 3963 484 4017 simul
506 3959 712 4016 distribuuntur
729 3967 757 4016 et
774 3962 955 4032 accipiuntur.
983 3968 1036 4021 hac
1054 3966 1083 4018 in
1103 3972 1182 4035 parte
1199 3962 1348 4017 discrimen
1367 3961 1404 4016 sit
1422 3961 1495 4016 inter
1512 3960 1689 4030 baptismum,
1711 3961 1760 4031 qui
1774 3966 1819 4017 est

121 4051 186 4108 Jam
209 4068 273 4104 vero
297 4049 377 4121 panis
401 4048 601 4105 eucharisticus
618 4053 647 4102 et
664 4065 764 4117 corpus
783 4046 885 4102 Christi
904 4057 956 4106 etc.
984 4059 1185 4108 sacramentum
1196 4047 1367 4112 initiationis,
1387 4055 1415 4103 et
1426 4064 1534 4102 sacram
1545 4063 1669 4109 coenam,
1691 4051 1818 4118 quaeest

121 4137 161 4191 sic
187 4142 253 4190 sunt
274 4136 365 4206 unita,
393 4142 425 4190 ut
442 4135 523 4206 panis
540 4153 596 4189 non
614 4135 650 4188 sit
669 4134 758 4197 solus,
785 4151 837 4189 nec
857 4151 957 4206 corpus
984 4144 1185 4193 sacramentum
1199 4131 1423 4189 confirmationis.
1454 4133 1498 4189 De
1510 4133 1643 4203 baptismi
1652 4135 1819 4190 necessitate

121 4222 225 4278 Christi
256 4222 358 4290 solum,
395 4223 445 4277 sed
468 4220 704 4276 sacramentaliter
727 4219 845 4274 invicem
871 4222 957 4280 unita.
985 4224 1110 4279 Christus
1128 4227 1248 4277 testatur
1265 4219 1385 4275 dohann.
1404 4225 1428 4290 3,
1448 4236 1475 4275 v.
1495 4226 1526 4274 5:
1546 4220 1614 4272 Nisi
1632 4220 1819 4289 quareretur

121 4308 197 4382 Ergo
221 4308 305 4364 etiam
330 4326 363 4364 eo
386 4307 467 4362 modo
488 4306 699 4362 distribuuntur.
736 4307 877 4377 Quidquid
898 4326 958 4379 per·
976 4311 1072 4380 suerit
1090 4327 1122 4362 ea
1140 4325 1215 4378 aqua
1235 4315 1260 4361 et
1275 4306 1394 4376 Spiritu,
1415 4323 1471 4358 non
1483 4303 1609 4359 introibit
1621 4322 1736 4373 repnum
1750 4305 1818 4362 Dei.

121 4395 191 4450 tinet
216 4395 253 4449 ad
272 4393 420 4449 essentiam
438 4410 557 4456 coenae,
584 4392 654 4446 illud
671 4393 700 4446 in
719 4392 958 4452 administratione
984 4397 1150 4466 Ubicunque
1161 4390 1441 4466 igituraquahaberi
1453 4397 1552 4461 potest,
1568 4390 1724 4461 baptismus
1735 4390 1817 4446 etiam

119 4479 392 4536 coenaeaministris
401 4479 584 4534 distribuitur.
602 4478 689 4550 Atqui
699 4495 800 4548 corpus
811 4481 959 4550 etsanguis
984 4502 1001 4539 a
1024 4483 1133 4555 privato
1157 4478 1346 4535 administrari
1368 4484 1462 4548 potest
1484 4494 1517 4532 ac
1540 4476 1636 4545 debet3
1656 4477 1706 4531 sed
1723 4493 1819 4534 sacrae

119 4566 237 4632 Christi,
261 4573 359 4637 utpote
381 4584 424 4621 res
447 4566 574 4621 coelestis
598 4566 737 4635 pertinent
755 4566 791 4619 ad
810 4566 958 4621 essentiam
984 4586 1086 4626 coenae
1106 4585 1173 4634 usus
1193 4583 1248 4620 non
1269 4571 1312 4619 est
1329 4564 1357 4617 in
1374 4563 1436 4634 pari
1453 4561 1626 4628 necessitatis
1646 4564 1737 4634 gradu
1755 4578 1818 4620 con·

119 4671 230 4710 coenae.
253 4653 337 4724 Ergo.
365 4650 420 4716 Qui
433 4651 535 4706 Christi
553 4651 613 4705 loco
631 4668 745 4706 coenam
758 4651 958 4721 administrant,
983 4657 1105 4723 stitutus,
1123 4653 1242 4723 ideoque
1261 4650 1373 4722 quando
1391 4665 1447 4703 non
1464 4654 1507 4704 est
1526 4649 1608 4718 copia
1625 4649 1757 4704 ordinarii
1774 4667 1819 4707 ec·

119 4739 162 4794 illi
186 4739 357 4794 distribuunt
377 4738 407 4791 id
431 4738 505 4810 quod
525 4736 652 4792 Christus
674 4737 703 4791 in
722 4738 959 4793 administratione
983 4742 1085 4796 clesiae
1105 4737 1236 4805 ministri,
1265 4743 1332 4790 tunc
1350 4733 1441 4788 locum
1459 4733 1545 4801 habet
1562 4733 1631 4788 illud
1650 4735 1817 4805 Augustini:

118 4825 227 4898 primae
244 4841 346 4880 coenae
361 4823 510 4880 distribuit
540 4824 594 4881 Sed
607 4822 732 4878 Christus
752 4841 808 4877 non
819 4824 959 4879 distribuit
986 4829 1077 4882 Crede
1096 4833 1121 4879 et
1140 4823 1325 4876 manducasti.
1359 4819 1424 4875 Joh.
1444 4818 1578 4875 Corvinus
1593 4820 1665 4892 prof.
1678 4821 1818 4892 quondam

119 4912 227 4967 nudum
244 4910 526 4982 panemnecnudum
537 4909 638 4964 vinum.
663 4908 785 4979 Ergo.**
983 4911 1164 4967 Eriordianus
1189 4910 1218 4963 in
1246 4907 1374 4963 methodo
1401 4905 1489 4961 doctr.
1518 4906 1553 4962 de
1583 4921 1660 4960 coen.
1689 4907 1733 4963 cd.
1759 4907 1818 4967 Eri.

159 5005 197 5054 17.
234 4997 383 5070 “Negant
401 4996 466 5060 hoc,
490 4997 538 5067 qui
557 4996 585 5049 in
603 4995 695 5052 Socini
715 4995 812 5050 castris
830 4995 956 5051 militant.
984 5016 1057 5054 anno
1075 5002 1149 5055 1578.
1170 5014 1197 5066 p.
1211 5002 1235 5052 9.
1254 4993 1383 5061 affirmat,
1403 4992 1486 5047 licere
1504 4990 1577 5047 laico
1593 4992 1623 5046 in
1642 5007 1709 5046 casu
1725 5011 1818 5050 neces·

120 5083 185 5142 Joh.
199 5081 345 5140 Volkelius
360 5082 390 5136 in
402 5082 528 5138 dissolut.
543 5082 609 5136 nodi
623 5082 722 5137 Gordii
740 5099 757 5136 a
768 5080 878 5135 Martin.
895 5082 959 5138 nexi
984 5085 1073 5141 sitatis
1092 5099 1206 5139 coenam
1225 5080 1338 5135 Domini
1350 5077 1556 5134 administrare:
1578 5083 1601 5136 1.
1615 5095 1679 5132 cum
1691 5077 1818 5136 Christus
1830 5097 1856 5138 x.
1869 5096 1902 5138 π.

120 5170 220 5243 Smigl.
246 5171 312 5242 pag'.
341 5175 386 5225 10:
414 5169 459 5240 Ne
485 5169 536 5223 boc
561 5170 674 5239 quidem
691 5187 724 5223 es
743 5167 848 5221 divinis
866 5169 959 5225 literis
984 5190 1040 5228 non
1057 5169 1123 5225 solis
1141 5166 1284 5239 discipulis
1302 5169 1470 5237 potestatem
1487 5165 1644 5220 remittendi
1659 5173 1688 5222 et
1699 5167 1819 5223 retinen·

120 5259 232 5312 discere
252 5273 422 5327 possumus,
447 5256 559 5308 omnino
583 5272 693 5308 necesse
719 5272 791 5323 esse,
817 5263 848 5308 nt
866 5264 959 5311 certam
985 5259 1013 5313 di
1035 5261 1151 5328 peccata
1174 5252 1295 5318 dederit,
1319 5251 1368 5308 sed
1389 5250 1515 5306 omnibus
1533 5250 1601 5320 piis,
1625 5259 1654 5309 et
1674 5269 1819 5308 commune

119 5347 239 5416 quidam
254 5343 336 5398 homo
354 5343 490 5414 elipatnr,
511 5342 561 5411 qui
579 5342 688 5396 Christi
706 5341 790 5410 quasi
804 5359 958 5411 personam
984 5343 1146 5400 mandatum
1169 5341 1219 5406 sit,
1244 5344 1276 5394 ut
1292 5337 1424 5393 iratribus
1442 5337 1601 5408 petentibus
1622 5339 1818 5395 annuntiemus
1826 5377 1833 5396 ·.

117 5431 262 5487 ruminent
278 5428 397 5499 reliquis
414 5446 529 5482 coenam
546 5427 668 5481 Domini
683 5429 835 5496 dispenset
867 5429 955 5485 Andr.
983 5429 1169 5502 evangelium
1199 5433 1223 5482 1.
1242 5443 1306 5480 cum
1328 5424 1408 5480 laicis
1432 5423 1463 5479 in
1484 5439 1552 5479 casu
1570 5425 1743 5482 necessitatis
1768 5422 1817 5479 bs·
1845 5433 1919 5480 tan
