4004 6022
181 221 242 281 854
739 209 862 267 LOCUS
881 209 1085 268 VIOESIMUS
1105 209 1304 268 SECUNDUS

178 367 244 422 salis
269 383 358 437 paens
379 365 520 435 apostasia
544 370 573 419 et
591 365 779 435 incorruptum
800 364 932 421 ecclesiae
950 364 1013 418 visi·
1041 372 1135 420 terrae
1151 382 1214 418 aum
1233 381 1267 416 ea
1284 365 1402 418 coartati
1417 373 1483 419 sunt
1502 373 1528 417 et
1545 373 1714 420 memores
1733 373 1830 421 terrae
1848 368 1882 420 ds

178 452 242 508 bilis
257 452 448 514 ministerium,
466 449 650 521 sinemurensis
666 450 720 505 sibi
736 451 853 505 invicem
872 466 1014 520 opponun-
1040 451 1142 502 uirtute
1160 450 1325 503 diuitiarum
1346 451 1408 516 eius
1426 451 1613 516 diuitesjacti
1623 459 1697 504 suut.
1725 450 1791 507 Hae
1803 468 1881 523 prse-

177 544 232 593 tur.
274 536 331 593 Sed
356 543 466 592 exstant
491 536 561 592 tales
587 537 798 607 praedictiones.
846 535 945 591 Matth.
973 541 1015 602 24,
1042 536 1174 590 dictiones
1192 553 1248 590 non
1267 536 1358 590 minus
1378 552 1396 589 a
1414 535 1520 605 Spiritu
1538 543 1641 599 sancta
1663 536 1713 607 qui
1731 544 1775 592 cst
1793 537 1880 609 Spiri-

178 642 205 681 ν.
227 628 273 679 tt:
299 623 420 691 Surpeut
436 623 519 675 multi
530 622 1015 693 pseudochristietpseudoprophc·
1042 629 1085 675 tus
1115 621 1255 689 veritatis,
1280 628 1345 675 sunt
1371 622 1462 676 editae
1490 639 1574 692 quam
1599 623 1789 692 amplissimae
1819 623 1880 678 illae

178 719 224 763 tae
252 717 279 763 et
297 710 405 762 dabunt
421 710 504 778 sipua
520 716 548 761 et
562 709 715 778 prodipia,
738 709 780 760 ita
796 717 826 761 ut
845 710 873 761 in
892 725 1015 761 errorem
1043 707 1236 776 promissiones
1254 723 1286 760 sc
1305 707 1448 762 evidenter
1465 709 1582 773 docent,
1599 708 1658 765 fore
1676 713 1808 779 tempus,
1828 726 1879 780 quo

178 796 359 863 inducantur,
378 797 406 847 si
416 795 486 864 fleri
497 796 598 864 possit,
619 795 702 847 suom
720 794 807 861 electi,
826 810 907 864 quem
925 793 1016 846 locum
1042 792 1127 845 totius
1149 792 1266 847 visibilis
1290 793 1424 847 ecclesias
1445 792 1624 848 ministerium
1645 792 1792 864 publicum
1809 794 1878 849 futu·

179 881 213 939 de
233 880 404 951 temporibus
420 879 584 936 Antichristi
609 880 821 950 intelligendum
839 896 900 934 esse
918 879 1015 933 Hiero·
1042 896 1101 932 rum
1120 879 1156 931 sit
1173 885 1351 947 corruptum,
1372 878 1607 934 invalescentibus
1631 880 1740 935 scilicet
1757 888 1787 935 et
1805 898 1877 952 gras·

178 985 279 1038 aymus
296 967 326 1021 in
343 973 487 1022 comment.
504 972 580 1020 recte
598 965 736 1021 admonet.
775 965 845 1020 Luc.
869 971 915 1032 18,
940 982 966 1018 v.
986 969 1014 1020 8:
1041 964 1168 1019 sontibus
1186 964 1324 1018 erroribus
1340 963 1459 1034 publicis
1477 965 1506 1019 in
1525 970 1584 1020 toto
1602 967 1677 1021 orbe.
1711 965 1875 1036 Praeposte

180 1053 250 1109 Cum
267 1053 372 1105 oenmit
390 1053 467 1116 (ilius
484 1052 618 1115 hastulis,
642 1060 729 1120 putas
747 1051 865 1104 inueniet
882 1052 967 1115 fidem
986 1051 1016 1103 in
1042 1068 1102 1103 rum
1124 1050 1210 1120 igitur
1227 1049 1307 1117 foret,
1326 1051 1349 1103 si
1361 1051 1462 1105 clausis
1474 1052 1562 1104 oculis
1574 1057 1602 1106 et
1613 1052 1729 1105 auribus
1742 1069 1790 1107 ess
1802 1069 1876 1123 prae

178 1144 281 1195 terrai
312 1157 393 1212 quem
411 1139 501 1193 locum
521 1138 751 1209 Theopbylsctus
767 1138 863 1193 itidem
882 1137 1014 1206 interpre
1041 1136 1122 1192 terire
1141 1136 1256 1190 velimus
1274 1144 1303 1189 et
1320 1142 1429 1190 tuntum
1447 1135 1625 1191 declamitare
1642 1138 1677 1192 de
1691 1139 1876 1207 promissioni·

178 1234 254 1283 tatur
279 1227 313 1282 de
332 1225 501 1295 temporibus
520 1223 684 1278 Antichristi
704 1240 736 1279 ac
756 1223 837 1290 dicit,
865 1232 930 1276 tuuc
948 1224 1014 1287 sore
1042 1223 1093 1276 bus
1113 1223 1214 1293 amplis
1232 1233 1260 1278 et
1276 1223 1430 1277 illustribus
1450 1224 1584 1278 ecclesiae
1602 1223 1692 1287 iactis,
1711 1225 1828 1293 proinde
1846 1232 1875 1279 ut

177 1314 327 1367 raritatem
338 1312 472 1379 fidelium
490 1319 515 1364 et
537 1310 677 1366 Christum
695 1311 844 1363 seuientem
857 1311 887 1362 iu
900 1310 1016 1363 nubibus
1041 1310 1107 1363 olim
1129 1309 1231 1365 Judaei
1254 1309 1425 1377 clamabunt,
1444 1310 1576 1378 templum
1591 1311 1723 1378 Domini,
1747 1313 1877 1381 templum

177 1416 234 1453 non
259 1400 433 1450 inuenturum
453 1414 511 1449 esse
528 1398 622 1463 fidem
640 1398 670 1449 in
689 1405 768 1450 terra
786 1397 843 1449 nisi
861 1397 891 1449 in
904 1396 1015 1464 pascu.
1044 1396 1174 1461 Domini,
1198 1396 1298 1451 berem.
1319 1402 1347 1458 1,
1366 1413 1392 1449 v.
1411 1405 1436 1452 t.
1459 1395 1699 1451 comminationem
1714 1397 1827 1453 interim
1845 1398 1878 1453 ds

179 1483 313 1541 2.Tbess.
333 1490 355 1549 2,
373 1499 400 1538 v.
421 1488 450 1538 3:
468 1484 535 1535 Nou
554 1483 627 1535 versit
645 1484 705 1536 dies
718 1483 846 1548 Domini,
864 1482 922 1533 nisi
939 1497 1015 1533 sene·
1042 1480 1138 1550 templi
1158 1481 1316 1550 abjectione
1335 1482 1526 1547 metuendam,
1557 1481 1581 1534 si
1609 1481 1804 1538 inobedientes
1823 1500 1877 1539 essa

177 1572 217 1623 rit
231 1571 313 1639 prius
329 1566 493 1636 defectio,
482 1589 496 1634 η
514 1568 672 1621 ἀποστασία
692 1568 751 1632 tubi
769 1567 910 1636 apostolus
929 1566 1014 1620 mani·
1042 1567 1223 1636 perrexerint,
1241 1568 1298 1620 alto
1318 1567 1427 1620 silentio
1446 1567 1625 1622 involventes.

177 1655 249 1711 feste
266 1654 389 1724 loquitur
405 1654 440 1708 de
459 1670 562 1725 magns
579 1654 699 1724 quadam
719 1663 747 1707 et
765 1670 853 1723 paene
866 1652 1013 1707 universali
1080 1659 1134 1706 tis.
1171 1657 1196 1706 3.
1216 1651 1381 1722 Quicunque
1399 1660 1552 1715 monentur,
1571 1669 1606 1707 ns
1623 1661 1724 1719 errent,
1743 1653 1878 1722 etjuben·
1868 1653 1934 1696 A&

178 1740 335 1811 apostasia,
367 1739 548 1809 particulares
581 1741 653 1795 euim
689 1740 813 1809 jamdum
840 1738 1015 1808 contigerant
1042 1743 1087 1791 tur
1104 1754 1202 1792 cavere
1218 1737 1461 1806 pseudodoctores,
1478 1754 1514 1794 ns
1532 1739 1710 1805 seducantur,
1728 1746 1758 1793 et
1770 1709 1934 1808 propteriiiii

179 1826 346 1896 complures)
370 1833 396 1876 et
417 1843 479 1878 rese
481 1826 556 1878 latus
570 1827 665 1892 fuerit
683 1827 763 1879 horuo
788 1827 838 1879 iile
854 1826 1015 1890 sceleratus,
1042 1824 1175 1878 admissos
1193 1839 1299 1878 errores
1315 1823 1568 1893 reprehenduntur,
1586 1824 1623 1877 ab
1640 1824 1742 1878 erroris
1759 1824 1880 1895 periculo
1890 1819 1934 1849 '¹⁸⁰⁸'

1927 1871 1934 1899 Ι

171 1913 263 1980 silius
277 1912 462 1981 perditionis,
481 1918 557 1965 uzt
577 1912 627 1980 pai
645 1921 685 1965 est
702 1911 884 1964 ailoersarius
897 1913 1014 1980 eteffer·
1043 1925 1098 1962 non
1118 1916 1183 1962 sunt
1202 1909 1346 1967 immunes
1381 1908 1466 1964 Ratio
1484 1909 1687 1965 consecutionis
1707 1918 1751 1965 est
1768 1911 1880 1966 mauric·
1890 1869 1934 1953 11111

179 2005 226 2051 tur
244 2015 334 2065 supra
352 2014 465 2056 omnem.
486 2014 534 2065 pus
530 1998 655 2051 dieitur
669 2001 747 2050 Deus
761 2005 929 2066 autnnmen,
943 1998 1015 2050 adeo
1046 2003 1102 2063 sta,
1129 1994 1152 2049 si
1177 1996 1250 2050 euim
1276 1995 1410 2051 baberent
1434 1996 1590 2051 absolutum
1610 1997 1752 2068 quoddam
1770 2016 1826 2053 non
1841 1974 1934 2055 aiiii

179 2092 210 2138 ut
238 2086 268 2136 in
295 2083 397 2151 templo
424 2085 483 2137 Dei
500 2086 596 2136 sedeat
615 2092 771 2150 ostentans,
801 2101 831 2136 se
848 2085 938 2152 ipsum
956 2100 1015 2136 esse
1043 2080 1122 2135 randi
1142 2081 1327 2150 privilegium,
1344 2080 1448 2137 frustra
1459 2083 1529 2138 tales
1540 2082 1742 2138 admonitiones
1757 2083 1880 2138 instrtus·
1890 2070 1934 2160 2⁸³,ss

183 2171 277 2223 Deum
302 2168 361 2231 tubi
378 2169 573 2238 praedicitur
565 2187 594 2223 rn
610 2170 671 2239 ipso
689 2124 793 2239 tempio
813 2169 879 2234 Dei,
902 2168 954 2221 boc
974 2176 1016 2221 est
1043 2172 1145 2223 rentur.
1184 2166 1250 2221 bam
1272 2183 1337 2221 vero
1362 2168 1497 2223 ecclesiae
1520 2169 1703 2239 particulares
1726 2177 1880 2239 monentur,
1891 2180 1934 2220 pm

182 2255 211 2308 in
227 2253 353 2322 ecclesis,
370 2254 572 2308 Antichristum
589 2255 793 2309 dominaturum
812 2261 840 2308 ct
856 2253 956 2307 multos
976 2271 1016 2308 se·
1044 2270 1079 2306 ne
1098 2261 1196 2316 errent,
1222 2253 1358 2322 jubentur
1375 2270 1473 2309 cavere
1492 2239 1756 2325 pseudoprophetas,
1775 2273 1808 2312 ac
1822 2226 1934 2327 pro-m

183 2338 356 2409 ducturum),
374 2358 400 2396 v.
419 2347 448 2396 9:
468 2342 550 2410 cujus
568 2343 865 2395 adseritusseeundum
878 2341 1017 2409 operatio·
1044 2350 1105 2409 pter
1124 2339 1258 2393 admissos
1272 2339 1625 2408 morarepreherdunmr
1637 2341 1736 2398 Matth.
1750 2349 1776 2411 ’1,
1793 2360 1820 2399 v.
1837 2350 1879 2399 15.

181 2443 243 2479 uem
263 2425 389 2479 Satanae
406 2444 467 2479 erim
486 2427 562 2479 amsii
573 2428 701 2495 potentia
720 2435 746 2479 et
763 2428 852 2494 srpnis
871 2444 904 2478 ac
917 2427 1018 2494 prodi-
1046 2423 1146 2478 Cavete
1168 2443 1187 2477 a
1207 2425 1477 2494 pseudoprophetis,
1507 2428 1555 2494 qui
1582 2429 1623 2481 ad
1644 2446 1693 2482 vos
1718 2431 1831 2483 veniunt
1853 2430 1880 2482 is

180 2512 237 2580 piis
250 2512 429 2565 mendacibus
441 2511 627 2582 (Augustinus
643 2511 689 2565 lib.
702 2517 741 2567 211.
756 2511 792 2567 de
806 2513 858 2567 civ.
871 2511 931 2566 Dei.
942 2528 965 2565 c.
979 2517 1017 2565 19.
1045 2513 1143 2564 vestitu
1180 2513 1284 2571 ouium,
1322 2513 1397 2563 intus
1432 2520 1524 2564 autern
1558 2521 1622 2566 sunt
1657 2515 1721 2582 tupi
1755 2531 1881 2584 rapaces.

181 2601 210 2651 et
219 2597 432 2666 Chrysostomus
449 2597 522 2650 hom.
539 2602 564 2651 1.
582 2596 610 2650 in
630 2602 654 2652 2.
666 2596 760 2651 'l'hess
772 2603 907 2667 statuunt,
926 2599 1019 2651 vocari
1046 2597 1144 2654 Matth.
1165 2602 1206 2660 24,
1225 2614 1250 2650 v.
1270 2602 1315 2651 23:
1339 2597 1372 2650 Si
1390 2599 1453 2666 puis
1471 2599 1547 2652 roem
1566 2600 1678 2667 deberi,
1699 2617 1762 2653 ecoe
1780 2602 1826 2655 hic
1844 2608 1882 2656 est

181 2681 310 2752 prodigia
332 2683 477 2736 mendacia
495 2684 539 2736 rei
557 2685 624 2752 puio
643 2692 722 2735 eram
740 2687 869 2737 ementita
892 2703 927 2736 ac
945 2685 1016 2736 lucii·
1048 2685 1187 2752 Christus,
1211 2700 1272 2736 eece
1295 2684 1370 2748 illie,
1394 2685 1481 2738 notite
1506 2687 1638 2752 credere,·
1657 2704 1682 2739 v.
1700 2694 1749 2741 24:
1771 2695 1881 2756 turpent

73 2776 109 2820 xl
122 2775 169 2820 itt.
179 2767 314 2835 ficantia,
332 2769 375 2821 rei
395 2770 463 2838 puio
481 2769 582 2820 multos
600 2771 642 2821 ad
659 2769 834 2822 mendacium
852 2771 983 2821 inducent
984 2770 1018 2836 ),·
1047 2768 1118 2822 'enim
1134 2770 1343 2837 pseudochristi
1359 2779 1385 2822 et
1400 2771 1678 2839 pseudoprophetae,
1701 2788 1728 2827 v.
1750 2777 1796 2827 25:
1820 2789 1880 2828 sees

181 2869 206 2906 v.
238 2858 284 2906 to:
313 2854 380 2921 quia
404 2854 552 2905 corbatum
569 2853 696 2906 ueritatis
714 2872 770 2906 uois
788 2863 963 2922 receperunt,
988 2865 1018 2907 ut
1045 2856 1180 2924 praedici
1195 2855 1271 2908 cobis
1289 2860 1341 2908 cto.
1377 2855 1441 2908 Aee
1460 2859 1507 2918 21),
1526 2873 1552 2909 v.
1571 2861 1616 2912 ts:
1640 2858 1786 2912 Attendite
1806 2859 1881 2912 oobs's

181 2938 257 2991 salui
275 2939 396 3007 fierent,
421 2956 445 2993 v.
468 2944 513 2994 11;
535 2941 621 2991 mittet
637 2940 697 2992 iltis
716 2941 795 2991 Deus
815 2942 956 3009 ἐνέργειαν
974 2941 1019 3008 τῆς
1047 2941 1118 3008 ipsis
1136 2948 1161 2993 et
1180 2941 1310 2993 universo
1328 2942 1421 3008 prepi,
1437 2943 1468 2993 in
1486 2958 1540 3009 pao
1561 2941 1685 3010 Spiritus
1704 2952 1819 2997 sanetus
1837 2961 1891 2996 aas·

181 3022 299 3092 ulduni,
334 3026 464 3094 efficaces
495 3041 621 3094 errores,
659 3033 689 3077 ut
718 3027 835 3078 credaut
864 3028 1019 3094 niendacio,
1045 3027 1139 3095 posuit
1157 3027 1317 3095 episcopos,
1337 3042 1364 3082 v.
1383 3031 1430 3082 29:
1451 3028 1518 3096 quia
1537 3028 1680 3080 intrabunt
1692 3038 1762 3097 past
1782 3032 1881 3083 daca·

180 3127 207 3166 v.
239 3116 283 3165 12:
313 3119 344 3163 ut
366 3111 535 3178 judicentur
560 3128 667 3179 omnes,
694 3112 745 3179 qui
764 3129 820 3163 non
839 3113 1018 3165 crediderunt
1046 3113 1150 3165 donem
1167 3128 1258 3165 meam
1277 3111 1339 3180 lupi
1348 3129 1448 3179 praees
1464 3113 1623 3165 insosnon
1631 3122 1785 3181 parcentes
1796 3116 1881 3185 prepi,

180 3196 300 3249 veritati.
343 3201 366 3250 1.
387 3193 456 3250 Τίιιι,
477 3203 507 3265 4,
531 3215 554 3249 v.
579 3202 605 3251 l:
632 3197 758 3266 Spiritus
777 3199 924 3266 manifeste
942 3198 1018 3265 dicit,
1047 3216 1072 3254 v.
1090 3203 1136 3253 30:
1155 3208 1182 3250 et
1198 3215 1230 3251 ec
1248 3198 1325 3250 sote
1342 3206 1490 3267 ersus-pent
1507 3199 1565 3251 oiri
1581 3199 1724 3267 loquentes
1738 3218 1880 3270 peruersa,

181 3283 259 3353 quod
277 3284 306 3334 in
325 3283 482 3335 nouissimis
500 3285 670 3352 temporibus
689 3286 887 3354 apostatabunt
903 3286 1018 3354 putidam
1048 3293 1076 3338 ut
1093 3286 1235 3338 abducant
1252 3285 1409 3352 discipulos
1426 3293 1490 3353 post
1508 3302 1553 3352 se;
1572 3303 1597 3341 v.
1611 3290 1659 3340 31:
1674 3295 1832 3355 propterea
1845 3287 1882 3341 ri·

173 3378 201 3422 'a
218 3369 288 3435 fide
307 3370 479 3421 attendentes
499 3370 645 3437 spiritibus
661 3371 852 3424 seductoribus
871 3378 897 3424 et
916 3372 1018 3425 doctri·
1045 3371 1140 3437 pilate.
1177 3376 1200 3425 2.
1220 3366 1282 3424 Cor.
1302 3376 1341 3439 lt,
1360 3387 1385 3422 v.
1404 3374 1437 3424 2:
1457 3373 1608 3440 Despondi
1625 3389 1673 3424 sos
1691 3374 1816 3427 univiro
1829 3373 1882 3427 oir-

181 3454 227 3508 nis
256 3456 481 3518 daemoniorum,
511 3473 538 3510 v.
565 3461 595 3509 2:
622 3457 652 3508 in
678 3457 823 3525 hypocrisi
848 3457 1019 3525 loquentium
1046 3458 1136 3522 pinam
1159 3465 1265 3510 castam
1283 3458 1409 3510 eulribere
1427 3456 1554 3526 Christo,·
1578 3475 1603 3513 v.
1623 3463 1654 3515 3:
1681 3459 1765 3513 timeo
1785 3469 1883 3524 autem,

181 3541 357 3593 mendacium
382 3549 407 3592 et
433 3543 619 3595 cauteriatam
637 3543 795 3595 habentium
813 3544 1020 3608 cariseientiam,
1047 3546 1081 3596 n'e
1099 3543 1170 3595 sicud
1189 3559 1304 3611 serpeus
1322 3545 1414 3597 anm
1434 3546 1543 3597 sedarit
1559 3563 1612 3598 sua
1630 3547 1745 3613 astutia,
1764 3548 1806 3599 ita
1824 3565 1881 3602 cor·

183 3643 208 3679 v.
230 3631 259 3680 3:
279 3627 485 3694 prohibentium
508 3627 624 3691 nubere,
647 3628 786 3680 abstinere
807 3646 826 3680 a
845 3630 930 3695 cibis,
951 3646 1019 3696 pisos
1046 3636 1215 3697 rumpantur
1238 3645 1335 3681 senssss
1354 3631 1441 3683 vestri
1459 3637 1485 3682 et
1506 3632 1637 3684 excidant
1656 3649 1675 3682 a
1694 3633 1883 3700 simplicitate,

184 3713 264 3765 Deus
292 3712 397 3764 creauit
419 3717 473 3767 etc.
518 3718 543 3769 2.
562 3711 634 3767 Tim.
651 3720 681 3782 4,
709 3731 735 3767 v,
754 3720 783 3771 3:
813 3715 880 3767 Erit
906 3723 1020 3784 tempus,
1047 3733 1117 3784 puae
1135 3723 1176 3768 est
1191 3718 1222 3767 iu
1244 3714 1364 3769 Citriato.
1400 3714 1492 3772 Galat
1512 3723 1537 3783 3,
1553 3734 1579 3774 v.
1599 3724 1626 3772 l:
1646 3719 1670 3770 O
1687 3728 1810 3773 amentes
1826 3718 1882 3774 Ga·

184 3814 246 3850 eum
263 3815 365 3850 sanam
383 3799 542 3852 doctrinam
563 3817 618 3853 uon
638 3802 823 3869 sustinebunt,
840 3803 893 3854 sed
910 3802 950 3853 ad
966 3819 1017 3853 sua
1047 3803 1139 3867 tatae,
1170 3803 1233 3870 puis
1261 3821 1310 3857 sas
1338 3803 1493 3868 fascinavit
1519 3823 1576 3858 nou
1604 3805 1718 3858 obedire
1747 3807 1884 3859 ueritati?

185 3885 327 3938 desideria
359 3887 562 3938 coacervabunt
593 3886 649 3938 sibi
683 3888 833 3952 mapistros
857 3887 1019 3955 prurientes
1050 3893 1071 3944 1.
1091 3888 1192 3943 bahan.
1211 3895 1236 3957 t,
1255 3905 1282 3944 v.
1303 3897 1331 3944 l:
1352 3890 1475 3943 Probata
1491 3892 1622 3958 spiritus,
1642 3908 1681 3943 an
1699 3893 1883 3947 sinteaDeo.

183 3971 308 4040 auribus,
326 3988 352 4027 ι.
371 3977 395 4025 4.
414 3980 439 4024 et
456 3990 474 4023 a
492 3973 609 4025 ueritate
621 3973 734 4039 puidam
747 3974 874 4025 auditum
886 3981 1020 4039 avertent,
1046 3975 1133 4045 Apoc.
1154 3980 1184 4042 2,
1202 3993 1227 4029 v.
1249 3984 1279 4030 b:
1299 3978 1411 4030 Memor
1429 3984 1502 4044 esto,
1522 3979 1597 4031 uude
1615 3978 1772 4046 emideris,
1791 3987 1817 4032 et
1833 3996 1884 4048 ape

184 4056 226 4110 ad
248 4057 367 4119 fabulas
395 4066 487 4110 autem
512 4066 713 4111 convertentur.
749 4063 773 4112 2.
792 4056 867 4115 Patr.
885 4064 915 4122 2,
939 4076 964 4111 v.
992 4064 1019 4113 1:
1045 4061 1252 4128 poenitentiam,
1272 4080 1298 4117 v.
1322 4068 1367 4117 15:
1387 4064 1470 4116 habes
1490 4072 1608 4116 tenentes
1627 4065 1785 4118 doctrinam
1799 4066 1883 4120 Nico-

184 4143 278 4196 Erunt
303 4144 332 4195 in
350 4144 428 4195 vobis
446 4144 574 4210 mupistri
590 4146 751 4210 menduces,
775 4144 825 4212 qui
844 4145 1019 4198 introducent
1046 4148 1190 4218 iaitarum,
1208 4166 1234 4205 v.
1252 4153 1297 4204 rs:
1318 4150 1448 4202 similiter
1464 4150 1665 4225 poeniteutiam
1685 4167 1738 4218 ape
1757 4157 1810 4207 stc.
1851 4152 1884 4207 Si

183 4236 273 4282 sectas
294 4228 469 4296 perditionis
488 4237 513 4281 et
530 4245 607 4294 eum,
630 4229 680 4298 pai
697 4231 763 4281 sarit
781 4247 840 4298 eos,
867 4230 1018 4283 Domimrm
1047 4235 1173 4302 accipere
1193 4235 1286 4303 veiint,
1303 4251 1402 4287 curam
1420 4235 1500 4287 illam
1518 4236 1641 4303 apostoli
1651 4236 1741 4289 Pauli
1759 4245 1785 4289 et
1798 4253 1883 4306 prae·

183 4316 357 4382 abnepabuut
374 4316 622 4384 superinducentes
634 4316 813 4368 tibiacierem
822 4317 1019 4383 perditionem,
1048 4320 1210 4373 monitiones
1229 4322 1271 4372 ad
1288 4320 1416 4387 sinpulos
1427 4321 1544 4390 fideles,
1570 4339 1626 4375 nou
1644 4329 1737 4375 autem
1757 4324 1799 4376 ad
1816 4323 1883 4377 inte·

183 4418 207 4454 v.
227 4407 257 4456 2:
276 4410 304 4454 et
321 4400 403 4453 malti
420 4409 569 4468 reperentur
588 4402 713 4470 ipsorum
731 4401 867 4463 turcarias,
882 4420 934 4470 per
951 4420 1019 4470 quos
1046 4424 1114 4474 pras
1151 4406 1283 4459 scetmias
1315 4406 1473 4473 pertinere,
1510 4407 1674 4476 opponimus
1704 4406 1773 4473 illis,
1809 4408 1883 4479 quod

183 4487 230 4540 sia
246 4487 373 4541 ueritatis
386 4487 631 4557 blasphemabitur.
661 4488 750 4558 Apoc.
768 4495 805 4554 12,
824 4507 848 4542 v.
862 4495 891 4543 o:
911 4490 1020 4542 Mrdier
1048 4498 1071 4548 2.
1089 4491 1150 4546 Cor.
1175 4497 1213 4557 11,
1232 4508 1257 4546 v.
1270 4495 1313 4546 28.
1330 4490 1432 4546 diserte
1447 4492 1530 4560 stipat,
1548 4511 1644 4546 curam
1659 4493 1883 4548 sibiipcpmtarn

183 4572 328 4642 (ccclesiae
355 4577 453 4644 typus)
482 4574 559 4641 fupit
586 4575 616 4626 in
643 4575 833 4630 solitudinem.
865 4576 953 4644 Apoc.
982 4581 1019 4643 1³,
1048 4579 1082 4630 de
1106 4578 1232 4630 omnibus
1253 4577 1388 4630 ecclesiis.
1421 4577 1571 4632 Praeterea
1587 4580 1661 4649 quod
1680 4579 1799 4651 singulis
1817 4578 1883 4635 tide·
1896 4590 1929 4632 n

184 4664 249 4714 v.8:
263 4661 462 4713 Asioraserunt
475 4659 776 4727 bestiamidntichristi
790 4666 902 4730 typum)
918 4680 1020 4723 amnes,
1047 4664 1120 4716 libus
1139 4663 1284 4733 competit,
1312 4663 1381 4717 illud
1402 4665 1486 4719 etiarn
1503 4665 1555 4718 toti
1575 4664 1724 4733 ecclesiae,
1751 4673 1884 4737 quaeest

185 4746 236 4815 psi
262 4745 421 4798 sulcabitant
448 4754 568 4813 terram,
598 4764 716 4815 priorum
740 4748 854 4799 nomina
876 4765 932 4801 nan
956 4757 1020 4800 suist
1047 4754 1140 4802 coetus
1171 4747 1309 4813 fidelium,
1338 4751 1423 4804 tribui
1446 4759 1544 4822 potest.
1585 4750 1614 4806 Si
1640 4752 1767 4822 excipere
1789 4753 1884 4817 velint,

183 4834 291 4900 scripta
317 4833 348 4883 ia
371 4832 445 4884 libro
472 4833 546 4885 sitae
572 4833 649 4903 apui.
684 4849 709 4887 v.
731 4838 774 4888 ib:
802 4834 902 4886 Faciet
920 4851 1020 4900 omues,
1047 4834 1135 4886 aliam
1161 4851 1219 4889 esse
1241 4837 1380 4888 rationem
1399 4840 1532 4891 ecclesiae
1550 4839 1697 4892 Romarsae
1715 4856 1799 4906 mam
1818 4840 1883 4893 reii-

179 4918 304 4985 pusillos
323 4926 349 4970 et
368 4934 491 4986 mapnos,
512 4926 538 4969 et
552 4919 652 4970 diuites
672 4927 697 4971 et
712 4936 861 4988 pauperes,
881 4920 1021 4973 etliberos
1048 4936 1165 4988 quacum
1188 4921 1409 4988 particularium
1436 4924 1629 4990 acolanorum,
1661 4924 1781 4993 petimus
1809 4933 1884 4980 certa

184 5009 209 5055 et
225 4997 333 5070 seruos,
356 5003 459 5056 habere
482 5005 672 5057 characterem
698 5005 727 5057 in
747 5006 849 5058 deutra
867 5023 951 5057 nnana
968 5022 1020 5057 usa
1047 5004 1131 5074 hujus
1149 5005 1318 5060 diversitatis
1336 5015 1364 5062 et
1380 5009 1517 5081 privilegii
1532 5008 1697 5072 testimonia,
1715 5027 1749 5064 ex
1762 5011 1883 5079 Scriptu-

184 5095 232 5140 aut
253 5090 283 5141 in
304 5090 449 5155 frontibus
466 5092 532 5144 suis.
568 5090 657 5159 Apoc.
682 5097 727 5159 11,
750 5108 776 5145 v.
793 5097 821 5146 2:
847 5089 917 5144 Cium
936 5106 1020 5143 risere·
1048 5089 1085 5143 ris
1110 5090 1158 5145 illa
1177 5092 1299 5145 nondum
1318 5098 1469 5162 potuerunt
1489 5095 1623 5149 hactenus
1640 5094 1767 5165 proferri.
1803 5095 1884 5151 Certe

183 5172 252 5224 trice
276 5173 331 5226 illa
354 5192 458 5245 mapna
476 5174 650 5239 (Antichristi
669 5175 772 5246 figura)
796 5176 939 5240 fornicati
957 5184 1021 5228 sunt
1047 5177 1189 5245 apostolus
1220 5179 1319 5233 eadem
1347 5196 1415 5233 cura
1443 5186 1471 5234 et
1496 5181 1672 5236 solicitudine
1698 5182 1734 5235 ds
1757 5181 1885 5237 Romana

182 5273 261 5324 repes
280 5267 371 5313 terrae
389 5269 416 5313 et
433 5261 568 5314 inebriati
583 5269 655 5329 sunt,
674 5262 725 5329 qui
741 5262 899 5315 inhabitant
916 5270 1021 5315 terram
1048 5260 1164 5318 ecclesis
1182 5269 1298 5319 uretur.
1333 5263 1414 5320 Rom.
1429 5270 1467 5332 11,
1486 5280 1512 5317 v.
1527 5272 1574 5320 tlt:
1589 5268 1648 5321 Per
1659 5269 1884 5322 increduiitatem

185 5343 220 5393 de
235 5345 299 5398 vino
316 5347 523 5413 prostitutionis
541 5348 610 5417 ejus.
640 5347 728 5418 Apoe.
752 5353 790 5415 18,
807 5364 834 5400 v.
849 5353 878 5404 ³:
899 5350 944 5400 De
955 5347 1019 5400 uiuo
1046 5350 1138 5412 fracti
1154 5359 1219 5404 sunt
1240 5349 1374 5414 (budaeil,
1390 5359 1422 5402 tu
1440 5366 1504 5401 oero
1517 5352 1580 5418 side
1598 5355 1757 5421 constitisti,
1775 5371 1810 5409 ne
1821 5356 1885 5425 effe·

183 5426 245 5482 irae
263 5433 443 5486 scortationis
462 5434 523 5504 ejus
541 5434 666 5487 biberunt
684 5450 778 5487 omues
796 5442 891 5501 pentes
906 5442 931 5487 st
943 5450 1022 5503 repes
1048 5436 1126 5489 raris
1143 5439 1246 5505 animo,
1269 5440 1359 5490 ι.21;
1379 5450 1444 5488 naus
1463 5436 1490 5487 si
1507 5437 1588 5491 Deus
1606 5441 1785 5559 natu‘ratibus
1797 5441 1885 5496 ramis
