4004 6022
161 196 227 301 '22
775 224 897 287 uoces
913 222 1118 285 vrmsusos
1134 222 1278 285 ramos

184 389 257 445 laec
294 384 413 442 lutheri
440 384 525 441 uerba
560 382 688 455 Cirpiius
720 392 746 439 et
782 384 1021 454 oecolampadius
1047 391 1153 440 auctor.
1202 381 1426 455 Respondemus:
1462 378 1534 437 ratio
1561 385 1658 437 renata
1687 375 1723 436 de
1757 377 1885 436 mamus

186 472 260 531 ethii
283 474 407 544 amptius
431 489 464 527 ec
483 473 543 527 Dei
555 472 638 527 cebo
652 471 789 541 proferre
810 478 836 525 et
851 471 1022 541 respondere
1046 466 1112 525 fidei
1135 475 1257 525 statuere
1274 476 1303 525 et
1316 467 1444 539 judicare
1462 467 1547 523 debet
1564 485 1598 523 ex
1614 466 1699 523 verbo
1717 465 1786 536 Dei,
1813 465 1886 522 alias

181 569 346 633 potueruut,
372 560 425 616 seii
444 562 486 614 ad
502 559 679 629 spiiopismos
699 566 726 613 st
741 558 880 613 humanae
894 556 1020 628 philoso-
1048 554 1149 611 desinit
1171 573 1231 612 esse
1254 562 1366 624 renata,
1391 558 1422 610 ut
1447 552 1615 610 ostendimus
1639 553 1669 608 in
1687 558 1768 609 tract
1787 551 1825 608 de
1842 551 1885 607 in·

183 648 271 718 phiec
302 648 446 702 aeionsota
477 662 535 700 sese
564 652 767 713 conuerterant,
799 643 873 701 Hist.
900 643 1021 714 August
1047 648 1117 714 terp.
1145 640 1306 712 Scripturas
1333 637 1360 716 ξ
1390 646 1447 697 tte.
1490 639 1616 695 Christus
1640 638 1725 695 dicit:
1753 639 1885 709 caespite,

185 732 304 791 confes.
329 750 395 805 pag.
416 738 473 789 120.
507 729 665 803 Wigandns
687 730 722 786 de
739 746 855 786 sacram.
875 728 896 786 f.
918 733 978 785 428.
995 743 1020 781 a
1047 728 1189 799 comedite,
1207 727 1259 782 hoc
1278 735 1318 781 est
1338 744 1441 797 eerprss
1459 744 1565 797 meum,·
1583 726 1607 780 si
1624 725 1695 782 ratio
1714 729 1813 782 cenna
1831 724 1886 780 hoc

185 818 379 892 Quodcunque
401 817 527 875 Christus
543 816 618 885 vult,
645 815 782 887 promittit
802 822 829 869 et
845 813 928 886 iecit,
950 813 1021 869 illud
1047 810 1150 870 Christi
1168 812 1283 870 verbnm
1301 829 1335 869 ex
1352 812 1409 868 suis
1426 811 1570 884 principiis
1590 812 1728 883 disputat,
1751 829 1809 869 non
1827 828 1886 867 am·

185 923 242 962 non
259 912 399 978 repugnat
415 903 679 960 veritati-humanae
699 902 785 974 ipsius
803 907 927 956 naturae.
964 898 1020 957 Sed
1046 900 1120 971 plius
1149 907 1247 957 renata
1275 905 1331 967 est,
1359 900 1408 957 sed
1434 916 1516 955 suum
1540 899 1665 973 sequitur
1684 899 1816 966 ductum,
1834 917 1887 954 sua

186 990 311 1048 Christus
329 991 390 1046 vult
409 996 437 1045 et
453 989 591 1062 promittit
608 989 675 1044 dare
693 993 722 1044 et
738 987 827 1043 datin
840 1004 926 1043 coena
939 1004 1020 1042 suurn
1045 986 1195 1058 principia,
1217 1004 1250 1044 ac
1273 994 1332 1043 tam
1350 1003 1406 1043 non
1425 985 1563 1043 audienda
1581 994 1637 1053 est,
1658 1004 1742 1061 quam
1760 1004 1818 1043 non
1835 1004 1885 1043 an·

185 1094 285 1149 corpus
329 1076 468 1133 mediante
505 1074 652 1131 benedicto
688 1090 761 1146 pane
787 1072 1020 1130 manducandum.
1047 1072 1100 1127 diri
1127 1071 1211 1129 dehet
1227 1072 1408 1146 philosophus
1426 1079 1523 1130 contra
1540 1073 1768 1131 resurrectionem
1784 1064 1888 1145 corpo¹

91 1172 95 1177 “
184 1162 260 1234 Ergo
277 1180 332 1218 non
347 1169 487 1234 repugnat
504 1160 614 1217 veritati
631 1158 769 1215 humanae
783 1166 906 1215 naturae.
930 1158 1021 1231 Major
1046 1176 1107 1213 rum
1133 1158 1279 1231 disputans
1305 1178 1338 1217 ex
1365 1158 1502 1233 principio
1528 1156 1576 1216 ilio
1600 1158 1731 1232 physico:
1761 1160 1886 1216 Nullum

183 1255 227 1306 est
250 1248 410 1319 manifeste,
433 1248 487 1303 nisi
509 1247 652 1303 Christum
672 1244 727 1301 sibi
749 1245 804 1318 ipsi
826 1262 887 1302 esse
911 1251 1019 1301 contra-
1046 1246 1238 1318 individuum,
1256 1248 1334 1317 guod
1348 1247 1434 1302 semsi
1455 1246 1574 1317 interiit,
1590 1246 1667 1301 idem
1683 1263 1800 1303 numero
1818 1249 1885 1301 red-

182 1335 255 1391 rium
270 1342 300 1392 et
314 1341 443 1391 naturam
461 1350 541 1390 suam
561 1350 613 1389 sna
631 1331 812 1404 promissione
829 1337 859 1388 et
874 1332 1020 1404 promisso·
1045 1333 1088 1387 s'rc
1111 1340 1212 1403 potest.
1253 1337 1279 1389 5.
1302 1334 1352 1399 At,
1378 1332 1520 1408 inquiunt,
1541 1333 1617 1388 ratio
1634 1341 1733 1389 ooatra
1747 1350 1884 1405 passsa-

182 1439 244 1476 rum
276 1422 507 1493 praestantiorum
535 1419 653 1476 veritate
682 1424 804 1474 evertere
835 1417 906 1474 velle
935 1417 1020 1489 impie
1045 1419 1114 1473 tiam
1139 1420 1351 1474 substantialem
1374 1419 1502 1491 corporis
1526 1417 1635 1473 Chresti
1657 1419 1689 1473 ia
1712 1436 1800 1474 coeca
1824 1421 1884 1474 die

184 1507 316 1563 damus.
360 1507 497 1563 Minorem
530 1504 650 1577 probant
682 1520 811 1575 expressa
840 1503 1020 1559 institutionis
1041 1513 1148 1575 putans
1171 1525 1227 1562 aaa
1251 1507 1350 1561 ιιίιίιιιν
1373 1506 1432 1560 suis
1450 1504 1619 1577 principiis,
1641 1506 1695 1560 sed
1714 1504 1884 1577 Scripturas

183 1591 277 1649 verba
313 1592 360 1650 Sic
384 1609 466 1649 verus
489 1591 572 1647 homo
594 1596 636 1647 est
661 1588 799 1660 Christus,
822 1598 853 1645 ut
876 1589 1018 1646 veracissi-
1041 1593 1235 1662 pronuntiatis
1258 1595 1294 1648 de
1318 1594 1437 1649 veritato
1459 1591 1588 1663 eorporis
1609 1591 1720 1647 Christi
1756 1590 1884 1664 Respon-

183 1697 260 1736 mum
278 1679 315 1735 sit
336 1696 367 1734 os
387 1678 501 1752 Christi,
518 1678 703 1751 praesentiam
721 1677 843 1748 corporis
860 1682 889 1732 et
907 1677 1018 1750 sangui·
1046 1678 1156 1734 demus:
1180 1696 1236 1734 non
1255 1679 1285 1735 in
1305 1697 1361 1737 uno
1379 1678 1469 1737 solum
1486 1678 1570 1735 debet
1587 1676 1684 1735 audire
1700 1678 1885 1751 Seriptnram,

86 1781 113 1824 x.
126 1765 227 1836 tanis
252 1763 296 1818 sui
317 1764 347 1819 in
369 1779 455 1820 coena
480 1762 721 1835 promittentis*
760 1762 819 1820 Nos
837 1762 929 1835 ,igion
951 1763 1018 1819 dici·
1046 1767 1120 1838 quod
1147 1767 1252 1823 scilicet
1277 1766 1402 1823 Christus
1427 1765 1531 1823 hebeat
1557 1782 1654 1823 verum
1682 1782 1802 1838 eorpus,
1832 1766 1885 1823 sed

184 1850 477 1922 mus,j11uiciumde
501 1867 567 1907 vera
590 1849 806 1905 contradictione
824 1849 854 1904 in
870 1848 936 1906 fidei
954 1851 1018 1906 arti·
1044 1854 1128 1909 etiam
1150 1853 1180 1908 in
1203 1853 1303 1919 altero,
1334 1853 1410 1928 quod
1434 1853 1542 1910 scilicet
1564 1869 1661 1908 rernm
1684 1850 1755 1908 illud
1779 1869 1885 1926 corpus

182 1937 252 1992 culis
269 1952 326 1992 non
343 1953 403 2012 esse
419 1936 647 1992 committendum
663 1936 764 1992 rationi
784 1935 933 2006 humanae,
952 1937 1019 2011 quia
1045 1938 1148 1996 Christi
1170 1941 1199 1996 in
1223 1958 1302 1996 sacra
1324 1957 1411 1997 coena
1429 1940 1466 1996 sit
1483 1955 1630 2012 praesens;
1651 1938 1779 1995 siunum
1799 1938 1885 1996 alteri

182 2023 272 2078 multa
301 2022 381 2079 nobis
410 2024 539 2080 videntum
570 2021 705 2095 dirivare,
737 2040 809 2096 quae
837 2028 931 2079 tamen
955 2022 1017 2079 Deo
1044 2043 1184 2098 opponere
1202 2027 1277 2091 velit,
1291 2044 1348 2082 non
1364 2026 1484 2099 amplius
1503 2030 1655 2082 estrensta
1665 2025 1745 2083 ratio.
1776 2024 1882 2093 Quem·

182 2109 260 2165 factu
284 2116 350 2165 sunt
369 2110 510 2166 facillima
545 2109 616 2166 Cum
640 2108 727 2165 Sarae
752 2109 893 2165 rideretur
912 2109 1017 2165 idciro-
1042 2110 1192 2167 admodum
1216 2130 1272 2168 non
1295 2118 1361 2168 sunt
1381 2111 1513 2169 audiendi
1537 2110 1694 2167 Manichaei
1716 2117 1746 2167 et
1761 2111 1883 2169 Martio·

182 2214 232 2251 sev
248 2196 277 2263 ip
296 2194 397 2252 effoeta
414 2201 506 2253 aetate
523 2196 644 2253 sterilem
659 2213 767 2267 parere,
785 2196 850 2269 quia
867 2197 905 2251 sit
920 2203 1017 2253 conua
1043 2197 1119 2254 nitse
1149 2205 1288 2271 negantes
1319 2199 1465 2254 veritatem
1496 2197 1619 2269 corporis
1651 2215 1685 2253 ex
1716 2215 1766 2268 eo,
1802 2199 1882 2272 qnod

181 2286 324 2348 nanuum,
347 2283 484 2339 rationem
507 2291 536 2340 et
557 2282 768 2354 experientiam,
790 2282 867 2339 Dens
892 2283 946 2354 ipsi
963 2283 1016 2338 hoc
1044 2282 1168 2339 Christus
1194 2302 1310 2356 corpore
1333 2301 1383 2339 sno
1401 2283 1551 2342 ambularit
1568 2301 1652 2356 super
1670 2302 1773 2358 aquas,
1801 2286 1880 2358 qnod

181 2369 299 2441 opponit
317 2368 416 2426 Genea.
436 2373 481 2436 18,
504 2386 531 2426 v.
553 2374 597 2425 lt:
616 2371 693 2425 Num
707 2354 798 2443 ⁸¹22,
815 2378 979 2441 separatu-m
997 2389 1015 2424 a
1041 2369 1132 2426 iactus
1155 2369 1240 2427 fuerit
1263 2370 1408 2427 invisibilis
1433 2377 1462 2428 et
1482 2369 1609 2443 pluribus
1626 2370 1656 2427 in
1672 2370 1741 2427 loeis
1758 2388 1815 2428 uno
1832 2389 1879 2428 eo·
1893 2382 1921 2423 x.
1932 2381 1955 2425 u

180 2457 296 2524 sirim
315 2456 436 2523 difficile
454 2456 498 2511 vel
517 2456 688 2526 impossibiie
708 2463 749 2510 cst
763 2458 826 2510 Deo
840 2457 1015 2527 quidpiam!
1042 2456 1160 2528 demque
1177 2463 1301 2529 tempore
1313 2474 1445 2529 praeseus
1462 2457 1512 2527 sit,
1531 2457 1571 2513 ita
1587 2473 1699 2531 quoque
1716 2474 1773 2513 non
1790 2456 1877 2514 debet

180 2541 230 2599 ubi
249 2542 278 2597 in
297 2541 382 2597 verbo
404 2543 467 2615 '¹33
487 2541 624 2612 emphasis
643 2549 699 2614 est,
723 2542 798 2617 quod
814 2542 906 2614 Deus,
931 2559 1015 2615 quac·
1040 2540 1131 2598 audiri
1148 2541 1270 2600 humana
1285 2543 1356 2600 ratio
1381 2549 1477 2600 contra
1500 2542 1687 2615 praesentiam
1702 2544 1826 2617 corporis
1845 2544 1877 2600 in

179 2646 289 2701 cunque
316 2628 444 2701 promisit
470 2644 504 2682 ac
529 2628 611 2697 dixit,
646 2637 789 2699 praestare
812 2629 896 2684 ctiam
917 2630 1014 2700 possit.
1040 2646 1128 2685 coena
1147 2629 1293 2701 disputans
1306 2646 1339 2686 ex
1349 2631 1466 2687 veritate
1478 2630 1615 2686 humanae
1627 2636 1752 2687 naturae.
1779 2637 1804 2688 e.
1819 2630 1877 2687 Res

179 2715 262 2771 tau
286 2721 317 2779 8,
343 2733 370 2771 v.
394 2720 423 2770 t:
451 2712 499 2768 Sic
520 2716 593 2767 dicit
609 2715 751 2768 Dominus
769 2716 952 2769 amedeum:
981 2716 1016 2770 Si
1041 2715 1126 2787 igitur
1144 2733 1176 2772 eo
1193 2717 1278 2772 redit:
1310 2716 1418 2775 axiam
1437 2716 1522 2786 illud,
1546 2733 1649 2787 corpus
1667 2717 1801 2773 naturaie
1820 2736 1877 2773 eor

178 2800 316 2869 difficile,
334 2800 377 2854 oei
394 2800 495 2853 minem
511 2798 542 2852 iss
559 2799 648 2855 oeulis
662 2799 767 2869 popuii
775 2800 863 2869 illim,
882 2820 919 2854 ars
930 2803 1014 2855 ettam
1041 2811 1080 2856 est
1101 2803 1184 2857 amul
1208 2812 1234 2856 et
1255 2804 1339 2858 renel
1363 2804 1394 2857 irs
1414 2803 1548 2872 pluribus
1572 2803 1642 2857 locis
1655 2820 1809 2875 praeseus,
1833 2810 1878 2861 est

178 2888 209 2942 ia
235 2886 325 2941 oculis
346 2886 415 2939 meis
438 2884 559 2954 difficile
581 2883 625 2938 uel
647 2885 749 2939 mirum
771 2886 882 2947 fuerit!
915 2885 1013 2942 Matth
1040 2888 1250 2959 pronuntiatum
1280 2886 1508 2960 philosophicum.
1551 2888 1636 2945 Valet
1661 2906 1728 2962 ergo
1759 2894 1789 2947 et
1811 2907 1878 2962 pro·

182 2978 228 3040 19,
249 2989 276 3028 r.
300 2976 348 3027 ιιι
378 2971 468 3041 Apud
491 2970 614 3025 homiues
637 2969 688 3024 hoo
709 2971 881 3039 impossihile
900 2980 940 3026 cst
960 2977 1013 3039 (aa
1039 2974 1114 3031 cedit
1141 2975 1170 3030 in
1196 2974 1380 3046 philosophie.
1424 2975 1494 3049 Agit
1521 2982 1615 3032 autem
1637 2976 1815 3049 philosophia
1838 2979 1876 3034 de

178 3059 283 3115 melum
299 3055 491 3129 perforamen
509 3071 578 3111 acus
595 3056 713 3129 trausire
730 3074 764 3112 ac
782 3056 895 3114 divitem
907 3057 1013 3115 salvum
1038 3077 1121 3116 cursu
1142 3066 1258 3115 naturae
1281 3060 1419 3117 ordinario
1440 3062 1499 3118 sive
1522 3060 1557 3118 de
1578 3064 1704 3135 potentia
1728 3064 1783 3120 Dei
1802 3064 1876 3120 ordi·

178 3142 264 3214 lieri),
297 3146 350 3199 sesi
383 3144 464 3215 apud
500 3143 594 3196 Deum
628 3143 721 3197 amaia
757 3151 821 3198 ιιιιιι
850 3146 1013 3213 possibilie.
1037 3147 1124 3203 naria
1161 3147 1251 3215 Quam
1269 3164 1333 3205 vero
1351 3147 1503 3203 absurdum
1520 3153 1564 3203 est
1580 3148 1687 3215 dicere,
1708 3148 1801 3207 Deum
1818 3167 1877 3207 non

176 3229 247 3287 tuo.
276 3238 304 3297 t,
334 3247 361 3289 v.
390 3235 436 3287 ³7:
471 3229 561 3298 Apud
585 3230 678 3282 Deum
699 3246 755 3282 acre
779 3238 818 3283 cst
843 3231 1012 3304 impossibiie
1037 3249 1119 3305 posse
1142 3233 1249 3306 aliquid
1274 3250 1359 3306 agere
1377 3251 1461 3305 supra
1478 3239 1620 3304 naturam,
1644 3241 1702 3290 tam
1718 3235 1803 3291 etiam
1825 3237 1876 3293 ab

163 3334 258 3379 ,omae
286 3317 407 3371 esbum.
441 3313 544 3386 Ephcs.
568 3319 598 3384 3,
621 3331 648 3370 v.
666 3319 714 3370 20:
749 3318 830 3371 Deus
850 3325 953 3387 potens
972 3327 1012 3373 cst
1037 3319 1152 3375 surdum
1185 3336 1219 3375 ex
1245 3320 1423 3392 pronuntiato
1451 3318 1505 3376 hoc
1530 3319 1721 3392 philosophico
1750 3323 1876 3395 corporis

177 3401 248 3478 ὑπὲρ
274 3403 367 3459 πάνια
386 3405 503 3471 ποιῆσαι
530 3398 765 3475 ὑπερεκπερισσοῦ
790 3390 829 3458 ὧν
857 3401 1011 3478 αἰτούμεθα
1038 3405 1140 3461 Christi
1164 3406 1350 3477 praesentiam
1374 3423 1408 3462 ex
1435 3423 1515 3462 sacra
1537 3422 1624 3462 coena
1640 3407 1794 3465 excludere
1830 3406 1877 3464 ux

178 3489 196 3560 ἢ
218 3493 354 3566 νοοῦμεν,
377 3490 642 3560 superabundanter
656 3490 725 3559 pius
747 3498 897 3560 praestare
909 3500 1011 3563 potest,
1038 3492 1139 3564 quibus
1159 3491 1287 3548 omnibus
1304 3498 1391 3565 patet,
1407 3508 1464 3548 non
1482 3491 1605 3547 dubitari
1624 3491 1659 3549 de
1677 3493 1793 3549 veritate
1810 3513 1876 3567 pro-

178 3579 404 3649 prompsimus
427 3584 476 3630 aut
498 3576 691 3646 iatciiipimus.
735 3575 777 3631 Ex
795 3577 839 3632 his
856 3578 938 3633 dictis
956 3597 1011 3634 ma·
1037 3578 1205 3650 positionum
1230 3579 1259 3633 in
1282 3578 1458 3652 syllogismo,
1483 3577 1532 3635 sed
1549 3579 1584 3634 dc
1600 3576 1729 3652 principii
1752 3580 1876 3653 applica·

178 3662 387 3721 niisstimimum
415 3669 470 3732 est,
494 3663 631 3733 judicium
654 3663 689 3719 de
712 3680 777 3718 vera
795 3665 1013 3722 contradictione
1037 3666 1120 3723 tione.
1156 3665 1220 3724 Non
1243 3665 1399 3737 quaeritur,
1424 3684 1461 3721 an
1483 3683 1534 3737 per
1553 3671 1682 3721 naturam
1700 3665 1761 3723 fieri
1776 3669 1877 3739 possit,

178 3749 208 3804 in
238 3748 305 3804 fidei
333 3748 457 3804 articulis
485 3764 541 3802 non
574 3764 634 3804 esse
662 3749 888 3806 committendum
912 3752 1012 3807 rationi
1039 3759 1069 3806 ut
1086 3768 1187 3824 corpus
1203 3769 1289 3806 unum
1309 3751 1346 3806 sit
1364 3751 1393 3807 in
1410 3751 1538 3824 pluribus
1554 3751 1635 3822 locis,
1653 3769 1704 3809 nee
1722 3753 1876 3825 quaeritur,

178 3833 332 3906 hnmanae,
354 3834 405 3891 sed
429 3852 463 3890 ex
487 3834 632 3904 Scriptura
649 3835 828 3889 statuendum
845 3852 918 3906 esse,
942 3854 1012 3909 quae
1039 3855 1075 3892 an
1096 3837 1198 3894 Christi
1220 3853 1321 3909 corpus
1341 3838 1378 3894 sit
1394 3857 1490 3894 verum
1508 3855 1623 3910 eorpus,
1648 3838 1697 3894 sed
1718 3837 1771 3896 hoc
1789 3857 1875 3915 quae·

179 3938 243 3979 sere
261 3922 319 3976 sint
337 3921 568 3989 contradictorias
588 3921 650 3990 jam
668 3935 733 3974 vero
745 3919 888 3992 Scriptura
908 3928 1012 3979 utrum·
1038 3923 1121 3993 ιίιιιι,
1158 3941 1195 3978 an
1226 3922 1269 3978 his
1300 3924 1427 3979 omnibus
1455 3923 1593 3980 concessis
1625 3930 1701 3981 recte
1729 3924 1876 3996 mserum,

178 4024 233 4082 que
255 4008 368 4077 asserit,
392 4005 660 4063 Christum.scilicet
677 4004 781 4061 habere
797 4023 894 4063 serum
912 4025 1013 4082 corpus
1038 4008 1129 4065 Deum
1152 4026 1208 4064 non
1232 4025 1315 4081 posse
1339 4009 1446 4075 tacere,
1475 4016 1507 4064 ut
1529 4028 1625 4067 verum
1649 4010 1749 4067 Christi
1773 4029 1876 4085 corpus

176 4093 307 4167 idemque
323 4093 353 4149 in
372 4110 460 4150 coena
479 4091 560 4148 nobis
579 4090 805 4146 manducandum
823 4093 900 4164 dari,
923 4098 1011 4165 capti·
1037 4095 1124 4151 sitin
1148 4111 1233 4150 coena
1256 4096 1408 4167 praesens?
1447 4095 1476 4153 Si
1504 4096 1594 4153 dieas:
1627 4102 1727 4153 natura
1751 4099 1875 4171 corporis

175 4199 268 4237 eamus
292 4198 359 4251 erpo
384 4168 593 4235 rationem'sub
610 4178 769 4247 obsequium
787 4179 870 4248 fidei,
906 4187 929 4237 2.
948 4181 1009 4237 Cor.
1022 4181 1067 4267 tid
1094 4198 1150 4236 non
1180 4181 1315 4251 admittit,
1339 4192 1381 4239 est
1405 4182 1479 4238 enim
1504 4180 1629 4254 finitum;
1658 4201 1775 4257 quaero:
1797 4185 1875 4241 unde

178 4275 223 4338 10,
249 4286 276 4325 u.
297 4275 321 4327 5,
346 4274 375 4323 et
402 4267 499 4322 demus
524 4262 617 4322 verbis
638 4264 700 4336 ejus
717 4262 791 4318 huno
808 4263 953 4337 honorem,
979 4273 1012 4322 ut
1037 4267 1109 4323 sciet
1141 4274 1215 4323 certe
1244 4285 1277 4324 cx
1303 4266 1370 4323 solis
1396 4267 1540 4340 principiis
1564 4270 1685 4327 rationis.
1728 4268 1876 4342 Scriptura

174 4354 335 4420 credamus,
363 4353 467 4426 ipsum,
493 4351 568 4425 quod
591 4349 732 4422 promisit,
754 4357 897 4421 praestare
920 4370 1010 4424 posse,
1036 4353 1109 4410 enim
1126 4352 1254 4424 nuspiam
1271 4352 1324 4409 hoc
1342 4354 1452 4422 merit,
1476 4355 1551 4426 qnod
1570 4354 1727 4427 praesentia
1744 4356 1774 4412 in
1791 4373 1875 4413 saera

176 4441 253 4523 qnod
279 4457 335 4495 non
360 4439 411 4494 dat
435 4438 557 4511 eorporis
582 4437 753 4509 proprietas,
788 4438 819 4492 id
840 4438 889 4494 dat
906 4438 1009 4495 Christi
1035 4456 1122 4496 coena
1144 4443 1252 4512 pugnet
1275 4455 1338 4493 cum
1362 4438 1478 4495 veritate
1504 4440 1639 4512 corporis,
1659 4441 1798 4514 quinimo
1814 4459 1874 4498 non

176 4525 372 4599 omnipotentis
393 4525 504 4581 veritas.
544 4528 570 4578 4.
588 4523 642 4591 At,
669 4523 812 4594 inquiunt,
840 4525 1009 4594 distiapucn-
1035 4526 1124 4582 solum
1146 4525 1200 4581 hoc
1225 4542 1280 4579 non
1299 4525 1377 4594 dicit,
1405 4525 1454 4581 sed
1473 4526 1557 4581 etiam
1576 4526 1747 4584 contradicit
1781 4526 1873 4585 Vides

176 4614 245 4667 dum
274 4621 314 4668 cst
338 4613 411 4666 iuter
430 4612 570 4665 rationem
594 4617 723 4662 renatam
746 4618 772 4661 ct
787 4628 852 4665 ‹aors
873 4620 1009 4666 resectam.
1034 4628 1102 4684 crgo
1131 4610 1257 4667 ultim
1288 4610 1445 4682 argumenti
1472 4611 1682 4682 resolutionem,
1713 4613 1805 4669 redire
1833 4614 1872 4669 ad

176 4697 293 4766 Quaerit
309 4697 456 4761 Bucanus,
478 4715 543 4750 aum
563 4695 671 4749 rationi
687 4694 826 4748 humanae
846 4704 871 4748 et
884 4696 1010 4767 phdoeo·
1034 4699 1242 4770 pronuntiatum
1265 4714 1298 4753 ex
1321 4696 1458 4769 principio
1477 4698 1591 4754 rationis
1612 4698 1763 4755 deductum
1781 4702 1871 4771 atque

170 4786 261 4854 phiec
273 4783 428 4855 principiis
447 4784 477 4836 ia
495 4781 548 4852 iis,
569 4798 641 4851 guas
659 4789 823 4835 asseruntur
840 4782 875 4834 dc
893 4799 1010 4852 corpore
1034 4782 1105 4839 illud
1136 4782 1239 4854 opponi
1271 4782 1362 4839 verbis
1392 4782 1492 4838 Christi
1524 4784 1552 4839 in
1575 4784 1748 4841 institutione
1772 4802 1871 4843 saone

176 4868 299 4940 Christi,
323 4873 360 4925 sit
378 4870 468 4940 plesse
492 4869 705 4937 irrependum!
729 4865 776 4920 cui
795 4866 949 4938 quaestioni
968 4885 1008 4924 re·
1035 4885 1137 4925 coenae
1158 4866 1281 4940 prolatis.
1323 4876 1347 4927 t.
1375 4868 1413 4927 Ut
1437 4876 1529 4927 autem
1554 4868 1709 4926 evidentius
1727 4879 1872 4943 appareat,

175 4956 296 5027 spondet
319 4955 448 5029 negative
472 4971 500 5025 p.
530 4957 593 5009 111:
625 4952 769 5016 Quatenus
790 4954 866 5008 ratio
886 4954 1009 5008 humeae
1034 4971 1091 5010 non
1115 4953 1217 5010 debere
1242 4954 1346 5026 opponi
1368 4955 1546 5026 pronuntiata
1568 4955 1760 5028 philosophica
1777 4958 1871 5016 verbis

171 5051 239 5113 pest
265 5043 505 5114 regenerationem
530 5039 690 5110 spiritualis
704 5040 793 5108 sacta
816 5056 910 5094 oerum
934 5041 1009 5096 testi·
1035 5038 1149 5107 Christi,
1167 5039 1292 5112 expende
1312 5041 1381 5097 haec
1400 5042 1521 5114 ipsorum
1540 5042 1761 5099 advmsariorum
1779 5043 1871 5102 dieta:

175 5129 297 5183 monium
326 5129 463 5183 cremaris
493 5125 623 5195 perhibet
653 5134 679 5179 et
708 5144 775 5181 esra
800 5126 947 5197 principia
973 5130 1009 5183 de
1036 5126 1166 5183 Calvinus
1188 5125 1252 5182 libr.
1281 5133 1305 5185 3.
1327 5128 1413 5185 instit.
1439 5147 1462 5186 c.
1489 5134 1531 5183 23.
1557 5135 1623 5183 sect.
1648 5136 1681 5186 4:
1714 5129 1871 5202 Iudipaum

174 5214 291 5269 humaui
323 5215 450 5285 corporis
478 5213 608 5283 propriis
639 5214 748 5268 asseri.
798 5211 940 5284 Scrs'ptmu
969 5224 1010 5269 cst
1033 5221 1074 5268 est
1101 5214 1142 5267 ad
1167 5230 1228 5268 eam
1247 5214 1334 5282 iopam
1353 5214 1413 5269 Dei
1429 5232 1516 5285 opera
1534 5215 1676 5285 radipert,
1701 5223 1733 5270 ut
1750 5216 1872 5274 simulw

175 5300 264 5369 euim,
291 5318 326 5353 ae
349 5302 411 5355 sitia
436 5300 509 5354 secte
531 5314 618 5370 equus
643 5307 668 5352 et
686 5301 758 5354 εἰοιιι
781 5301 887 5370 mulus,
910 5302 1008 5371 quibus
1034 5317 1128 5355 sonem
1146 5299 1222 5354 ratio
1240 5301 1319 5355 uobis
1339 5321 1395 5357 stoa
1413 5301 1581 5370 constiterit,
1605 5302 1765 5372 improbare
1782 5307 1872 5361 oude-

174 5404 231 5441 aon
249 5393 289 5440 est
307 5387 462 5441 intellectus
480 5384 583 5440 Psalm.
598 5390 640 5450 32,
654 5402 680 5443 r.
699 5392 724 5441 ιι.
743 5395 768 5440 et
784 5396 936 5457 praeterea
952 5406 1008 5442 om·
1034 5404 1121 5440 amre.
1157 5382 1257 5442 Sadeel
1275 5387 1305 5441 in
1320 5387 1438 5458 praefat.
1455 5403 1531 5458 oper.
1546 5385 1666 5460 theolog.
1686 5387 1721 5444 de
1737 5388 1871 5450 methodo

174 5473 220 5531 ais
238 5472 363 5529 ematis
381 5473 411 5528 ia
429 5472 545 5545 logiam
567 5471 665 5528 ethicis
681 5479 707 5527 et
718 5471 849 5543 physicis
869 5474 951 5530 Deus
968 5481 1008 5529 est
1034 5471 1210 5544 disputandi:
1232 5468 1295 5529 Nos
1319 5475 1356 5529 de
1379 5474 1521 5545 theoiopia
1548 5491 1580 5529 ec
1595 5475 1748 5547 principiis
1766 5476 1871 5535 erote
