4004 6022
735 281 785 339 DE
804 280 927 341 SACRA
945 278 1079 339 COENA.
1685 287 1745 348 205

46 439 112 500 hoc
142 441 234 514 capite
259 440 312 498 erit
337 439 435 513 sopite.
477 448 501 498 t.
522 439 552 497 Si
569 440 664 496 liceret
682 440 734 496 hac
753 440 833 495 modo
851 440 889 493 in·
918 437 1032 508 cipiens.
1072 440 1110 492 Et
1132 438 1217 491 aliud
1237 435 1350 506 quando
1371 442 1496 491 eandum
1516 433 1604 490 σι’ὂιιιη
1622 436 1748 508 altareque
1831 436 1834 441 ’

50 529 147 586 terte:
185 528 311 584 Christus
342 528 371 583 in
398 527 564 583 eucharistia
593 532 635 583 est
663 544 727 582 vers
754 542 891 597 praesens,
918 524 1108 593 incorruptum
1137 523 1243 592 accipis
1273 524 1385 592 epulsun
1410 528 1463 578 ete.
1505 521 1536 581 u·
1557 521 1689 579 valuisset
1706 539 1748 578 sa·

51 631 130 686 ergo
148 619 349 670 sacramentum
365 613 458 686 ipsum
475 618 517 669 est
534 613 721 682 adorandum,
741 617 834 683 posset
848 627 891 666 eo·
917 619 1085 666 crumentum
1110 610 1232 678 adorari,
1258 607 1392 664 adorandi
1414 607 1497 663 etism
1514 615 1606 665 mont
1623 608 1749 665 ecclesis-

54 700 126 754 dem
147 701 230 755 modo
253 698 361 755 interm:
391 699 493 755 Christi
516 715 614 769 corpus
629 698 720 769 jacuit
738 698 766 751 in
784 713 892 767 praese·
917 714 977 750 rum
994 694 1139 752 antistites.
1175 696 1254 751 Idem
1271 694 1341 751 hom.
1366 703 1387 750 1.
1404 695 1433 750 in
1453 694 1568 752 divera:
1589 695 1647 750 Per
1665 712 1748 750 eoam

53 786 107 858 pic
124 784 194 841 Luc
214 792 237 853 2,
254 804 278 840 v.
304 790 341 841 16.
360 784 389 839 iu
407 784 511 857 gremia
529 784 625 838 matris
643 784 748 838 illarius
760 781 857 837 Matth.
868 788 892 850 2,
916 783 1081 851 pelistorum
1105 789 1131 835 et
1151 782 1342 850 apostolorum
1356 781 1614 852 praedirbtionem,
1633 799 1689 852 per
1705 782 1751 836 sui

55 888 82 926 v.
109 878 149 929 11.
171 872 259 927 estin
279 871 369 944 coelat
396 887 462 943 ergo
488 887 621 942 praesepe
639 872 782 926 adoratum
802 867 892 924 fuita
917 868 1011 922 saneti
1033 869 1160 938 eorporis
1179 876 1205 921 et
1223 867 1369 936 sanpuinis
1389 875 1593 921 samamentum
1609 868 1750 922 nobiseum

53 957 219 1030 pastoribus
245 955 495 1020 Bethlehemiticis,
522 956 657 1029 gremium
681 957 777 1011 matris
800 972 818 1009 a
836 971 891 1008 ma·
920 957 998 1009 Deus
1023 963 1048 1009 st
1072 957 1113 1008 ad
1129 973 1180 1008 nos
1200 962 1283 1023 atque
1304 955 1333 1007 in
1349 953 1437 1008 nobis.
1474 951 1505 1009 si
1523 959 1669 1024 propterea
1685 954 1750 1009 ado·

55 1045 104 1119 gis
128 1043 321 1112 orientalibus,
344 1043 450 1098 coelum
472 1042 603 1099 adoratur
621 1059 638 1098 s
655 1042 742 1098 nobis.
777 1040 892 1096 Inauem
917 1040 1033 1096 randum
1052 1047 1124 1097 emet
1141 1044 1358 1108 sacramentum,
1385 1038 1451 1110 quia
1468 1057 1518 1112 per
1537 1038 1608 1094 illud
1625 1036 1750 1097 Christus

55 1129 148 1203 igtur
172 1146 285 1201 operam
306 1128 490 1184 Bellarmiuus
514 1131 612 1199 sumit,
637 1128 777 1184 Christum
799 1127 827 1181 in
846 1144 891 1181 eu·
918 1127 954 1182 sd
972 1145 1021 1183 nos
1040 1128 1123 1193 venit,
1143 1127 1286 1182 adoranda
1304 1127 1388 1182 edam
1401 1129 1473 1184 toret
1483 1126 1652 1198 praedicatio
1665 1127 1749 1199 verbi,

56 1215 194 1272 munus
217 1214 387 1270 adorandum
413 1231 474 1269 esse
498 1213 632 1286 probans,
655 1215 730 1286 quod
746 1231 826 1269 nemo
846 1229 891 1267 no·
917 1231 967 1284 per
993 1232 1076 1286 quam
1095 1213 1191 1269 itidem
1210 1214 1246 1268 ad
1266 1232 1315 1270 nos
1338 1213 1430 1269 venire
1447 1213 1586 1270 asseritur.
1628 1212 1749 1287 Cyrillus

56 1310 149 1358 snam
178 1310 277 1375 negat,
307 1301 356 1357 sed
382 1318 481 1372 panem
505 1307 695 1356 consecratum
722 1299 892 1355 sdomndum
919 1299 1023 1357 camah.
1049 1306 1073 1357 b.
1097 1307 1216 1372 mystsg.
1237 1300 1332 1370 jubet,
1356 1308 1386 1353 ut
1399 1299 1475 1368 fisso
1493 1316 1566 1369 penu
1584 1307 1611 1355 et
1627 1301 1750 1353 adoran

57 1406 130 1453 esse,
147 1389 321 1461 probandum
339 1396 413 1457 erat,
437 1393 465 1442 et
485 1388 596 1459 quidem
615 1388 698 1443 etiam
717 1394 795 1442 extra
813 1403 892 1440 usum
919 1386 988 1440 tium
1014 1389 1044 1441 in
1068 1404 1171 1441 morem
1197 1375 1340 1441 accedant
1352 1387 1393 1439 ad
1411 1385 1609 1440 cimbaristiam
1632 1387 1694 1453 (uec
1711 1384 1751 1439 in·

58 1492 78 1532 s
99 1475 209 1531 Christo
228 1475 393 1530 institutum.
920 1480 1027 1528 ternam
1045 1473 1234 1529 ademtionem
1251 1472 1288 1528 sd
1309 1470 1448 1528 Christum
1469 1471 1615 1541 directam,
1638 1488 1689 1527 nec
1706 1487 1749 1526 ex·

97 1567 158 1618 208.
175 1561 254 1617 Idem
268 1559 406 1631 judicium
418 1561 453 1616 de
466 1560 545 1617 dictis
558 1567 677 1631 patrum,
695 1559 731 1614 sd
747 1575 819 1631 quse
830 1557 892 1612 Bel·
921 1568 1026 1614 ternum
1046 1559 1227 1616 reverentiam
1244 1558 1443 1629 improbamus,
1468 1563 1500 1612 ut
1516 1575 1549 1614 ex
1565 1556 1751 1629 superioribus

10 1629 32 1711 i.
59 1645 196 1702 lsrminus
217 1663 268 1701 nos
284 1647 406 1702 remittit
442 1645 593 1718 Dionysius
611 1646 748 1718 Areopsg.
770 1645 805 1699 de
823 1643 893 1699 hier·
919 1653 1015 1717 patere
1032 1651 1142 1719 potest).
1179 1645 1343 1703 Ambrosius
1361 1645 1422 1701 libr.
1440 1650 1464 1702 3.
1483 1645 1518 1701 de
1534 1643 1605 1716 Spir.
1623 1663 1645 1699 s.
1662 1661 1685 1701 c.
1706 1650 1750 1701 12:

10 1733 38 1815 a,
62 1732 139 1791 arcln
157 1739 222 1790 ab:
244 1732 461 1788 Odioinissima
479 1740 504 1786 et
520 1750 605 1786 saera
618 1731 780 1795 ceremonia,
794 1728 894 1798 relisi,
922 1735 1050 1788 Adorate
1077 1735 1229 1789 scabellum
1256 1735 1362 1804 pedum
1387 1733 1458 1802 ejus.
1500 1731 1659 1787 scabellum
1684 1749 1751 1786 care

63 1822 177 1874 edessio
204 1820 284 1875 nobis
300 1821 452 1889 perspicue
472 1819 591 1872 obducta
612 1816 664 1870 tibi
676 1835 728 1888 per
745 1818 827 1886 sepau
849 1817 893 1871 ob·
923 1819 1041 1889 Christi,
1073 1839 1157 1890 quam
1180 1820 1318 1890 lodiepus
1342 1821 1372 1873 in
1398 1818 1534 1888 mysteriis
1555 1820 1708 1873 adoramus
1727 1824 1753 1872 et

62 1906 236 1970 seuntatum,
245 1905 278 1959 rel
291 1904 460 1981 προκιιμειιέ
472 1920 515 1959 σοι
530 1906 700 1973 συμβολικῶς
712 1902 893 1980 ἆμᾳιέσματα
920 1925 1003 1976 msam
1028 1905 1154 1975 apostoli
1176 1906 1206 1959 in
1233 1905 1356 1960 Domino
1380 1904 1452 1959 Jesu
1474 1907 1640 1959 adorarunt.
1679 1902 1753 1959 Huic

10 1991 115 2048 ⁸lusis
134 1991 316 2064 αἰνιγμάτων,
339 2000 366 2046 et
386 1991 528 2060 sinpulari
545 1991 648 2045 lumine
666 1993 763 2046 mentis
781 2002 893 2046 nostrae
920 2000 1053 2048 consonat
1075 1991 1145 2047 illud
1170 1991 1322 2064 Augustini
1348 1990 1377 2045 in
1401 1990 1505 2048 Psalm.
1531 1995 1580 2048 98:
1620 1989 1753 2051 Converte

64 2081 156 2134 oraim
175 2080 270 2149 imple.
307 2078 494 2151 Pschymeres
518 2077 547 2132 in
566 2076 643 2132 illum
669 2077 775 2132 lacum:
814 2078 891 2133 Cerc-
920 2097 961 2133 me
987 2081 1028 2134 ad
1054 2079 1194 2135 Christum
1220 2087 1246 2132 et
1273 2078 1396 2143 invenio,
1422 2078 1560 2146 quomodo
1580 2077 1640 2131 sine
1657 2076 1752 2146 impie·

14 2180 21 2185 ’
62 2167 183 2222 moniam
200 2167 272 2221 bane
289 2165 445 2236 alloquatur
462 2182 496 2218 ae
514 2166 541 2219 si
558 2163 686 2218 animata
701 2165 752 2228 sit,
775 2163 842 2238 αὐτῇ
858 2162 893 2225 ὠς
919 2174 975 2220 tate
994 2167 1130 2220 adoretur
1145 2173 1223 2219 terra
1243 2164 1397 2219 scabellum
1415 2165 1519 2234 pedum
1538 2162 1674 2230 Domini,·
1693 2181 1752 2217 siss-

63 2251 179 2327 ιμψύχῳ
197 2254 360 2323 διαλέγεται,
380 2259 406 2306 et
424 2271 478 2306 non
498 2253 548 2305 abs
566 2269 610 2320 re,
629 2248 752 2315 εἰκότως,
772 2259 801 2304 ut
822 2250 891 2305 Gre·
919 2254 991 2323 cepit
1008 2254 1080 2308 enim
1099 2253 1363 2321 deterrumum,
1385 2252 1454 2320 quia
1474 2270 1542 2306 caro
1565 2254 1600 2306 de
1617 2259 1696 2306 terra
1712 2259 1752 2305 est

61 2343 157 2409 sorim
180 2339 348 2407 Teutonus:
378 2339 545 2394 Osanctum
568 2346 594 2392 et
613 2356 742 2406 mapnum
764 2339 892 2408 pesclo,
919 2349 944 2394 et
970 2342 1004 2394 de
1030 2357 1116 2395 earne
1136 2342 1254 2396 itariae
1277 2357 1389 2394 carnem
1412 2340 1526 2410 accepit.
1567 2341 1606 2394 Et
1632 2339 1700 2410 quia
1721 2339 1751 2393 in

61 2436 82 2480 et
101 2425 247 2497 ejusmodi
263 2442 346 2479 saera
366 2425 523 2479 cerenons'a
541 2425 681 2479 Dominus
701 2432 794 2493 noster
807 2424 892 2478 desae
918 2428 981 2496 ipsa
1014 2444 1099 2481 carne
1132 2427 1176 2480 lsic
1200 2425 1351 2481 ambulavit
1374 2434 1400 2480 et
1425 2426 1516 2496 ipsam
1539 2442 1651 2481 cassum
1673 2425 1752 2480 nobis

61 2513 198 2581 Christsss,
216 2513 257 2566 ad
273 2528 352 2581 quem
369 2528 521 2567 emmonem
540 2512 629 2566 babet.
666 2509 816 2582 Dionysius
833 2510 892 2580 ipsc
920 2515 1145 2567 manducandam
1164 2512 1340 2567 adsalutem
1359 2513 1544 2575 destituens
1564 2520 1656 2567 autem
1670 2510 1752 2567 illam

55 2596 140 2656 ibin:
160 2599 252 2654 Multi
268 2615 336 2653 sane
353 2599 383 2652 in
402 2598 465 2653 sola
484 2599 581 2652 diuino
599 2598 724 2666 symbola
742 2597 892 2664 intucatur,
919 2617 1030 2654 carnem
1050 2601 1217 2667 manducat,
1236 2599 1295 2653 nisi
1307 2601 1391 2670 prius
1411 2599 1590 2668 adoraverit,
1615 2600 1752 2653 inuentum

55 2695 86 2741 at
114 2687 177 2756 ipss
208 2686 324 2740 aetates
346 2685 442 2739 diuino
468 2683 581 2752 Spiritu
604 2683 635 2737 in
660 2683 724 2752 ipsa
743 2683 892 2752 principia
918 2693 971 2752 est,
999 2687 1136 2755 quamodo
1162 2686 1299 2739 adoretur
1322 2685 1379 2741 tale
1398 2686 1549 2740 scabellum
1565 2687 1672 2756 pedum
1691 2686 1753 2739 Do·

51 2789 169 2835 eorum,
194 2788 266 2842 quae
292 2771 482 2838 celebrantur,
498 2777 633 2839 perpetuo
649 2771 750 2835 fertur.
786 2767 890 2824 Eadem
918 2772 988 2825 mini
1015 2780 1042 2825 et
1064 2790 1120 2825 non
1148 2772 1238 2826 solum
1261 2789 1318 2825 non
1335 2789 1482 2841 peccemus
1506 2773 1672 2835 adoranda,
1701 2771 1775 2824 ssd·

51 2857 255 2932 προσφωνήσει
282 2856 419 2913 rhetorica
444 2857 532 2912 utitur
558 2855 720 2911 Ambrosius
744 2855 817 2911 circa
842 2854 890 2911 be·
917 2859 1000 2911 etiam
1012 2875 1158 2928 peccemus
1177 2877 1234 2912 non
1251 2859 1410 2916 adorando.
1445 2859 1496 2927 (st
1513 2857 1576 2930 quis
1593 2862 1678 2930 negat
1692 2873 1751 2911 car·

47 2943 519 3018 ptism.lib.10.inLuc.e.22:
544 2945 665 3014 Osqua,
685 2943 889 3013 montumano
916 2961 978 2999 nem
1002 2943 1104 3000 Christi
1127 2944 1316 3001 adorandam?
1350 2944 1498 3000 adoramus
1522 2962 1583 3001 eam
1609 2943 1639 2997 in
1662 2959 1751 2998 sscrs·

50 3033 227 3102 adspersum
256 3033 406 3101 sanquine,
435 3038 466 3084 ut
492 3031 683 3100 praesentium
714 3030 890 3083 laeamosum
915 3039 1021 3096 menta,
1044 3031 1093 3088 sed
1117 3036 1229 3088 externa
1255 3030 1419 3086 sacramenti
1437 3031 1563 3103 symbols
1579 3048 1635 3086 nan
1654 3031 1750 3085 adore·

47 3121 153 3188 fipura
162 3119 355 3186 presumeret,
373 3116 466 3171 orbem
479 3124 616 3170 terrarum
629 3116 740 3170 lausai
771 3117 890 3186 Osqua,
916 3137 984 3174 mus.
1019 3118 1104 3190 Apud
1123 3117 1348 3190 chrysostomum
1370 3118 1398 3173 in
1424 3117 1509 3173 Marc.
1528 3117 1600 3173 hom.
1620 3121 1661 3173 13.
1680 3117 1749 3170 ado·

52 3222 132 3277 (μαι
156 3213 359 3259 remanentem
380 3202 486 3258 Cbristi
507 3219 564 3257 esse
589 3203 730 3271 meruisti,
755 3220 826 3273 quae
846 3204 890 3257 lo·
916 3214 997 3259 ratur
1027 3203 1153 3259 Christus
1185 3204 1215 3258 in
1246 3205 1397 3275 baptismo;
1439 3204 1514 3276 apud
1548 3202 1749 3275 Hieronymum

53 3311 109 3348 nas
129 3291 232 3359 omnia
250 3308 299 3344 nec
317 3290 433 3345 lavaris
470 3289 510 3345 At
538 3306 604 3343 num
626 3295 774 3360 propterea
789 3306 889 3361 aquam
916 3290 994 3361 epist.
1017 3297 1060 3346 tu:
1080 3290 1177 3345 Paula
1195 3309 1256 3345 cum
1275 3291 1366 3359 masis
1379 3291 1472 3344 Deum
1486 3306 1606 3359 puerum
1621 3289 1651 3342 in
1661 3303 1748 3358 prae·

57 3378 200 3448 aderaut,
222 3382 271 3433 eut
289 3393 388 3450 squam
406 3375 435 3429 in
451 3373 553 3430 Christi
572 3375 735 3447 sanguinem
750 3377 890 3431 transsub·
916 3377 993 3446 sepio
1020 3379 1141 3445 adorat,·
1169 3394 1236 3431 num
1267 3393 1331 3431 vero
1359 3381 1507 3447 prepterea
1528 3374 1682 3447 baptismus
1704 3372 1749 3430 vel
1847 3410 1856 3431 ι

59 3464 220 3522 amenum
243 3461 380 3519 credidit?
415 3460 565 3534 Gregorius
587 3461 718 3519 Nazianz.
738 3461 767 3517 in
786 3463 892 3533 pascha
915 3478 1049 3535 praesepe
1065 3462 1230 3529 adoraturi)
1268 3461 1405 3517 Eusebius
1424 3460 1560 3519 Emissen.
1579 3461 1650 3517 hom.
1670 3468 1694 3518 5.
1713 3460 1749 3515 de
1839 3450 1843 3457 ’

61 3559 129 3609 erat.
143 3557 167 3607 2.
185 3550 213 3606 in
230 3550 301 3606 fine:
322 3547 471 3618 Opasclia,
490 3567 619 3617 mapsam
632 3549 746 3616 inquam
761 3557 890 3603 ctsaero-
916 3549 1026 3621 pasch:
1064 3549 1132 3604 Cum
1151 3551 1334 3603 reverendum
1354 3549 1448 3604 altare
1463 3548 1532 3603 cibis
1551 3548 1748 3619 spiritualibus

61 3648 187 3695 sanetum
202 3639 318 3707 pascha,
338 3637 474 3705 totiusque
491 3635 589 3688 mundi
601 3636 761 3704 piaculum,
778 3644 803 3689 te
817 3638 889 3690 enim
915 3637 1063 3691 satiandus
1093 3636 1259 3705 adscendit,
1289 3654 1401 3689 sacrum
1435 3636 1495 3690 Dei
1523 3636 1566 3689 tui
1593 3651 1694 3705 corpus
1723 3642 1748 3688 et
1845 3682 1848 3687 .

62 3727 144 3796 quasi
161 3726 218 3778 uita
231 3724 396 3793 praeditum
408 3721 548 3791 alloquor,
569 3720 605 3782 air
616 3719 749 3794 ἐμψύχῳ
767 3722 796 3775 in
808 3738 890 3793 quem
915 3723 1076 3792 sanquinem
1091 3722 1150 3792 fide
1169 3722 1290 3792 respice,
1309 3721 1426 3791 tonora,
1445 3723 1563 3790 mirare,
1581 3729 1668 3775 mente
1687 3737 1749 3774 con·

61 3810 151 3866 lacum
175 3812 214 3864 sic
238 3816 437 3866 commentatur
459 3806 571 3862 Nicetes
590 3805 770 3863 Scholiastes:
811 3810 890 3862 Haec
915 3810 1004 3879 tinpe,
1030 3808 1126 3864 cordis
1150 3828 1235 3864 manu
1256 3809 1367 3878 suscipe
1393 3817 1418 3862 et
1437 3809 1555 3863 manime
1574 3815 1631 3863 toto
1647 3807 1749 3860 baustu

60 3898 144 3952 umba
163 3897 301 3967 opascba
320 3912 464 3964 mapnum,
485 3895 526 3947 ad
544 3894 647 3957 festum
664 3895 757 3963 nisum
772 3896 890 3963 perinde
915 3897 1059 3952 interioris
1088 3895 1207 3950 bominis
1231 3914 1348 3950 assume.
1394 3895 1474 3965 (Quis
1501 3895 1553 3951 hoc
1585 3893 1690 3965 negat?
1719 3898 1749 3948 st

62 4001 94 4037 ac
108 3985 166 4037 rita
179 3983 343 4052 praeditum
359 3982 455 4042 refert.
485 3979 546 4034 Illa
564 3987 656 4034 autem
674 3999 690 4036 o
708 3982 816 4035 uerbum
832 3984 891 4037 Dei
915 4003 981 4040 num
1003 3983 1075 4039 idem
1099 3989 1142 4037 est
1164 3999 1274 4037 merum
1294 3981 1395 4038 Christi
1422 3999 1521 4053 carpus
1540 3987 1569 4037 et
1586 3981 1845 4052 sauguinem1.ttt

61 4078 86 4123 et
103 4087 174 4140 quae
193 4070 324 4138 Merops
342 4075 508 4138 sequuntur,
523 4069 564 4121 ad
581 4068 721 4123 Ciristum
738 4069 889 4138 spirituale
914 4071 968 4126 tide
993 4069 1143 4141 respicere,
1170 4066 1318 4139 honorare,
1346 4073 1437 4124 mente
1466 4067 1626 4140 contingere
1644 4073 1696 4123 etc.
1716 4083 1749 4122 ac

59 4159 164 4227 paseha
173 4175 227 4227 per
238 4156 467 4209 acclamationem
478 4154 586 4222 diripit.
609 4154 715 4209 Eodem
729 4155 810 4210 modo
823 4156 888 4211 Dio·
914 4175 1013 4228 panem
1035 4161 1226 4211 consecratum
1248 4155 1331 4211 etiam
1349 4159 1427 4210 extra
1444 4171 1524 4210 nsum
1545 4171 1562 4208 a
1582 4152 1691 4209 Christo
1708 4151 1748 4208 in-

60 4245 155 4315 nysius
174 4244 210 4298 ab
229 4242 348 4298 externis
365 4240 497 4312 symbolis
515 4241 551 4296 ad
564 4240 703 4297 Christum
721 4239 810 4311 ipsum
825 4259 888 4297 vere
914 4243 1040 4299 stitutum
1065 4241 1215 4308 suomet)
1251 4239 1463 4311 Chrysostomus
1490 4238 1562 4294 hom.
1596 4247 1636 4296 24.
1666 4240 1695 4295 in
1725 4245 1748 4296 1.

59 4337 229 4401 praesentem
252 4327 363 4384 taudem
389 4326 479 4383 animo
502 4334 531 4382 et
547 4326 647 4398 spiritu
664 4326 826 4382 subvehitur
848 4334 887 4382 ut·
915 4330 989 4387 Cor:
1013 4328 1081 4383 Cum
1104 4329 1203 4383 timore
1227 4336 1253 4382 et
1269 4344 1378 4381 summa
1392 4327 1518 4397 puritate
1536 4329 1577 4382 od
1595 4328 1686 4398 msam
1704 4345 1748 4381 ac·

60 4434 112 4489 que
143 4416 220 4471 illum
249 4415 378 4486 religiosa
404 4413 564 4469 adoraume
587 4413 714 4482 honorat.
754 4412 888 4486 Origenes
914 4419 1052 4471 sedamm.
1083 4417 1122 4468 Et
1143 4416 1257 4485 mando
1274 4414 1366 4485 ipsum
1383 4414 1490 4468 videris
1502 4414 1688 4485 propositum,
1703 4415 1749 4467 dic

59 4501 150 4559 homil
161 4508 185 4559 5.
203 4503 231 4557 iu
250 4502 348 4557 divers.
366 4501 429 4557 lona
444 4517 541 4572 evang.
560 4518 587 4571 p.
606 4502 677 4558 4412·
694 4499 813 4562 Quando
825 4520 888 4554 san·
915 4504 954 4557 ei:
975 4510 1094 4572 propter
1116 4501 1168 4555 boc
1186 4518 1288 4570 corpus
1306 4517 1362 4555 non
1380 4517 1441 4555 sum
1460 4516 1511 4570 epo
1531 4501 1654 4571 amplius
1670 4508 1748 4555 terra

59 4600 130 4646 etum
158 4591 247 4644 mbum
274 4589 400 4658 illudque
425 4587 614 4655 incorruptum
637 4587 744 4657 accipis
768 4587 888 4657 epulum,
916 4596 941 4644 et
960 4588 1045 4656 οιίιίι,
1064 4605 1119 4641 non
1139 4605 1199 4640 sum
1218 4585 1340 4657 amplius
1357 4586 1492 4659 captivus,
1510 4589 1561 4642 sed
1579 4586 1665 4656 liber,
1679 4603 1748 4657 pro-

59 4677 171 4747 quando
194 4678 268 4731 uitae
286 4691 364 4744 pane
387 4681 412 4727 et
429 4672 531 4742 poculo
549 4674 674 4738 frueris,
692 4676 845 4729 manslucas
863 4683 888 4729 et
911 4684 976 4745 pter
1006 4674 1057 4729 boc
1079 4692 1175 4744 spero,
1200 4689 1242 4728 me
1266 4680 1444 4744 accepturum
1468 4672 1561 4729 coelos
1579 4672 1619 4741 (in
1639 4672 1747 4729 Graeco

59 4763 128 4817 bibs's
146 4779 249 4832 corpus
267 4769 294 4815 et
312 4760 477 4829 sanquinem
495 4759 629 4829 Domini,
657 4767 722 4814 tuno
749 4762 889 4814 Dominus
914 4768 957 4818 est
975 4765 1037 4833 itys
1056 4763 1125 4832 πρὸς
1141 4760 1248 4831 ἑαυτόν,
1268 4760 1342 4832 quod
1359 4757 1513 4816 Gentianus
1532 4754 1674 4818 Hervetus'
1687 4777 1747 4832 per·

59 4853 107 4905 sub
130 4858 226 4904 tectum
249 4855 325 4902 tuum
343 4845 508 4915 inpreditur.
547 4846 586 4898 Ει
604 4854 634 4899 tu
652 4863 718 4917 erpo
737 4847 888 4902 humilians
914 4866 1009 4919 peram
1037 4849 1120 4903 vertit
1148 4848 1196 4902 dic
1226 4847 1267 4915 ei,
1297 4847 1327 4901 in
1359 4847 1485 4921 margine
1512 4854 1611 4903 notens
1635 4846 1749 4917 corpori

59 4944 136 4992 temet
167 4935 258 5005 ipmm
288 4934 399 4987 imitare
426 4931 497 4985 bunc
521 4931 706 4986 centurionem
729 4941 756 4988 et
786 4936 888 4989 dicito:
917 4935 1023 4992 Christi
1035 4936 1186 5004 proposito
1205 4935 1276 5004 quid
1293 4934 1449 5004 dicendam,
1467 4934 1569 4990 rectius
1586 4950 1650 4989 vero
1662 4931 1745 4989 Fran·

59 5024 195 5090 Domine,
223 5028 278 5076 sion
307 5039 368 5074 sum
394 5021 512 5090 (lipsius,
540 5026 571 5071 ut
603 5017 691 5072 intres
716 5021 766 5073 sub
788 5029 889 5076 tectum
915 5022 1003 5077 eiseus
1026 5020 1158 5075 Aretinm
1184 5019 1308 5075 reddidit
1331 5021 1379 5074 dic
1403 5028 1506 5085 temam,
1532 5020 1653 5076 ostendit
1674 5020 1747 5076 enim
1819 5056 1842 5084 ·.

58 5127 155 5165 nucum.
188 5110 253 5163 Non
269 5126 373 5178 panem
390 5113 588 5171 consecratum,
604 5106 657 5157 sed
667 5102 808 5162 Christum
819 5107 888 5163 ado·
915 5107 1139 5178 Chrysostomus,
1163 5105 1200 5160 ad
1227 5122 1340 5162 coenem
1365 5105 1502 5162 accessuri
1528 5107 1595 5179 quid
1620 5106 1746 5162 meditari

58 5205 109 5250 rat.
144 5190 223 5250 Duos
240 5194 336 5248 modos
356 5189 460 5246 ibidem
480 5189 619 5263 proponit,
644 5189 744 5261 quibus
764 5188 888 5249 Christus
915 5194 1080 5261 debeamus,
1108 5190 1238 5246 videlicet
1261 5190 1400 5248 Christum
1420 5208 1471 5265 pra
1495 5192 1618 5263 peccatis
1646 5192 1745 5249 nostris

58 5283 93 5337 ed
116 5300 166 5337 uos
185 5280 371 5352 ingrediatnr3
397 5295 469 5331 nasso
487 5276 595 5350 inquit,
622 5278 734 5344 quassae
753 5279 845 5331 saneti
862 5288 889 5333 et
916 5286 1051 5335 manuum
1071 5283 1099 5333 et
1118 5277 1147 5333 in
1166 5295 1245 5332 sacra
1265 5294 1353 5334 coena
1369 5278 1422 5334 boc
1440 5279 1530 5351 ipsum
1544 5294 1651 5352 corpus,
1671 5280 1746 5352 quad

56 5370 120 5423 Deo
144 5364 329 5436 acceptabiles
355 5365 535 5418 molestarum
557 5361 696 5417 satalites
718 5363 769 5416 sub
790 5369 889 5418 tectum
914 5384 964 5437 pro
994 5362 1074 5420 nobis
1105 5362 1135 5419 in
1163 5368 1279 5418 mortem
1311 5365 1440 5434 tradidit,
1472 5365 1694 5422 manducandum
1719 5374 1747 5425 et

55 5462 132 5509 tuum
157 5454 275 5517 intrant,
303 5460 367 5506 tunc
386 5450 488 5504 ibidem
501 5469 555 5521 per
574 5468 622 5505 eos
637 5447 778 5503 Dominus
798 5448 887 5519 inpre-
913 5451 988 5507 hune
1009 5450 1100 5523 ipsum
1125 5448 1302 5522 sanguinem,
1333 5466 1414 5521 quem
1436 5468 1486 5522 pro
1506 5452 1628 5523 peccatis
1645 5451 1746 5510 matris

57 5539 141 5596 ditur.
183 5540 221 5591 Ει
240 5547 270 5592 tu
288 5540 328 5591 sic
350 5536 488 5589 subtimes
506 5544 640 5607 tonpssam
660 5534 812 5590 Dominum
829 5527 888 5590 sui-
915 5536 1028 5607 effudit,
1054 5536 1206 5593 bibendum
1228 5534 1309 5591 nobis
1328 5534 1521 5607 exhibentem.)
1557 5536 1746 5598 'Iheodoretus
