4004 6022
279 199 321 271 pp
875 188 1375 251 montuosam-tremine

153 363 229 406 aare
280 348 406 405 Pastum
423 348 525 405 aare
541 347 619 405 silsd
634 351 812 417 mmm,
835 347 919 403 ds'bits
936 362 969 401 en
982 348 1037 403 troc
1053 365 1109 404 aas
1134 363 1192 403 non
1208 353 1252 404 est
1268 347 1446 419 separandus
1480 347 1564 416 Quod
1580 348 1654 403 enim
1668 345 1818 406 Doruinioe
1830 345 1973 402 imtitutio

153 412 257 509 fflfff
280 451 337 501 ses,
355 452 407 490 rste
423 437 484 491 cllo
500 437 584 493 cerdo
593 437 727 504 ἀοωίοεο,
745 435 1007 490 mammarium
1023 436 1110 490 omoi-
1137 439 1165 488 et
1187 435 1338 506 apostolica
1359 434 1488 505 repetitio
1510 434 1613 490 diserte
1632 432 1790 505 requirnnt.
1814 432 1886 487 illud
1913 449 1972 488 non

153 529 201 562 Μ
282 524 331 578 das
358 523 576 579 communicarem
598 523 649 577 aad
671 530 790 591 raraque
816 522 917 592 specie
952 520 1110 592 Responde·
1136 527 1178 576 est
1206 519 1235 574 in
1261 519 1389 576 libertate
1416 519 1537 575 humana
1558 520 1688 591 positum.
1730 525 1753 575 3.
1776 519 1806 574 Si
1825 520 1971 590 apostolus

281 627 355 667 mus:
382 617 404 667 1.
424 627 480 667 non
497 627 596 672 unum,
613 609 663 664 sed
680 609 787 680 aliquot
804 614 983 680 argumenta,
1010 607 1110 679 quibus
1135 605 1178 659 his
1195 605 1287 660 verbis
1304 623 1360 661 non
1374 605 1467 677 jubet,
1483 612 1516 660 ut
1531 605 1629 661 fideles
1647 606 1730 662 edant
1747 621 1849 676 panem
1866 606 1913 660 vel
1925 621 1971 659 ca-

279 698 428 754 neeessitas
449 695 648 759 communionis
667 694 720 750 suh
740 701 857 769 utraque
884 695 976 767 specie
998 712 1032 751 ex
1050 712 1109 751 ver·
1135 692 1217 747 licem
1243 691 1342 747 bibant
1363 692 1506 761 absolute,
1533 692 1582 747 sed
1610 693 1708 748 saltem
1730 692 1897 763 praescribit
1913 708 1971 747 mo

281 783 325 839 bis
342 782 461 856 apostoli
478 783 693 852 demonstretur,
715 783 798 838 modo
817 782 999 853 exposuimus.
1037 786 1061 838 l.
1080 781 1109 837 si
1121 771 1211 848 ldum,
1229 797 1285 851 qno
1302 780 1344 836 uti
1361 779 1490 850 debcant,
1508 780 1533 834 si
1552 781 1633 836 edere
1650 786 1680 836 et
1698 779 1796 835 bibere
1811 778 1901 834 velint
1915 779 1971 833 nti-

278 869 356 926 lioita
372 874 415 925 est
430 867 586 923 communio
603 867 656 924 sub
676 873 794 941 utraque
813 869 914 940 specie,
936 868 1032 940 utique
1049 884 1109 938 per·
1134 864 1205 928 liter,
1223 881 1395 938 consequens
1413 866 1472 932 erit,
1489 866 1595 921 licitam
1609 882 1668 921 esse
1683 864 1905 920 communionem
1917 865 1970 920 sub

278 971 374 1027 peram
396 959 484 1026 agunt
506 953 709 1024 Romanenses,
733 955 807 1026 quod
832 971 892 1011 earn
916 972 972 1009 non
992 954 1109 1025 amplius
1135 969 1192 1007 una
1208 953 1301 1024 specie
1320 952 1386 1010 vini.
1421 953 1504 1008 Ratio
1523 953 1735 1024 consequentiae
1754 957 1797 1007 est
1813 951 1970 1017 manifesta,

279 1041 393 1098 liberam
408 1039 583 1110 relinquunt,
604 1041 654 1096 sed
673 1041 850 1112 contrariam,
874 1041 965 1095 idest
989 1057 1109 1095 commu·
1135 1038 1202 1110 quia
1226 1038 1321 1094 eodem
1346 1038 1428 1093 modo
1449 1038 1484 1093 de
1503 1039 1714 1094 manducatione
1730 1044 1759 1094 et
1776 1037 1914 1093 bibitione
1931 1037 1970 1091 lo

278 1128 387 1183 nionem
420 1126 554 1182 laicorum
591 1126 642 1182 arrh
679 1143 735 1182 uua
764 1128 946 1184 neceesarium
975 1133 1108 1184 statuunt.
1136 1125 1237 1196 quitur.
1280 1124 1311 1182 Si
1336 1142 1402 1197 erge
1426 1125 1576 1181 nccessstm
1592 1125 1733 1180 bibitionis
1752 1125 1782 1178 in
1801 1141 1856 1178 usu
1873 1141 1971 1180 sacrae

277 1215 440 1286 Agnoscent
456 1212 501 1267 vel
517 1213 630 1269 tandem
648 1231 739 1285 papae
757 1214 940 1285 tyrannidem,
959 1232 1008 1285 per
1026 1231 1108 1286 quam
1136 1227 1237 1267 coenae
1254 1228 1310 1266 non
1328 1217 1470 1282 potestas
1489 1211 1580 1268 serbis
1599 1210 1758 1280 apostolicis
1777 1210 1971 1277 demonstrari,

277 1317 331 1357 non
353 1299 472 1370 amplius
496 1298 613 1355 liberum
637 1307 697 1371 est,
717 1301 791 1372 qued
812 1318 862 1373 per
880 1301 982 1358 Christi
1000 1301 1107 1356 institu-
1136 1297 1232 1369 utique
1255 1315 1307 1353 nec
1330 1297 1550 1354 manducationis
1567 1297 1718 1352 necessitas
1737 1314 1770 1351 ex
1789 1296 1889 1352 iisdem
1908 1316 1971 1367 pro·

276 1387 379 1443 donem
403 1385 521 1442 liberum
545 1393 612 1445 mat.
655 1387 807 1461 Gregorius
834 1388 870 1444 de
893 1388 1005 1445 Valent
1028 1392 1107 1442 tract.
1135 1383 1194 1437 bari
1216 1388 1315 1455 potest.
1350 1383 1391 1440 Ut
1413 1399 1479 1455 ergo
1500 1383 1617 1437 liberum
1634 1389 1676 1438 est
1698 1400 1748 1453 per
1764 1383 1922 1454 apostolum
1941 1385 1971 1439 in

277 1474 312 1529 de
338 1473 424 1530 nisse
451 1491 479 1544 p.
506 1479 547 1529 95.
573 1481 671 1546 negat,
700 1475 778 1531 laicis
803 1475 862 1530 dari
889 1492 970 1546 posse
994 1474 1109 1530 calicem
1135 1487 1223 1525 coena
1239 1470 1408 1526 manducare
1426 1475 1455 1525 et
1473 1486 1529 1525 non
1548 1469 1650 1537 bibere,
1669 1470 1708 1524 ita
1727 1486 1836 1542 quoque
1849 1470 1971 1525 liberum

273 1560 357 1630 juxta
369 1557 472 1614 Christi
488 1559 688 1617 institutionem
701 1569 820 1631 propter
840 1561 1014 1616 contrariom
1026 1561 1108 1614 ccele-
1135 1556 1188 1612 erit
1209 1573 1259 1627 per
1286 1556 1404 1613 eundem
1429 1555 1525 1612 bibere
1544 1563 1573 1611 et
1591 1572 1647 1611 non
1664 1556 1839 1612 manducare.
1876 1557 1907 1613 si
1926 1575 1969 1613 sa·

276 1646 336 1699 siae
365 1645 584 1715 dipositionem,
618 1645 796 1702 ”Matthias
822 1645 917 1717 Mayle
943 1646 1053 1703 Jesuita
1080 1645 1109 1699 iu
1134 1643 1260 1699 lutariter
1284 1643 1452 1700 manducare
1478 1658 1624 1713 possumus
1648 1643 1676 1698 in
1700 1659 1779 1698 sacra
1805 1660 1894 1699 coena
1917 1662 1970 1699 nos

280 1731 382 1802 disput.
413 1731 448 1785 de
476 1748 532 1787 una
561 1732 653 1803 specie
679 1732 757 1788 laicis
784 1733 878 1788 danda
896 1733 924 1787 in
942 1733 1030 1789 Acad
1048 1731 1107 1786 Dil·
1134 1730 1208 1800 ipsos
1229 1729 1372 1802 probando
1390 1737 1422 1786 at
1443 1736 1560 1786 mortem
1582 1730 1695 1786 Domini
1713 1731 1921 1795 annuntiando,
1945 1733 1969 1785 si

278 1817 560 1888 linganaauu.1608.
577 1817 704 1872 instituta
728 1817 796 1874 thes.
814 1824 862 1875 48:
885 1819 932 1872 Ea
954 1836 1008 1888 qsso
1034 1826 1108 1873 tectu
1134 1818 1177 1874 rel
1197 1817 1315 1873 maxime
1335 1833 1391 1872 non
1412 1817 1528 1872 accedat
1552 1816 1667 1882 bibitio,
1691 1815 1752 1886 pari
1768 1816 1877 1871 ratione
1895 1818 1968 1872 salu·

276 1919 378 1957 sacros
409 1903 537 1973 papissa
566 1906 756 1959 demonem
784 1912 948 1969 novatores,
984 1904 1108 1959 Pastum
1133 1904 1229 1960 taritsu
1257 1903 1353 1960 bibere
1379 1921 1524 1975 possumus
1552 1903 1582 1957 in
1612 1919 1691 1957 sacra
1715 1918 1803 1958 coena
1824 1904 1969 1975 nosipsos

277 2006 334 2044 sca
355 1989 447 2056 fabre
471 1989 524 2044 huc
549 1990 580 2043 irs
601 2006 633 2044 re
651 1991 910 2060 reprehensitslem.
931 1994 1008 2061 quod
1024 1992 1107 2046 laicis
1134 1990 1278 2063 probando
1300 1995 1329 2045 et
1351 1990 1381 2044 in
1403 1988 1505 2045 Christi
1527 1989 1813 2045 commemorationem
1835 1989 1968 2057 bibendo,

277 2077 394 2132 calicem
410 2074 442 2130 is
458 2075 577 2131 melaria
594 2074 778 2132 Corinthiacis
803 2078 921 2135 dederit
955 2079 1024 2134 rus
1046 2079 1106 2147 (ts-
1133 2081 1156 2134 si
1182 2077 1227 2132 vel
1255 2077 1372 2132 maxime
1397 2094 1453 2131 non
1479 2076 1595 2132 accedat
1622 2075 1806 2131 manducatio.
1846 2077 1888 2132 At
1915 2078 1969 2134 hoc

276 2162 393 2234 quirem)
416 2163 562 2232 apostoles
578 2171 689 2234 {raptas
714 2166 755 2219 ad
775 2165 887 2219 tertiam
911 2166 1025 2221 coslam.
1067 2167 1107 2222 At
1132 2180 1312 2236 consequens,
1329 2163 1405 2236 quod
1422 2162 1528 2217 scillcet
1547 2161 1624 2217 licita
1642 2162 1678 2216 sit
1690 2163 1903 2218 communicatio
1915 2163 1968 2219 sub

276 2252 378 2306 ΡΜ
401 2266 459 2304 ecs
484 2249 577 2303 micas
595 2252 661 2318 fait
690 2251 835 2321 apostolas
864 2269 926 2306 cam
956 2253 1018 2321 ipso
1046 2255 1105 2308 Do·
1132 2250 1224 2321 specie
1238 2249 1305 2320 uini,
1323 2267 1379 2304 non
1396 2248 1531 2320 probatur
1549 2248 1678 2304 omnibus
1694 2246 1858 2303 Pontificiis.
1895 2250 1968 2315 (Bel-

275 2337 350 2390 sss'rsc
381 2335 469 2391 sato
498 2343 623 2407 uespera
648 2345 824 2391 servaretur
850 2355 882 2392 eo
909 2339 1045 2407 mapistro
1072 2356 1106 2392 oc
1131 2337 1264 2393 las-minus
1294 2343 1387 2391 tamen
1405 2335 1559 2403 existimat,
1583 2334 1662 2390 laicis
1679 2349 1761 2404 posse
1778 2334 1838 2389 tolli
1858 2352 1967 2404 panem,

275 2424 389 2477 doctore
410 2439 491 2490 usus,
527 2429 553 2477 ct
575 2422 757 2477 sitdominus
776 2424 993 2492 Neoeccnpslici
1004 2441 1106 2494 perpe-
1131 2426 1155 2480 si
1193 2424 1273 2479 detur
1310 2422 1401 2488 calin)
1453 2421 1528 2492 Ergo
1565 2437 1618 2476 nec
1647 2421 1815 2478 antecedens
1845 2428 1967 2478 statuere

274 2516 323 2563 taso
348 2507 490 2563 redeant
513 2507 590 2562 atad
614 2505 681 2564 Gal.
705 2511 739 2576 2,
765 2527 789 2564 a.
808 2512 840 2563 11
847 2529 857 2563 .·
894 2508 965 2565 Cosrt
988 2511 1105 2565 serasar
1130 2512 1240 2567 debent.

275 2594 469 2663 Antiochiam,
487 2595 518 2647 ie
533 2594 640 2660 faciem
657 2594 686 2649 si
703 2595 802 2660 restiti,
819 2597 887 2665 quic
905 2598 1105 2667 reprehensibi·
1166 2603 1207 2655 39.
1241 2599 1269 2651 3.
1287 2596 1411 2651 Paulum
1433 2594 1607 2649 solummodo
1625 2596 1780 2649 tradidisse
1798 2592 1998 2651 commarie-

275 2682 313 2737 tc
330 2682 431 2737 που*
470 2680 515 2737 De
536 2685 596 2736 tota
615 2679 668 2737 hac
690 2697 722 2737 re
738 2679 820 2752 plura
836 2682 963 2740 dicentur
981 2683 1105 2739 inferius.
1130 2702 1193 2740 aem
1216 2686 1267 2739 arab
1292 2691 1411 2752 utraque
1440 2682 1548 2751 spacia
1578 2700 1636 2735 aon
1657 2689 1748 2736 erstem
1771 2683 1964 2751 praecepisse,
1977 2698 2001 2736 rs

276 2773 302 2825 3.
322 2769 368 2823 An
389 2783 455 2823 sero
476 2783 564 2838 aeque
590 2766 709 2823 liberum
731 2773 774 2823 est
797 2767 843 2823 vel
861 2786 970 2825 semare
996 2771 1104 2827 institn-
1131 2791 1192 2826 eam
1215 2773 1246 2824 ia
1269 2770 1349 2824 calio
1373 2775 1488 2823 auctora
1505 2769 1619 2822 tradere
1647 2768 1685 2820 sit
1700 2768 1876 2837 praecipere.
1911 2768 1964 2824 Re-
1977 2804 2001 2841 ,ς

275 2853 379 2912 tionem
402 2852 520 2922 Christi,
549 2854 595 2910 rel
620 2853 656 2910 ab
685 2870 720 2910 ea
744 2854 891 2910 recedere?
939 2854 969 2912 Si
990 2857 1020 2912 in
1048 2875 1104 2914 una
1130 2857 1311 2929 spondemus:
1343 2861 1365 2910 1.
1393 2854 1535 2926 apostolus
1562 2853 1678 2908 tradidit
1709 2852 1859 2909 Corinthiis
1883 2853 1992 2944 illud,¹¹

275 2947 356 3013 parte
372 2939 549 2997 substantiali
567 2939 604 2995 ah
623 2940 797 2996 institutione
807 2941 910 2998 Christi
927 2943 1055 3001 recedere
1072 2945 1103 2999 li·
1129 2945 1204 3017 quod
1229 2942 1383 2997 aDomino
1400 2946 1560 3010 acceparat,
1584 2944 1607 2999 t.
1626 2939 1687 2996 Cor.
1712 2946 1759 3010 11,
1782 2957 1809 2995 r.
1829 2947 1870 2997 23.
1912 2943 1964 2998 Est

274 3027 361 3087 situm
392 3043 427 3083 ac
455 3027 593 3099 integram
619 3033 675 3094 est,
705 3026 780 3082 idem
804 3027 900 3084 licebit
925 3029 955 3085 in
984 3030 1104 3103 reliquis,
1129 3047 1195 3102 ergo
1219 3029 1332 3086 arduo
1361 3027 1468 3093 divina,
1496 3045 1513 3081 a
1539 3044 1594 3098 qus
1619 3026 1783 3083 Christianis
1803 3030 1848 3084 sel
1874 3030 1964 3085 latum

270 3132 339 3179 ¹curu
355 3113 478 3171 omnium
494 3114 681 3170 essentialium
698 3113 735 3170 sit
751 3114 848 3169 eadam
866 3114 945 3174 ratio.
981 3122 1004 3179 t,
1023 3118 1103 3185 Quod
1128 3132 1250 3189 unguem
1268 3114 1409 3170 discedere
1427 3131 1483 3169 non
1499 3119 1542 3169 est
1558 3114 1706 3186 integrum.
1726 3113 1833 3170 Gersou
1852 3116 1887 3171 de
1905 3117 1965 3172 vita

274 3202 304 3258 in
341 3199 458 3256 ecclesia
486 3199 662 3257 Corinthiacs
696 3200 843 3270 usitatum,
880 3206 909 3257 et
938 3202 1104 3259 institutioni
1128 3202 1264 3274 spirituali
1284 3201 1392 3257 animae
1409 3201 1471 3256 lect.
1490 3207 1514 3257 t.
1533 3200 1626 3257 coroll.
1646 3207 1669 3256 7.
1688 3207 1754 3256 tom.
1774 3207 1799 3258 3.
1827 3218 1904 3260 num.
1918 3210 1966 3259 61:

274 3287 378 3345 Christi
395 3285 534 3343 conforme
551 3286 618 3353 tuit,
645 3287 719 3343 idem
737 3287 836 3343 merito
854 3286 883 3342 in
897 3288 998 3344 nocuis
1018 3289 1103 3346 eccle
1130 3292 1195 3345 Nora
1213 3297 1252 3342 est
1269 3289 1298 3341 in
1307 3296 1447 3356 potestate
1457 3303 1552 3356 popae
1565 3295 1614 3341 esst
1627 3288 1807 3353 concidisset
1820 3289 1964 3354 ecclesiae,

273 3376 322 3430 siis
346 3372 509 3431 obsonator
537 3378 650 3444 propter
673 3373 941 3445 consanguinitatem
964 3375 1104 3433 doctrinae
1130 3378 1277 3430 immutare
1289 3375 1456 3428 traditiones
1468 3375 1552 3427 datos
1565 3373 1600 3427 ab
1608 3373 1784 3441 coropalates
1794 3377 1965 3445 etaPaaslo,

273 3460 429 3523 striarum,
447 3475 518 3530 quae
536 3458 704 3530 apostolicis,
722 3467 751 3515 et
767 3459 868 3516 nostris
885 3461 1008 3517 ecclesiis
1020 3463 1103 3518 inter·
1130 3464 1202 3518 sieut
1219 3463 1336 3531 quidem
1354 3461 1488 3514 delirent.
1525 3465 1548 3514 2.
1562 3458 1600 3514 Et
1618 3477 1690 3531 quae
1701 3459 1770 3517 haec
1783 3465 1826 3515 est
1837 3463 1965 3533 audacia,

273 3547 372 3603 cedem
392 3545 482 3602 debet
513 3551 537 3604 t.
555 3546 639 3605 Unde
655 3545 837 3604 demonstrari
853 3552 961 3618 potest,
996 3556 1103 3618 aposto
1130 3548 1204 3621 quod
1226 3547 1411 3604 Bellarminus
1434 3551 1545 3602 secutus
1562 3547 1755 3602 auctoritatem
1773 3548 1883 3603 concilii
1901 3549 1964 3604 Tri·

273 3633 331 3689 lum
349 3632 463 3689 aliunde
480 3633 572 3704 potius
592 3650 675 3706 quam
694 3650 728 3689 ex
745 3632 849 3688 Christi
867 3635 992 3705 exemplo
1011 3639 1050 3701 (et
1064 3635 1103 3690 in·
1131 3635 1237 3691 dendni
1254 3633 1416 3689 traditiones
1434 3640 1511 3689 ertrs
1523 3632 1695 3703 Scriptorum
1712 3632 1774 3703 pari
1792 3633 1907 3704 pietatis
1924 3636 1965 3691 af-

184 3789 185 3793 *
273 3719 427 3786 stitutione)
454 3718 673 3775 communionem
689 3719 742 3774 sub
762 3726 880 3792 utraque
898 3721 991 3791 specie
1010 3721 1103 3777 Corin·
1128 3722 1204 3777 t'eotu
1228 3739 1290 3776 cum
1312 3721 1415 3791 scripto
1432 3720 1487 3775 Dei
1509 3719 1594 3776 verbo
1620 3719 1809 3790 suscipiendas
1830 3737 1892 3778 esse
1908 3728 1964 3777 sta·

271 3804 337 3861 thiis
354 3804 523 3861 tradidisse?
557 3808 632 3861 certe
650 3810 795 3861 contextus
814 3805 956 3861 evidenter
973 3808 1101 3874 ostendit,
1129 3808 1196 3876 tuit,
1214 3808 1323 3863 interim
1341 3808 1375 3862 de
1393 3807 1445 3862 hac
1464 3807 1558 3861 divina
1577 3806 1746 3863 certissimae
1762 3808 1889 3862 veritatis
1907 3816 1963 3864 tra·

271 3890 346 3963 quod
369 3891 405 3947 ad
429 3890 547 3962 primam
564 3889 762 3946 institutionem
782 3908 829 3946 eor
848 3899 970 3961 revocet,
998 3892 1102 3948 abusus
1129 3895 1249 3963 ditione,
1267 3911 1338 3965 quae
1356 3894 1386 3949 in
1403 3893 1552 3965 Scriptus-ia
1570 3909 1697 3964 expresse
1713 3893 1887 3961 continetur,
1905 3903 1963 3950 tam

272 3997 305 4035 ex
321 3994 355 4035 es
373 3976 496 4049 corrigat
512 3982 542 4039 et
557 3975 635 4034 rslut
651 3993 774 4033 normam
792 3979 963 4050 stragulam
981 3979 1102 4034 omnium
1127 3982 1225 4037 leviter
1252 3980 1372 4037 sentiat?
1413 3986 1435 4036 3.
1461 3980 1526 4050 At,
1540 3980 1632 4050 inquit
1652 3980 1851 4044 Bellarmiuus,
1876 3984 1965 4038 cerba

271 4063 535 4133 moderaminum,
568 4079 640 4135 quse
672 4062 707 4119 ds
736 4079 824 4119 coena
850 4065 986 4120 excitatas
1015 4073 1102 4135 erant,
1128 4069 1251 4137 apostoli
1291 4072 1316 4124 1.
1344 4067 1467 4123 Corinth.
1494 4071 1537 4122 15.
1563 4067 1677 4121 tradidi
1706 4067 1799 4135 soba,
1829 4071 1964 4138 quosim

272 4151 389 4208 eandem
414 4149 481 4221 ipsis
510 4149 687 4219 praescribat
735 4155 759 4205 6.
784 4149 902 4205 Paulum
925 4168 982 4206 non
1003 4152 1101 4208 citasse
1129 4156 1257 4211 Christus
1274 4163 1398 4209 mortum
1416 4162 1470 4223 est,
1488 4173 1543 4208 noa
1557 4162 1676 4225 possunt
1692 4156 1734 4210 sic
1753 4157 1861 4224 espord,
1878 4175 1964 4226 prce·

271 4238 342 4293 illud
360 4235 521 4291 mandatum
541 4233 652 4301 Christi,
670 4235 752 4291 bibite
771 4253 804 4291 aa
823 4237 874 4291 boc
892 4255 997 4306 omnes,
1015 4239 1101 4293 mani·
1128 4244 1191 4313 cepi
1214 4243 1303 4306 vobis,
1326 4243 1403 4310 qaod
1429 4241 1558 4296 Christus
1581 4248 1706 4295 monstras
1727 4251 1774 4297 est.
1811 4245 1893 4312 Erpa
1912 4262 1965 4299 rsec

270 4324 342 4380 feste
359 4321 461 4379 falsum
479 4325 528 4388 ast,
543 4320 645 4390 repetit
663 4322 735 4376 enim
756 4328 843 4378 totam
862 4329 890 4379 et
908 4324 1044 4396 integram
1061 4326 1102 4379 in·
1128 4331 1197 4383 taso
1218 4329 1337 4382 traditio
1360 4327 1516 4397 apostoliea
1536 4335 1720 4396 praeceptam
1743 4330 1871 4385 ooadast
1908 4333 1964 4390 Re

270 4410 454 4477 stitutionem,
476 4407 557 4477 cujus
581 4422 645 4476 pars
673 4408 830 4463 contineam
851 4410 880 4464 in
898 4409 946 4464 illo
963 4413 1102 4480 mandato,
1128 4415 1310 4486 spondemus:
1348 4412 1574 4484 distinguendum
1604 4413 1677 4469 inter
1705 4415 1882 4472 traditionem
1915 4420 1964 4475 do·

272 4497 365 4564 bibite,
384 4494 448 4550 ideo
466 4492 557 4560 addit,
576 4492 750 4557 iterfacite,
769 4496 984 4566 motiescmsqae
1003 4499 1101 4553 babari-
1128 4499 1232 4555 quinae
1251 4506 1280 4554 et
1305 4500 1375 4554 ritus
1400 4498 1615 4555 sacramentalis.
1656 4499 1781 4555 Traditio
1803 4502 1839 4557 de
1858 4504 1964 4561 Christi

271 4584 314 4651 tis,
334 4582 365 4635 io
382 4596 472 4634 mecm
489 4581 782 4639 commemorationem.
1128 4592 1215 4642 morte
1233 4585 1353 4656 pertinet
1370 4585 1406 4639 ad
1423 4584 1599 4640 traditionem
1617 4587 1758 4642 doctrinae
1770 4587 1830 4643 sive
1843 4590 1964 4662 alicujus

186 4681 211 4724 x.
224 4681 258 4723 tt.
306 4673 347 4723 ³8.
383 4670 410 4721 2.
432 4664 600 4735 Apostolum
623 4683 679 4719 aen
698 4668 811 4736 jubere,
840 4676 870 4722 at
893 4670 993 4732 fideles
1016 4673 1102 4726 edant
1129 4672 1238 4728 articuli
1266 4670 1346 4741 fidei,
1380 4671 1430 4726 sed
1460 4670 1572 4727 traditio
1602 4672 1637 4728 de
1664 4672 1837 4729 institutione
1866 4694 1964 4737 sacrae

143 4732 237 4825 Ξξοῗξζ
266 4769 374 4824 purtem
400 4752 443 4807 ael
475 4751 591 4806 cautem
622 4753 748 4807 absolute
775 4755 882 4824 ὺέόαηι,
908 4758 961 4811 sed
990 4760 1102 4812 modam
1128 4775 1230 4815 coenae
1247 4756 1368 4828 pertinet
1384 4757 1422 4811 ad
1439 4758 1616 4816 traditionem
1633 4760 1717 4828 ritue;
1734 4761 1833 4831 prioris
1850 4768 1964 4833 generis

144 4844 209 4883 Μ’
269 4837 470 4908 praescridere,
493 4855 546 4907 quo
565 4838 609 4891 ati
625 4839 750 4907 debeam,
767 4841 794 4893 si
812 4843 894 4895 edere
912 4850 938 4894 et
956 4843 1047 4897 bibere
1059 4862 1101 4898 oe·
1127 4844 1289 4899 traditiones
1311 4841 1456 4913 requirunt
1478 4843 1576 4914 fidem,
1602 4845 1760 4915 posterioris
1776 4851 1887 4919 generis
1906 4859 1963 4909 tra·

142 4888 243 4978 iiiiii
272 4925 325 4977 list
345 4923 462 4980 utiliter.
504 4922 731 4995 Respondemus:¹
755 4931 777 4983 l.
795 4926 855 4983 Iuro
879 4943 943 4983 uero
961 4930 1102 4999 apostolus
1128 4930 1247 4985 ditiones
1276 4929 1493 4985 observationem
1524 4931 1683 5002 requirunt,
1717 4932 1835 5004 ideoque
1864 4954 1964 4996 revera

141 4990 248 5080 22¹3?
271 5027 327 5065 non
345 5008 434 5063 solum
451 5009 616 5081 praescribit
631 5011 757 5075 modum,
781 5029 836 5083 quo
853 5013 957 5068 utiliter
974 5013 1004 5067 in
1023 5032 1102 5069 sacre
1127 5023 1305 5088 praeceptum
1330 5017 1479 5074 continerd„
1526 5024 1550 5072 t.
1573 5019 1629 5086 At,
1658 5018 1750 5089 inquit
1767 5019 1963 5097 Ballarminus,

142 5092 228 5132 ΝΜ·
271 5111 357 5150 coena
379 5095 462 5149 edere
485 5100 513 5149 et
534 5095 631 5153 bibere
651 5097 801 5168 possimus,
824 5098 873 5153 sed
895 5098 924 5151 ri
939 5098 1101 5156 Dominicae
1127 5103 1252 5156 traditur
1276 5104 1311 5156 ub
1336 5105 1465 5172 apostolo
1480 5103 1599 5159 historia
1618 5105 1654 5156 de
1673 5105 1844 5161 institutione
1862 5127 1963 5166 sawa-

159 5248 162 5254 .
198 5239 203 5250 ,
269 5180 449 5236 iustitutionis
471 5180 508 5236 ab
530 5181 657 5237 omnibus
680 5183 717 5238 sd
741 5200 847 5239 samam
870 5201 985 5239 coenam
1010 5200 1100 5240 acces-
1128 5189 1227 5257 mersti,
1257 5207 1312 5242 soa
1339 5197 1430 5243 aetem
1455 5198 1638 5259 praeceptum
1667 5193 1702 5244 de
1725 5200 1844 5261 retroque
1868 5200 1963 5266 specie

151 5280 166 5303 -·
269 5266 356 5335 suris,
379 5272 412 5321 ut
434 5267 518 5323 edant
540 5274 569 5324 et
586 5267 696 5337 bibant,
721 5270 850 5340 requirit,
877 5269 905 5324 id
926 5271 1001 5341 quod
1018 5273 1101 5341 paulo
1127 5277 1269 5330 armanda.
1292 5275 1518 5346 Respondemus:
1539 5276 1588 5330 illa
1608 5277 1670 5347 ipsa
1686 5278 1817 5334 historica
1831 5285 1963 5352 repetitio

124 5379 130 5388 ·
268 5357 334 5409 ante
359 5354 568 5426 comprobatum
591 5354 725 5409 dedimus.
773 5360 796 5412 i.
817 5355 892 5413 Usus
917 5373 983 5428 ergo
1007 5357 1100 5412 calicis
1127 5360 1306 5416 institutionis
1330 5362 1463 5429 ostendit,
1492 5361 1632 5417 Christum
1655 5379 1689 5419 ea
1709 5363 1798 5420 forma
1817 5383 1852 5422 ac
1877 5373 1963 5429 medo

180 5444 191 5517 η’
210 5492 229 5505 „‚
268 5438 305 5496 ab
329 5439 390 5497 utili
416 5441 622 5508 communione,
645 5439 674 5494 id
694 5444 737 5495 est
759 5457 777 5496 a
794 5441 909 5499 salutari
927 5459 1029 5500 coenae
1047 5462 1099 5499 usu
1127 5461 1240 5501 coenam
1266 5447 1433 5513 instituisse,
1452 5454 1484 5502 ut
1503 5446 1531 5501 vi
1549 5447 1624 5503 illius
1641 5448 1821 5508 institutionis
1836 5455 1878 5513 ,ad
1898 5474 1961 5516 coe
