4004 6022
822 351 873 406 DE
892 348 1085 408 ecclesii.
1294 393 1298 403 «
1737 364 1797 419 455

99 528 154 565 nus
180 511 258 581 epist.
281 516 319 566 19.
340 511 376 564 sd
396 509 595 580 Hieronymum
617 526 679 563 cum
705 510 732 564 in
751 505 938 563 conuoversis
958 507 1095 574 judicare
1112 528 1168 562 non
1186 511 1341 562 audeamus
1361 516 1386 559 et
1403 509 1554 560 secumdum
1571 510 1687 577 praede
1700 509 1800 562 calais

101 597 137 652 de
159 597 334 652 simulatione
347 596 423 652 Petri
442 600 505 651 octo
522 601 632 664 petrum
652 595 827 666 antiquorum
843 598 936 647 sucto-
949 626 951 649 ;
963 594 1055 648 literi's
1072 596 1115 648 nel
1122 596 1254 664 fidelium
1264 595 1308 648 uel
1320 595 1476 657 infidelium
1485 594 1658 661 judicamus.
1683 595 1800 648 Utamur

98 683 230 738 sitatibus
251 688 408 754 urgeretur,
426 687 559 753 provocat
576 682 611 735 sd
631 682 785 752 apostolum
805 680 1017 734 Paulumtlilla
1035 682 1169 748 libertate,
1189 680 1279 750 inquit
1297 680 1372 745 slibi,
1391 682 1432 731 ad
1451 697 1535 747 quom
1553 697 1605 732 nos
1617 681 1725 735 vocavit
1739 682 1799 733 Do·

99 770 145 822 Ab
165 769 204 822 iis
222 768 334 839 (inquit)
354 768 491 833 omnibus,
516 768 567 836 qui
584 769 667 820 aliud
685 768 819 832 sedicunt,
840 766 936 818 litera·
948 758 951 881 γ
963 766 1054 818 minus
1080 774 1105 818 et
1128 783 1222 819 eonem
1244 765 1385 831 virorum,
1413 782 1530 833 quorum
1550 765 1650 817 laudes
1669 768 1800 834 consequi

98 873 163 907 rum
197 855 398 907 tractatoribus
426 871 549 922 provoco
580 855 621 905 ad
649 853 741 920 ipsum
771 851 936 921 apostolum,
964 870 1018 904 non
1045 853 1181 920 ualemus,
1207 869 1325 921 quorum
1350 851 1446 903 multis
1465 849 1557 902 literis
1573 850 1683 918 scripta
1701 859 1800 904 nostra

100 942 168 993 dent
193 941 303 994 veniam
330 939 447 1008 quilibet
471 939 555 991 aliud
577 939 736 1007 opinantes,
771 955 820 1004 eqo
847 924 1019 1002 mapislnon
1039 955 1245 1007 comparamus,
1263 955 1381 1006 quorum
1400 936 1541 1004 inpenium
1560 935 1715 1003 diliqimus,
1732 954 1798 1005 quo·

100 1028 188 1079 credo
213 1033 290 1080 uinta
316 1026 446 1095 apostolo
467 1032 519 1081 eto.
560 1027 623 1094 qu
642 1024 711 1077 solis
729 1025 790 1076 illie
810 1023 937 1091 Scriptu-
964 1042 1025 1076 rum
1050 1041 1098 1076 ore
1122 1026 1307 1085 delectamur,
1341 1039 1459 1092 quorum
1483 1022 1629 1075 caritatem
1652 1023 1799 1092 miramur,

99 1129 200 1165 rarum
225 1112 321 1180 libris,
345 1113 394 1180 qui
405 1112 471 1178 jam
489 1111 621 1164 canonici
635 1117 784 1172 vocantur,
814 1110 885 1161 lunc
903 1109 936 1160 ti·
963 1127 1081 1178 qnorum
1099 1111 1239 1176 martyria
1256 1126 1430 1172 veneramur,
1448 1108 1500 1161 lioc
1518 1109 1595 1176 quod
1615 1107 1700 1161 aliter
1714 1118 1797 1178 rapu*

100 1215 206 1250 morem
224 1205 251 1250 et
267 1197 399 1251 bonorem
417 1198 532 1261 deferre
550 1196 650 1263 didici,
668 1204 698 1248 ut
715 1195 824 1248 nullum
843 1211 936 1247 eorum
963 1204 1052 1258 errent,
1070 1214 1153 1265 quarn
1173 1197 1306 1250 canonice
1319 1213 1374 1249 non
1387 1195 1568 1263 accipiamus.
1598 1196 1696 1263 Neque
1708 1197 1799 1249 sillam

100 1291 243 1336 auctorem
268 1282 415 1334 scribendo
440 1282 553 1350 aliquid
573 1297 684 1334 errasm
696 1280 859 1351 firmissime
879 1295 936 1332 cre·
963 1283 1004 1334 eis
1024 1283 1150 1347 facimus
1174 1282 1325 1349 injuriam,
1349 1299 1410 1334 cum
1438 1298 1534 1333 eorum
1559 1280 1697 1349 quadibet
1720 1281 1797 1334 dicta

101 1370 177 1434 dam,
197 1367 271 1421 alios
291 1374 384 1420 aretem
404 1367 445 1419 ita
461 1368 531 1434 lopo,
548 1375 579 1419 ut
598 1366 771 1435 quantolibet
788 1365 937 1417 sanctitate
963 1369 1007 1421 vel
1024 1370 1132 1436 scripta
1152 1386 1171 1420 a
1189 1369 1325 1422 carianica
1344 1369 1504 1421 divinarum
1516 1367 1728 1436 Scripturarum
1748 1386 1798 1419 au·
1820 1400 1825 1407 -

101 1454 286 1521 doctrinaque
309 1454 518 1521 praepolleant,
545 1471 601 1506 non
626 1453 689 1504 ideo
714 1468 810 1504 verum
830 1458 935 1519 putem,
964 1456 1094 1507 ctoritate
1120 1453 1327 1522 distinquimus.
1368 1453 1448 1507 'Palis
1473 1470 1505 1507 ex
1527 1453 1685 1524 Augustino
1705 1453 1797 1508 afferri

101 1539 171 1608 quia
196 1538 254 1607 ipsi
272 1539 313 1590 ito
333 1537 468 1603 sentiunt,
496 1538 547 1589 sed
565 1538 632 1605 quio
652 1537 721 1589 mibi
737 1537 781 1589 ool
797 1552 851 1604 per
870 1535 939 1588 iiior
964 1544 1076 1609 possent
1089 1539 1172 1609 louge
1192 1538 1318 1608 plurime.
1353 1539 1482 1602 Quinimo
1495 1539 1547 1609 ipsi
1559 1538 1698 1593 Pontifieii
1712 1555 1797 1610 sgnu-

101 1631 230 1677 auctores
252 1624 414 1687 canonicor,
440 1623 484 1676 vcl
506 1623 653 1691 probabili
672 1623 795 1683 ratione,
824 1623 902 1688 qsiod
918 1637 936 1671 a
964 1630 1053 1686 scunt,
1072 1630 1180 1693 petrum
1200 1624 1304 1694 scripte
1324 1641 1379 1677 uon
1401 1640 1459 1678 esse
1477 1624 1593 1694 primam
1612 1630 1641 1678 et
1657 1625 1797 1679 immotam

99 1710 217 1763 venae
234 1726 290 1762 non
308 1709 470 1770 obteneat,
492 1711 664 1776 persuadere
676 1716 838 1776 potuerunt.
877 1709 936 1759 Nec
965 1708 1105 1763 doctrinae
1135 1710 1261 1764 coelestis
1288 1727 1418 1765 normam.
1447 1726 1470 1763 c.
1498 1709 1569 1766 Noli.
1592 1727 1616 1764 o.
1645 1710 1751 1780 Neque.
1772 1727 1796 1766 o.

100 1803 126 1847 te
146 1795 186 1847 mi
197 1796 298 1861 scater
317 1795 422 1847 sentire
443 1795 543 1863 aliqua
562 1794 647 1846 aliter
664 1793 799 1858 crimino,
815 1809 937 1861 prorsuis
963 1793 1024 1864 Ego
1049 1795 1121 1848 solis.
1147 1813 1170 1849 e.
1194 1795 1261 1859 Quis
1280 1795 1393 1850 neseiat.
1418 1813 1434 1849 o
1474 1794 1585 1866 Negare
1604 1795 1666 1851 dist.
1685 1803 1710 1852 9.
1731 1797 1796 1851 elle·

99 1881 231 1948 inquam,
257 1897 313 1933 non
340 1888 367 1932 te
388 1881 516 1932 arbitror
541 1879 582 1931 sic
603 1879 660 1946 leqi
678 1887 740 1931 tuos
759 1879 847 1931 libros
865 1878 936 1931 velle
963 1887 1066 1951 gantur
1075 1881 1149 1935 diets
1159 1881 1310 1951 Augustini
1319 1881 1401 1935 modo
1411 1881 1543 1951 exposita.
1562 1881 1682 1936 nomes
1692 1888 1762 1952 pert.
1775 1888 1796 1938 1.

99 1975 234 2034 tanquam
251 1967 456 2034 prophetarum
474 1973 523 2018 aut
541 1967 745 2034 apostolorum,
766 1966 801 2017 de
819 1981 936 2032 quorum
963 1984 989 2038 q.
1011 1973 1032 2025 1.
1054 1973 1104 2021 ert.
1124 1972 1154 2022 8:
1192 1968 1281 2022 Sacra
1302 1970 1432 2020 doctrina
1451 1968 1665 2022 aridoritatibus
1684 1968 1797 2021 canoni·

99 2053 229 2121 scriptis,
249 2054 326 2119 quod
347 2052 425 2105 omni
442 2068 537 2103 errore
557 2057 687 2115 careant,
708 2050 837 2103 dubitare
855 2052 936 2113 nefa·
962 2070 1011 2106 cac
1037 2054 1202 2124 Scripturas
1228 2055 1317 2108 utitur
1339 2055 1458 2124 proprie
1481 2072 1513 2107 en
1532 2055 1695 2107 necessitate
1713 2071 1797 2119 arqu-

98 2139 174 2192 rium
199 2146 246 2191 est.
288 2137 375 2207 Epist.
403 2142 449 2193 ie:
479 2138 551 2190 Noli
575 2145 674 2189 contra
699 2135 797 2188 divina
817 2137 936 2189 testimo·
962 2142 1128 2207 mentando,
1154 2141 1369 2194 auctoritatibus
1393 2148 1486 2192 autem
1511 2140 1634 2192 aliorum
1652 2141 1798 2195 doctoricm

99 2227 149 2277 nia
172 2224 306 2292 colliqere
328 2224 399 2277 velle
424 2225 580 2276 calumnias
601 2241 633 2276 er
652 2224 847 2293 episcoporum
866 2222 935 2274 scri-
962 2225 1096 2278 ecclcsiae
1115 2244 1170 2279 non
1190 2227 1275 2293 quasi
1293 2229 1440 2293 arquendo
1458 2243 1492 2278 es
1505 2226 1644 2294 propriis,
1663 2228 1716 2278 sed
1727 2243 1796 2295 pro-

96 2312 168 2379 piis,
188 2311 258 2378 quia
275 2310 326 2363 loc
343 2327 429 2379 penus
448 2310 596 2362 literarum
612 2311 648 2363 ab
663 2309 832 2362 auctoritate
850 2325 935 2360 cano·
962 2311 1099 2366 labiliter.
1148 2312 1282 2364 Innititur
1312 2311 1384 2363 enirn
1416 2313 1486 2373 fides
1508 2319 1605 2365 nostra
1628 2312 1798 2364 revelationi

98 2396 144 2449 nis
162 2396 392 2463 distinquendum
410 2403 463 2461 est,
484 2413 540 2446 non
559 2397 630 2448 enirn
649 2396 689 2447 sic
708 2395 849 2461 lequntur,
874 2402 934 2446 tan·
960 2397 1099 2465 apostolis
1123 2404 1149 2449 et
1169 2397 1318 2466 prophetie
1335 2400 1449 2464 famae,
1472 2399 1520 2466 qui
1537 2397 1687 2449 canonicos
1706 2397 1795 2449 libros

98 2500 184 2551 quam
202 2482 244 2533 ita
262 2497 296 2534 ea
316 2481 356 2534 eis
372 2480 558 2534 testimonium
573 2483 755 2549 proferatur,
786 2489 816 2532 ut
835 2487 934 2533 contra
959 2484 1141 2551 scripserunt,
1159 2500 1214 2535 nvn
1234 2491 1326 2536 autem
1337 2483 1512 2546 revelationi,
1532 2483 1560 2534 si
1572 2499 1644 2551 quae
1655 2481 1713 2543 risit
1727 2481 1795 2534 aliis

96 2569 201 2622 sentire
224 2585 280 2619 non
302 2568 400 2632 licem,
429 2567 457 2619 si
479 2569 555 2631 forte
578 2567 663 2619 aliter
683 2565 832 2635 sapuerint
849 2582 934 2632 quam
960 2567 1120 2620 doctoribus
1130 2570 1227 2635 sacta.
1251 2567 1336 2624 Gsbr.
1349 2568 1411 2622 Biel
1428 2568 1491 2622 lect
1510 2573 1551 2622 41.
1567 2568 1595 2620 in
1607 2567 1795 2623 esumissse:

96 2656 202 2707 veritas
239 2653 376 2720 postidat.
433 2651 520 2721 Epist.
552 2656 616 2705 111:
654 2652 713 2704 Nec
749 2651 934 2720 quorumlibet
962 2653 1129 2707 Sanctorum
1146 2663 1261 2722 patrum
1280 2655 1434 2708 auctoritas
1448 2656 1489 2707 ad
1500 2654 1709 2706 assentiendum
1720 2656 1795 2723 ipso·

98 2739 304 2807 meones
334 2728 445 2791 manici
469 2737 672 2790 catholicorum
698 2745 723 2788 et
752 2735 933 2788 laudatorum
960 2757 1022 2792 rum
1046 2740 1129 2793 dictis
1151 2743 1287 2795 neminem
1305 2741 1459 2810 compellit,
1487 2741 1545 2793 nisi
1561 2740 1592 2792 in
1611 2740 1715 2793 divinis
1731 2742 1797 2803 fuis·

47 2837 84 2880 nt.
97 2826 239 2879 bominum
261 2825 349 2878 velidi
375 2824 540 2892 Scripturas
564 2824 715 2876 canonicae
735 2822 879 2890 babemus,
904 2829 934 2875 ut
961 2827 1032 2878 data
1047 2824 1137 2889 ficemft
1158 2826 1322 2896 Scripturis,
1340 2835 1389 2879 aut
1409 2827 1522 2880 divitiae
1540 2827 1796 2880 innitaturrevela-

97 2913 178 2965 nobis
196 2928 252 2965 non
269 2911 356 2965 liceat
373 2910 455 2964 salva
473 2909 699 2978 honorificentia,
717 2925 788 2978 quae
807 2909 867 2962 itte
885 2911 933 2962 de·
960 2912 1037 2966 tioni.
1075 2912 1195 2966 Roffeus
1218 2913 1246 2967 in
1265 2913 1369 2969 evniat.
1387 2923 1507 2984 prooem.
1525 2912 1607 2968 nuth.
1627 2910 1655 2986 ξ.
1677 2912 1715 2967 Et
1730 2923 1795 2967 nos:

98 2999 178 3050 bctiir
197 2997 364 3059 bominibus,
386 2996 500 3064 alipiid
517 2995 547 3047 in
564 2996 679 3049 illei-um
697 2996 812 3064 scriptis
829 2997 932 3065 impro-
962 3000 1000 3051 Et
1028 3015 1079 3051 nos
1106 2998 1255 3068 aliquoties
1286 3015 1396 3052 errasse
1422 3006 1522 3067 patres
1549 3017 1605 3053 non
1633 2999 1797 3069 diffitemur,

97 3086 164 3135 bare
178 3093 261 3151 atque
272 3099 411 3150 respuere,
428 3084 540 3149 sisorte
555 3083 749 3149 invenerimus,
762 3084 839 3150 qiiod
850 3082 934 3135 aliter
959 3084 1084 3136 bominis
1107 3085 1179 3138 enim
1202 3093 1297 3154 erant,
1323 3086 1394 3137 siem
1413 3102 1472 3138 nos.
1509 3084 1660 3154 cajetanus
1679 3085 1795 3155 prsefst.

97 3170 249 3232 senserint,
269 3186 354 3237 quam
371 3169 474 3221 veritas
494 3169 582 3221 babet.
600 3168 647 3222 lib.
669 3174 692 3223 2.
712 3169 748 3221 de
766 3168 840 3237 bspt.
862 3175 933 3224 eout.
960 3177 1104 3224 comment.
1131 3170 1159 3225 in
1177 3170 1292 3225 Genea:
1332 3171 1499 3239 Siquando
1519 3171 1796 3239 occurreritaliquis

96 3255 199 3309 Donet
217 3270 277 3323 esp.
298 3259 328 3308 3:
365 3253 433 3314 Quis
459 3255 577 3316 inmeiat,
602 3262 728 3307 sanctam
758 3253 932 3323 scripturam
959 3272 1055 3308 sennis
1079 3258 1166 3308 tactui
1187 3274 1358 3324 consonans,
1382 3257 1507 3325 qiiamms
1525 3274 1544 3308 a
1561 3264 1683 3309 tenente
1702 3258 1795 3309 docto·

95 3342 261 3394 canonicam
285 3349 342 3392 tam
368 3340 397 3395 V.
417 3357 501 3408 quam
520 3342 556 3392 N.
580 3342 610 3395 Τ,
630 3341 712 3393 certis
730 3341 790 3393 suis
806 3340 933 3393 terminis
959 3360 1021 3394 rum
1047 3343 1170 3410 alienus,
1196 3343 1283 3395 lector
1307 3359 1426 3411 aequm
1449 3359 1478 3394 se
1492 3342 1627 3410 praebeat
1646 3358 1795 3409 censorem,

94 3428 235 3481 contineri
250 3442 365 3495 eamque
383 3427 508 3478 omnibus
518 3427 724 3495 posterioribus
737 3428 930 3495 episcoporum
959 3428 1108 3497 nullusque
1127 3431 1277 3480 detestetur
1295 3427 1377 3480 illum
1395 3444 1427 3479 ce
1448 3427 1511 3495 loc,
1539 3429 1616 3496 quod
1633 3429 1758 3481 dissonet
1776 3446 1795 3480 a

94 3514 188 3567 literis
212 3513 254 3564 ita
274 3513 431 3581 praeponi,
455 3520 484 3563 ut
507 3514 543 3565 de
560 3513 612 3565 illo
629 3514 740 3565 omnino
762 3514 890 3565 dubitari
906 3521 933 3565 et
955 3515 1062 3582 priscis
1082 3514 1261 3578 doctoribus;
1293 3531 1350 3566 uon
1373 3513 1445 3565 enim
1464 3513 1594 3580 alliqavit
1613 3515 1693 3567 Deus
1711 3529 1794 3582 erpo·

95 3598 254 3666 disceptari
284 3616 339 3650 non
373 3599 480 3666 possit,
516 3605 609 3650 utrum
646 3614 742 3651 verum
769 3599 812 3652 vel
839 3606 931 3652 uuum
959 3601 1086 3653 cilionem
1113 3600 1279 3667 Scripturas
1301 3600 1463 3668 priscorum
1492 3601 1637 3652 doctorum
1663 3600 1795 3666 sensibus,

92 3693 197 3738 rectum
217 3685 262 3746 sit,
281 3683 421 3752 quidquid
438 3683 468 3734 in
481 3699 515 3736 ea
534 3685 669 3752 scriptino
687 3700 746 3736 eise
767 3685 931 3736 constiterit.
958 3686 1084 3753 alioquin
1103 3702 1165 3754 spes
1185 3685 1263 3738 nobs's
1279 3685 1423 3738 tolleretur
1435 3686 1594 3754 exponendi
1610 3685 1794 3753 Scriptorum,

95 3770 302 3838 Episcopoium
322 3775 415 3821 autem
432 3769 547 3836 literas,
567 3785 639 3836 quae
652 3777 719 3837 post
737 3772 930 3832 confirmatum
958 3773 1015 3825 nisi
1030 3774 1237 3838 transferendo,
1255 3781 1286 3825 ut
1304 3773 1396 3841 ajunt,
1418 3775 1453 3825 de
1473 3773 1547 3826 libro
1564 3775 1593 3826 in
1607 3772 1792 3842 quieternum.

93 3871 228 3909 canonem
256 3855 300 3907 rel
329 3855 452 3923 scriptae
475 3863 552 3920 sunt,
578 3854 623 3905 vel
642 3855 814 3921 scribuntur,
834 3862 931 3925 ceper
957 3858 1088 3912 Erasmus
1106 3859 1134 3912 iu
1154 3865 1246 3912 sunot.
1266 3858 1299 3913 N.
1320 3859 1353 3912 T.
1372 3875 1396 3914 e.
1416 3865 1438 3914 2.
1458 3859 1555 3913 Mstth.
1575 3876 1603 3927 p.
1627 3863 1672 3912 13:
1707 3859 1792 3912 Solus

93 3958 247 3995 sermonem
269 3942 352 4007 sorte
384 3940 584 4009 sapientiorem
608 3941 757 4009 cujuslibet
783 3942 814 3994 in
841 3959 874 3994 ca
897 3959 930 3994 re
960 3945 1086 3998 Obristus
1113 3945 1204 3997 dictus
1229 3952 1269 3997 est
1293 3945 1411 4012 veritas,
1436 3963 1510 3997 unus
1536 3944 1586 3997 ille
1605 3931 1697 3996 caruit
1717 3945 1795 3997 omni

89 4028 238 4098 peritioris
267 4034 293 4078 ct
316 4043 369 4093 per
397 4027 518 4078 aliorum
551 4027 744 4094 episcoporum
771 4028 930 4093 praviorem
957 4047 1060 4085 errore.
1099 4032 1205 4098 Adfuit
1233 4030 1357 4099 Spiritiis
1381 4030 1494 4083 divinus
1523 4038 1548 4082 et
1581 4029 1737 4097 Cypriane,
1761 4038 1794 4083 ut

93 4114 290 4166 auctoritatae
313 4115 512 4179 doctorumque
528 4112 712 4180 prudentiam
728 4122 755 4166 et
768 4130 823 4182 per
839 4115 930 4167 eonci-
957 4124 998 4169 est
1021 4117 1184 4186 probabile,
1217 4125 1243 4168 et
1268 4124 1360 4169 tamen
1387 4117 1528 4184 quaedam
1555 4114 1635 4167 illius
1658 4116 1791 4182 rejiciun-

93 4200 136 4252 lia
156 4199 240 4251 licere
260 4198 437 4266 reprebendi,
457 4200 483 4249 si
498 4199 570 4266 quid
586 4200 616 4251 in
637 4201 678 4251 eis
692 4200 769 4262 forte
783 4218 801 4252 a
814 4201 929 4254 veritate
957 4210 1003 4255 tur
1020 4202 1057 4254 ab
1075 4202 1245 4263 ortbodoeis,
1265 4202 1363 4263 adfuit
1381 4208 1407 4253 et
1425 4201 1606 4267 Hieronpmo,
1622 4201 1793 4267 rejiciuntur

93 4285 235 4337 ckvmtum
253 4291 300 4338 cst.
319 4281 366 4336 lib.
390 4288 428 4339 lt.
443 4288 540 4337 oenus
557 4284 691 4337 Faustum
709 4301 733 4340 a.
753 4291 783 4337 5:
810 4286 844 4338 Ιπ
862 4303 929 4354 opu·
957 4295 982 4340 et
1006 4288 1089 4354 liujus
1115 4286 1266 4348 nonnulla,
1298 4286 1396 4350 adfuit
1419 4287 1590 4354 Auqustino,
1623 4292 1706 4353 atque
1731 4286 1792 4355 ipse

92 4372 181 4424 sculis
211 4371 415 4439 posteriorum,
456 4388 526 4439 quiae
560 4371 641 4424 libris
679 4373 930 4425 innumerabilibus
956 4374 1096 4443 quaedam
1120 4388 1173 4425 sisa
1197 4373 1361 4424 recantavit.
1408 4371 1441 4425 Iu
1459 4388 1483 4426 o.
1508 4377 1547 4428 ll.
1572 4372 1671 4425 Metth.
1695 4390 1721 4442 p.
1742 4377 1790 4426 tl:

92 4458 281 4523 eontinentur,
310 4459 363 4508 sed
387 4457 468 4509 nullo
493 4460 576 4510 modo
603 4460 757 4511 canonicae
783 4477 930 4511 sacrarum
958 4460 1033 4520 Scio,
1044 4458 1252 4525 Hieronymum,
1264 4459 1451 4527 Auqustinum
1462 4474 1577 4527 cumque
1589 4458 1632 4510 liis
1640 4458 1792 4527 plerosque

95 4544 309 4611 scripturarum
339 4543 517 4596 eccellentiae
552 4551 755 4612 coaequantur,
792 4545 874 4596 etiam
900 4544 930 4596 in
957 4546 1042 4598 aliter
1066 4544 1263 4611 interpretari,
1287 4559 1382 4596 verum
1399 4543 1485 4596 liceat
1504 4550 1531 4596 et
1548 4561 1567 4596 a
1583 4543 1793 4611 probatissimis

92 4630 299 4698 qssibuseunque
319 4630 460 4681 invenitur
478 4631 574 4682 eadem
593 4631 712 4693 veritae,
738 4630 820 4697 lonqe
839 4638 930 4683 tamen
957 4629 1116 4683 arietaribue
1135 4629 1240 4682 alicubi
1256 4629 1414 4696 dissentire,
1434 4630 1660 4698 quandoquidem
1677 4629 1792 4682 illinon

94 4718 187 4783 impar
211 4723 250 4768 eet
274 4716 436 4768 arictvritas.
480 4715 580 4784 Itaque
604 4718 634 4769 in
658 4718 698 4769 eis
720 4717 837 4785 siquae
854 4718 931 4778 forte
956 4716 1046 4769 solinu
1072 4715 1195 4768 immines
1218 4717 1349 4783 serment,
1380 4732 1475 4767 verum
1500 4715 1654 4784 permisere
1682 4715 1738 4767 sibi
1762 4715 1791 4767 in
1807 4719 1921 4764 xm.-

89 4809 246 4871 propterea
264 4802 413 4854 dissonare
427 4809 565 4870 putantur
583 4821 600 4854 a
618 4819 697 4865 vero,
718 4804 785 4871 quia
805 4820 874 4868 non,
899 4811 929 4854 ut
957 4802 1118 4870 tropoloqia
1138 4816 1335 4868 nonnumquam
1349 4801 1429 4853 abuti
1441 4800 1606 4870 Scripturas
1618 4800 1791 4857 testimoniis.

92 4889 172 4941 dicta
197 4896 274 4953 sunt,
300 4887 513 4954 intelliquntur,
540 4897 631 4940 tamen
653 4889 772 4942 liberum
791 4890 831 4942 ibi
848 4890 931 4942 babet
956 4888 990 4940 In
1015 4903 1038 4940 e.
1060 4892 1100 4940 22.
1121 4885 1189 4940 Luc.
1217 4900 1280 4957 pag.
1304 4892 1366 4940 157:
1397 4887 1469 4940 San
1488 4889 1538 4955 qui
1550 4887 1681 4956 protinus
1698 4893 1792 4939 contu·

91 4976 180 5027 lector
199 4974 346 5025 auditorve
358 4973 514 5039 judicium,
542 4989 597 5039 quo
614 4973 657 5026 uel
678 4975 829 5043 approbet,
855 4977 931 5043 quod
957 4974 1068 5026 meliom
1088 4973 1313 5041 interpretentur,
1330 4974 1357 5025 ei
1375 4973 1438 5040 quie
1459 4990 1477 5024 a
1493 4973 1612 5042 receptis
1631 4973 1793 5026 auctoribus
1856 5016 1859 5022 .

90 5060 245 5127 placuerit,
267 5059 312 5110 eci
332 5059 481 5125 improbet,
502 5060 579 5125 quod
596 5060 747 5127 offenderit
764 5066 816 5113 eta.
836 5060 886 5115 lib,
904 5066 928 5114 2.
958 5060 1114 5126 discrepat,
1139 5074 1201 5109 cum
1222 5059 1273 5111 boc
1296 5058 1411 5112 lionoris
1428 5074 1463 5110 ne
1482 5058 1538 5126 ipsi
1550 5058 1706 5126 postulent,
1736 5058 1792 5110 imo

90 5152 179 5199 contr.
199 5144 325 5199 Greioon.
343 5161 367 5198 e.
384 5149 433 5198 31:
457 5145 518 5196 Nos
530 5145 774 5212 nullamsaci'mus
786 5146 930 5215 Cypriane
957 5144 1185 5197 contumeliosum
1206 5144 1295 5204 fuerit
1313 5145 1424 5211 opinor,
1443 5145 1470 5196 si
1488 5145 1549 5212 quis
1568 5145 1635 5197 illos
1653 5144 1793 5197 bominum

90 5231 243 5298 injuriam,
274 5247 336 5281 cum
365 5230 426 5297 ejus
452 5229 590 5297 quaelibet
618 5230 718 5282 literae
747 5247 766 5282 a
793 5232 930 5283 canonica
957 5247 1032 5284 more
1052 5230 1149 5297 lapsos
1167 5230 1272 5282 alicubi
1284 5236 1399 5281 conetur
1410 5230 1544 5281 adversus
1555 5230 1699 5282 ciuitatem
1711 5231 1792 5283 tueri.

90 5316 253 5371 divinorum
284 5315 498 5383 Scripturarum
529 5315 696 5367 auctoritate
723 5316 929 5384 distinquimue.
956 5315 1104 5370 Villsviuo.
1132 5316 1167 5368 de
1193 5320 1244 5368 ret.
1271 5314 1343 5368 stud.
1368 5314 1450 5368 theol.
1475 5314 1520 5368 lib.
1540 5320 1564 5369 4.
1584 5332 1607 5368 o.
1626 5322 1655 5370 6:
1691 5317 1793 5369 Omnes

91 5403 189 5470 Neque
208 5402 280 5453 enim
299 5403 359 5455 sine
378 5410 467 5452 cause
484 5408 541 5452 tam
554 5401 666 5453 saliibri
676 5401 930 5468 vipilantiacanon
952 5408 1053 5469 patres
1089 5402 1288 5470 quantumlibet
1324 5400 1444 5466 iutriqnes
1473 5400 1548 5451 vitae
1577 5400 1736 5456 mnocmtia
1765 5410 1793 5455 et

91 5487 299 5542 ecclesiasticus
317 5488 484 5540 constitutus
502 5495 552 5552 est,
571 5488 613 5538 ad
632 5502 712 5554 quiem
727 5488 798 5538 certi
805 5489 930 5556 propbe-
957 5487 1114 5540 eruditione
1133 5486 1250 5539 subinde
1270 5488 1353 5539 verbo
1367 5485 1525 5556 scriptoque
1539 5489 1681 5557 offendere
1693 5490 1792 5558 palam

89 5582 186 5628 tarum
204 5580 231 5626 et
247 5573 441 5642 monetarum
459 5573 528 5625 libri
541 5573 709 5641 pertineant,
730 5589 801 5641 quos
814 5573 926 5628 ormino
956 5582 1004 5628 eit.
1042 5572 1141 5627 Maleh.
1165 5572 1260 5627 Genus
1284 5570 1332 5628 lib.
1354 5577 1392 5627 11.
1417 5571 1469 5630 loe.
1490 5588 1588 5631 mmm.
1614 5589 1639 5630 c.
1659 5579 1690 5631 i:
1726 5575 1792 5629 Non
