4004 6022
260 241 320 299 402
825 230 946 290 Locus
965 231 1169 290 VICESIMUS
1188 231 1387 292 SECUNDUS

259 406 293 444 ex
311 388 420 460 seriptis
438 386 607 464 propheticis
627 393 656 443 et
674 385 833 457 apostolicis
850 386 986 459 inquirat,
1008 404 1091 458 quae·
1118 395 1182 441 onte
1201 406 1252 442 nos
1270 387 1438 456 sociandum
1452 387 1610 456 putauerit,
1637 387 1690 439 sed
1706 386 1790 456 quid,
1817 386 1868 457 qui
1885 393 1948 440 onte

258 491 325 529 nam
351 475 389 530 sit
415 491 480 529 vera
511 472 661 543 antiquitas
690 473 726 526 ad
750 472 871 527 divinam
895 472 1091 529 revelationem
1118 492 1211 529 omnes
1227 482 1280 542 est,
1306 472 1434 528 Christus
1454 472 1538 544 prior
1549 474 1665 542 feccrit.
1695 473 1793 541 Neque
1811 473 1887 527 enim
1904 473 1949 528 lo·

260 577 338 615 suam
364 560 467 614 referre
489 565 588 629 potens
613 557 747 629 originem
772 564 800 613 et
823 558 964 614 doctrinae
981 559 1091 615 sinceri·
1118 560 1200 614 minis
1217 559 1443 613 consumudinem
1460 559 1540 628 sequi
1558 566 1677 630 oportet,
1700 560 1753 613 sed
1771 559 1834 612 Dei
1849 560 1948 613 cerita-

258 653 343 702 tatem
369 645 473 700 habens
497 646 681 715 conjunctam.
722 643 961 708 Quemadmodum
978 645 1029 698 sub
1047 662 1091 699 eo·
1117 655 1178 703 tem.
1203 645 1283 716 epist.
1312 652 1359 701 rt:
1394 646 1570 700 Consuetudo
1597 647 1656 698 sine
1684 646 1801 699 veritate
1827 654 1948 707 adumar

259 731 322 786 dem
346 731 457 785 militari
484 730 564 801 signo
591 730 832 801 progredientibus
855 748 911 785 non
937 730 1089 802 adspicien·
1117 733 1222 785 erroris
1241 740 1290 785 eat.
1323 730 1449 786 Clemens
1461 731 1541 787 Alex.
1562 732 1591 784 in
1610 736 1677 787 orat
1695 729 1804 786 adhort.
1825 731 1864 785 ad
1876 742 1947 803 gent.

258 817 310 871 dus
328 824 370 871 est
388 817 526 872 secundus
545 824 594 872 aut
611 818 722 885 tertius,
742 817 790 890 qui
807 819 930 888 proxime
944 817 1090 883 antecedit,
1117 836 1144 889 p.
1171 823 1217 874 22:
1260 818 1436 872 Conmendo
1463 819 1580 888 suffocat
1610 817 1761 889 bominem,
1791 835 1812 869 a
1836 816 1948 870 amiate

258 919 388 974 quorsum
405 903 446 957 illi
465 921 590 975 gressum
610 903 764 974 instituant,
783 921 877 959 verum
896 920 981 974 supra
996 919 1090 958 omnes
1117 905 1229 972 auertit,
1250 903 1364 957 obducit
1381 923 1399 958 a
1417 905 1486 971 uita,
1508 912 1548 957 est
1566 903 1694 973 laquens,
1719 912 1759 956 est
1779 904 1947 973 barathrum,

257 991 294 1044 ad
317 991 408 1060 ipsum
427 989 558 1044 vexillum
576 989 738 1044 intendendi
757 995 822 1044 sunt
838 990 925 1060 oculi;
954 991 994 1044 sic
1010 989 1089 1043 nobis
1117 990 1271 1044 estmalum
1284 989 1476 1044 ventilabrum.
1505 988 1704 1061 *rcyprimus
1717 990 1754 1044 ad
1764 990 1947 1061 Jubajannm:

256 1075 286 1128 in
311 1075 445 1130 militante
472 1076 588 1131 ecclesia
612 1076 664 1129 sub
684 1074 785 1130 Christi
809 1075 889 1146 signo
913 1091 963 1146 per
981 1092 1088 1129 sueces-
1118 1078 1240 1131 mmrra
1257 1077 1372 1146 quidam
1391 1079 1441 1146 qui
1456 1077 1565 1131 ratione
1586 1078 1746 1137 vincuntur,
1773 1077 1947 1130 consuetudi

256 1162 346 1217 siones
367 1161 522 1216 seculorum
542 1161 733 1233 pugnantibus
752 1178 808 1215 non
827 1163 864 1215 ad
883 1160 945 1215 illos
963 1162 1089 1230 majores,
1117 1181 1178 1217 nem
1203 1163 1283 1217 nobis
1310 1171 1465 1233 opponunt,
1497 1164 1580 1231 quasi
1603 1165 1775 1217 consududo
1797 1163 1895 1232 major
1913 1161 1947 1215 sit

256 1248 304 1319 qui
327 1248 449 1317 proxime
472 1264 522 1302 nos
546 1254 758 1319 praecesserunt
783 1253 811 1303 et
837 1248 904 1320 quid
924 1248 965 1302 illi
983 1246 1089 1302 institu-
1116 1251 1245 1318 ueritate,
1266 1257 1315 1302 am
1333 1267 1389 1302 non
1399 1250 1495 1317 suerit
1511 1251 1540 1301 in
1558 1249 1753 1318 spiritualibus
1770 1251 1947 1319 sequendum,

256 1334 340 1401 erint,
368 1335 584 1406 respiciendum,
610 1353 705 1390 verum
728 1353 813 1406 supra
833 1352 926 1390 omnes
945 1335 981 1389 ad
999 1334 1090 1404 ipsum
1116 1335 1143 1387 si
1169 1335 1270 1388 melius
1299 1335 1389 1396 fuerit
1419 1352 1438 1385 a
1466 1333 1575 1403 Spiritu
1601 1354 1624 1393 s.
1647 1335 1806 1388 revelatum.
1833 1335 1864 1390 in
1883 1342 1945 1391 sent

256 1419 397 1475 Christum
415 1430 548 1493 tanquam
566 1421 678 1475 unioum
697 1421 840 1476 militantis
862 1421 991 1477 ecclesiae
1005 1421 1089 1492 signi-
1116 1421 1248 1491 episcop:
1274 1422 1315 1482 ,ln
1333 1421 1478 1488 euangelio
1493 1421 1650 1474 Dominus:
1679 1420 1742 1489 Epo
1761 1440 1834 1490 sum,
1853 1422 1947 1491 inquit,

254 1510 345 1561 terum
380 1524 457 1562 mens
496 1507 631 1562 elevanda
669 1507 730 1564 erit.
784 1507 1021 1573 Quemadmodum
1053 1506 1088 1561 ad
1115 1508 1233 1575 veritas,
1259 1524 1314 1560 non
1340 1506 1412 1560 dixit
1428 1523 1478 1574 epo
1496 1524 1556 1558 rum
1572 1508 1748 1561 consuetudo.
1786 1506 1891 1577 Itaque
1907 1524 1947 1562 oe»

254 1593 346 1664 ipsum
369 1592 476 1648 fontem
501 1593 712 1663 recurrendum,
741 1595 764 1647 si
787 1595 892 1648 rivulus
916 1593 985 1648 fluat
1001 1592 1088 1648 turbi·
1115 1592 1200 1646 ritate
1218 1595 1401 1660 manifestata
1420 1593 1503 1645 cedat
1520 1593 1689 1645 consuetudo
1708 1593 1832 1646 ceritati.
1865 1592 1947 1649 lbid:

255 1681 322 1743 dus;
347 1680 386 1733 aio
411 1678 448 1733 ad
471 1677 563 1732 fontes
585 1679 809 1750 propheticorum
833 1688 861 1734 et
877 1678 1089 1750 apostolicorum
1119 1679 1193 1740 Quia
1214 1680 1441 1733 cornuetudinern
1466 1680 1570 1733 verdae
1594 1686 1620 1732 et
1642 1678 1716 1732 ratio
1733 1696 1845 1749 semper
1862 1680 1948 1733 walse

256 1765 421 1836 scriptorum
440 1765 521 1820 unice
538 1771 744 1835 recurrendum,
764 1766 788 1820 si
809 1766 876 1839 quid
895 1765 966 1822 labis
985 1772 1014 1822 et
1030 1766 1090 1820 vitii
1116 1766 1167 1822 dit.
1214 1764 1427 1836 Chryaostomus
1455 1764 1484 1819 in
1514 1762 1583 1819 Gen.
1609 1765 1681 1818 horn.
1706 1770 1754 1819 56:
1794 1766 1850 1819 Ubi
1877 1767 1948 1820 enim

256 1851 354 1922 religio
380 1850 540 1905 Christiana
561 1855 604 1905 tot
627 1851 781 1905 soculorum
807 1853 924 1906 decursu
948 1852 1090 1908 contraxit.
1115 1860 1222 1905 tantan
1241 1853 1351 1905 animae
1371 1855 1510 1914 damnum,
1530 1869 1586 1920 qua
1604 1853 1640 1904 de
1656 1868 1743 1904 causo
1757 1853 1830 1905 mibi
1840 1870 1948 1907 eonsue-

255 1943 280 1994 4.
290 1936 388 1991 Patres
401 1954 455 1992 non
469 1944 621 2007 provocant
633 1938 670 1992 ad
682 1938 768 1991 solam
782 1938 983 2010 antiquitatem,
995 1939 1044 1994 sed
1057 1957 1090 1995 ex
1116 1940 1240 1992 tudinem
1253 1946 1419 2006 praeteriere
1438 1938 1546 1990 audeat
1570 1936 1613 1991 'Et
1631 1945 1743 2008 postea:
1772 1939 1868 2007 Vides,
1886 1956 1948 2010 giso

255 2025 373 2079 veritate
395 2023 578 2095 judicandam
602 2039 662 2079 esse
686 2025 879 2096 antiquitatem
901 2027 1088 2095 pronuntiant.
1117 2026 1199 2078 modo
1226 2042 1282 2078 non
1305 2031 1414 2094 oportet
1447 2025 1672 2078 consuetudinem
1692 2033 1872 2094 praetexere,
1900 2027 1948 2079 sed

256 2110 384 2182 Ignatius
401 2110 430 2165 in
448 2111 527 2180 epist.
542 2115 565 2166 6.
579 2109 1089 2182 quaeestadPhiladelphmemorat,
1116 2112 1193 2181 quod
1218 2110 1324 2179 iratum
1352 2119 1390 2164 est
1416 2111 1567 2180 inquirere.
1613 2113 1688 2163 Ecce
1716 2112 1790 2163 enim
1818 2113 1947 2181 quonian

255 2196 310 2251 sibi
335 2213 353 2252 a
374 2196 541 2268 quibusdam
564 2196 648 2251 fuisse
674 2196 827 2267 objectum:
854 2196 903 2250 rev
926 2195 965 2271 μὴ
985 2199 1015 2252 ἐν
1033 2205 1090 2258 τοῖς
1117 2197 1193 2251 aiala
1209 2197 1277 2251 toea
1296 2205 1356 2250 erat
1373 2200 1554 2265 consuetudo,
1575 2197 1690 2267 exploso
1709 2206 1792 2251 estet
1811 2198 1948 2252 nonlicet

255 2280 377 2354 ἀρχείοις
392 2281 463 2352 εὕρω
478 2282 508 2336 τὸ
527 2280 697 2352 εὐαγγέλιον,
718 2281 752 2336 οὐ
769 2282 915 2347 πιστεύσω,
934 2284 991 2336 nisi
1008 2299 1089 2336 euan-
1116 2284 1171 2337 ulli
1187 2300 1249 2337 earn
1264 2291 1436 2353 praetexere.
1475 2284 1620 2351 Nusquam
1646 2283 1747 2351 igitur,
1773 2285 1889 2337 obsecro
1914 2292 1947 2352 te,

254 2370 358 2440 pelium
373 2370 404 2423 in
416 2370 540 2439 antiquis
551 2370 689 2433 inuenero,
704 2388 760 2424 non
772 2371 886 2423 medam
892 2389 903 2436 ;
918 2369 1018 2440 quibus
1030 2370 1089 2440 ipse
1115 2370 1339 2423 consuetudieem
1362 2369 1550 2438 inquiramus,
1576 2370 1628 2422 sed
1649 2369 1749 2440 ubique
1773 2372 1854 2440 quod
1871 2370 1948 2440 utile,

254 2456 417 2527 respondet:
439 2457 503 2530 ipat
529 2455 625 2525 ἀρχεῖά
646 2458 721 2511 ἐστιν
738 2455 874 2524 Ἰησοῦςό
898 2457 1031 2527 Χριστὸς,
1055 2445 1089 2509 οὗ
1117 2465 1142 2510 et
1164 2458 1191 2510 si
1213 2457 1284 2526 quid
1304 2464 1344 2509 est
1364 2457 1475 2524 bonum,
1501 2456 1584 2508 etiam
1602 2456 1631 2510 si
1642 2473 1697 2509 non
1715 2457 1752 2508 sit
1769 2458 1948 2523 coruuetudo,

255 2546 427 2615 παρακοῦσαι
449 2540 589 2612 πρόδηλος
614 2537 743 2616 ὄλεθρος,
770 2543 855 2595 Jesus
873 2541 1002 2596 Christus
1021 2543 1090 2596 mebi
1115 2545 1166 2608 fiat
1184 2561 1202 2596 a
1220 2543 1315 2611 nobis;
1341 2551 1366 2596 et
1382 2543 1410 2595 si
1422 2542 1611 2612 perniciosum
1632 2548 1686 2610 est,
1707 2542 1821 2596 etiamsi
1836 2560 1948 2598 cosmae·

250 2646 308 2698 pro
336 2628 459 2682 archivis
484 2635 539 2697 cst,
569 2629 618 2681 cui
639 2646 695 2682 non
717 2645 820 2698 parere
846 2630 1026 2694 manifestum
1049 2637 1089 2681 est
1116 2633 1184 2684 tudo
1202 2630 1247 2694 sit,
1264 2629 1410 2698 sapiamus
1429 2637 1455 2682 et
1471 2629 1675 2684 aversemur.”
1712 2626 1903 2702 Hieronymus
1920 2630 1947 2684 in

255 2715 377 2769 exitium.
421 2713 525 2768 Postea
552 2713 712 2784 subjungit:
740 2712 904 2769 αὐθενιικόν
931 2722 985 2784 μοί
1014 2714 1088 2768 ἐστιν
1116 2733 1140 2772 e,
1165 2722 1188 2771 9,
1213 2716 1284 2772 dea:
1320 2717 1380 2769 Nec
1393 2723 1558 2784 parentum,
1580 2731 1630 2768 nec
1648 2716 1789 2785 majorum
1808 2733 1892 2770 error
1909 2734 1947 2770 ae·

254 2798 369 2873 ἇρχεΐον
391 2799 405 2853 ὁ
424 2799 540 2868 σιαυρός
562 2796 647 2851 αὐτοῦ
669 2804 714 2852 καὶ
738 2799 752 2852 ὁ
772 2798 893 2860 θάνατος
915 2806 960 2854 καὶ
981 2800 997 2869 ἡ
1021 2799 1089 2856 airri-
1116 2803 1241 2871 quendus
1267 2809 1319 2867 cst,
1349 2803 1401 2855 red
1422 2801 1578 2854 auctoritas
1604 2799 1819 2869 scripturorum
1843 2811 1870 2855 et
1892 2803 1948 2856 Dei

254 2902 349 2948 στασις
375 2882 461 2939 αὐτοῦ
488 2889 534 2938 καὶ
566 2883 583 2951 ἡ
610 2889 701 2944 πίστις
726 2890 789 2959 nspl
815 2886 926 2943 τούτων.
962 2886 1089 2943 Justinus
1116 2890 1239 2942 doceatis
1256 2888 1412 2957 imperium.
1448 2887 1622 2957 Augustinus
1637 2879 1672 2939 ¹in
1691 2903 1736 2958 qq.
1759 2886 1793 2943 V.
1814 2903 1848 2941 aa
1865 2886 1946 2945 N.T.

254 2970 328 3044 apol.
353 2977 378 3026 2.
403 2988 468 3042 pag.
492 2976 535 3026 tt.
560 2967 592 3023 τὰ
619 2970 670 3038 ἔθη
696 2973 751 3043 πρὸ
774 2972 821 3038 τῆς
842 2969 974 3038 ἀληθείας
996 2974 1088 3042 τιμᾶν,
1116 2992 1143 3046 q.
1170 2980 1232 3030 114:
1276 2974 1424 3042 Adsporm
1446 2974 1584 3041 quaedam
1605 2973 1766 3042 praestipia
1791 2973 1947 3041 (diabolus),

256 3058 453 3113 consuetudini
485 3058 631 3111 ueritatem
657 3058 837 3127 posthabere,
873 3056 999 3127 ἀνοήτων
1032 3077 1088 3113 esse
1112 3077 1166 3130 per
1184 3077 1257 3129 quae
1274 3060 1393 3114 illiceret
1404 3059 1527 3112 domines
1545 3048 1733 3122 ad'errorem,
1748 3067 1774 3111 et
1784 3061 1828 3113 sic
1839 3063 1947 3124 sactum

255 3145 330 3199 dicit.
349 3145 378 3198 in
396 3144 477 3215 epist.
494 3143 531 3197 ad
549 3142 718 3215 Diognetum
735 3163 763 3215 p.
783 3148 841 3200 381.
860 3145 988 3215 ostendit,
1009 3146 1087 3200 Olari-
1115 3154 1170 3214 est,
1200 3155 1230 3200 ut
1249 3162 1306 3215 per
1331 3148 1475 3199 traducem
1505 3146 1683 3216 antiquitatis
1707 3149 1948 3202 commendaram

253 3232 430 3286 stianismum
457 3230 524 3285 olim
546 3231 639 3296 faiam
661 3231 785 3285 lubitum
808 3229 905 3286 καινὸν
935 3245 1016 3302 γενος
1041 3238 1086 3286 καὶ
1114 3233 1245 3297 fallacia.
1269 3232 1352 3290 ibid:
1388 3233 1509 3287 Possunt
1530 3233 1616 3286 etium
1633 3232 1756 3286 latrones
1775 3239 1803 3285 et
1822 3234 1949 3288 adulteri

254 3315 432 3391 ἐπιτήδευμα.
472 3316 661 3371 Tertullianus
688 3317 717 3370 in
742 3319 851 3389 apolog.
875 3323 973 3372 conns
991 3325 1088 3390 gentes
1112 3338 1167 3390 pro
1185 3337 1214 3373 se
1231 3320 1425 3389 antiquitatem
1444 3320 1570 3383 adferre.
1609 3317 1749 3372 Arnobius
1769 3317 1818 3374 lib.
1840 3324 1863 3374 t.
1885 3336 1946 3375 oon·

254 3421 278 3460 c.
298 3411 339 3460 tt.
358 3403 387 3458 in
407 3402 495 3474 princ.
514 3402 605 3482 docet,
624 3403 685 3456 sinc
705 3404 803 3457 dr'eino
816 3404 1089 3458 literaturanuilius
1115 3415 1158 3462 tra
1175 3414 1264 3478 gent:
1295 3406 1459 3460 Auctoritas
1477 3422 1531 3457 non
1550 3412 1670 3474 tempore
1689 3406 1877 3475 aestimanda,
1897 3407 1946 3460 sed

253 3491 384 3546 momenti
406 3506 465 3542 esse
490 3490 692 3557 antiquitatem.
727 3489 877 3557 Antiquior
897 3490 1012 3561 (inquit)
1031 3509 1087 3545 om·
1115 3495 1232 3549 riurnine.
1263 3492 1440 3546 Bernhardus
1458 3492 1538 3563 epist
1558 3496 1599 3546 91.
1618 3491 1654 3545 ad
1669 3490 1785 3545 abbates
1799 3491 1945 3549 Suessione

253 3578 335 3632 nibus
351 3577 463 3643 veritos,
482 3576 513 3627 ni
523 3575 631 3640 fallor.
668 3574 707 3628 Et
724 3582 822 3646 postea
840 3575 999 3648 subjungit:
1024 3577 1088 3630 Hoc
1114 3585 1311 3651 congregatos:
1330 3580 1474 3632 Recedunt
1493 3597 1511 3631 a
1530 3596 1572 3631 mc
1590 3586 1614 3631 et
1628 3595 1647 3629 a
1661 3577 1753 3641 scobis,
1773 3580 1826 3648 qui
1836 3581 1943 3634 dieram

254 3663 324 3717 asilii
340 3663 456 3731 proficit
482 3661 636 3729 antiquitas
657 3671 837 3729 praestructa
862 3664 975 3718 diuinae
993 3664 1088 3718 litero·
1115 3667 1252 3720 Nolumus
1275 3682 1334 3719 esse
1359 3666 1488 3719 meliores
1514 3682 1597 3733 mam
1616 3671 1717 3734 potres
1735 3666 1835 3719 nostri.
1873 3672 1897 3722 5.
1914 3665 1994 3720 inan

254 3758 350 3818 turae,
381 3764 436 3816 quo
458 3747 548 3811 facite
571 3748 701 3812 medam,
731 3749 892 3802 thesaurum
917 3767 979 3803 eam
996 3751 1088 3814 fuisse
1111 3754 1176 3823 jure
1193 3752 1324 3807 canonico
1342 3756 1371 3806 et
1389 3751 1462 3806 civili
1482 3751 1633 3805 auctoritas
1652 3751 1783 3822 antiquae
1801 3736 1994 3816 consuetu-lii

252 3834 410 3905 posteriori
427 3834 525 3902 auique
544 3834 710 3903 sapientiae.
731 3833 778 3889 lib.
798 3842 821 3890 4.
841 3835 903 3889 adv.
918 3838 1003 3891 Marc.
1024 3854 1047 3894 c.
1063 3844 1088 3893 5.
1115 3840 1188 3893 dinis
1207 3838 1352 3907 subjicitur
1364 3837 1481 3892 veritati.
1502 3836 1666 3892 e.Ve1-itsts
1685 3837 1746 3892 dist.
1760 3844 1784 3894 8.
1800 3856 1835 3894 ex
1850 3840 1943 3912 Augu·

254 3922 284 3976 in
298 3920 400 3992 prino:
418 3920 460 3974 Id
477 3920 577 3984 uerius,
597 3920 675 3988 quod
688 3920 789 3989 prius;
807 3920 841 3973 id
851 3923 945 3991 prius,
963 3924 1041 3990 quod
1054 3923 1089 3975 ab
1114 3926 1202 3979 atino:
1247 3925 1368 3979 Veritate
1387 3924 1570 3987 manifestata
1587 3925 1670 3978 cedat
1686 3928 1857 3980 commendo
1877 3925 1943 3982 ocri·

255 4008 354 4077 initio;
374 4007 408 4059 id
426 4009 461 4060 ab
480 4007 576 4073 initio,
598 4007 676 4075 quod
691 4006 728 4058 ab
747 4008 897 4075 apostolis,
919 4007 980 4074 (ubi
998 4015 1088 4063 osten·
1114 4013 1175 4065 toti.
1212 4011 1305 4064 Plane
1325 4011 1388 4078 quis
1405 4010 1517 4077 dubitet,
1534 4009 1649 4063 ueritati
1664 4011 1815 4078 manifeste
1835 4030 1943 4068 consue·

257 4093 358 4157 dit,ad
382 4094 500 4163 primam
523 4091 716 4163 antiquitatem
742 4100 770 4147 et
787 4093 896 4148 divinae
914 4093 1089 4149 revelationis
1115 4099 1238 4151 tudinem
1265 4098 1384 4151 cederet
1420 4097 1508 4150 Nemo
1538 4098 1762 4152 conmmtudinem
1788 4101 1899 4154 rationi
1919 4106 1943 4154 et

254 4180 390 4254 originem
407 4197 467 4235 ease
492 4180 710 4247 recurrendum.)
744 4179 790 4234 lib.
808 4181 844 4236 de
861 4182 970 4238 veland.
990 4182 1089 4254 virgin.
1114 4186 1227 4239 ueritati
1238 4191 1413 4254 praeponat,
1438 4184 1505 4253 quia
1523 4185 1748 4238 consuetudinem
1765 4187 1844 4242 ratio
1862 4197 1888 4242 et
1903 4203 1942 4242 oc·

254 4285 278 4328 o.
302 4276 325 4324 l.
351 4267 380 4321 in
404 4267 505 4337 prinu:
546 4267 666 4320 Veritati
688 4284 768 4321 nemo
787 4269 983 4338 praescribere
998 4279 1090 4340 potest
1114 4275 1188 4327 ritae
1204 4290 1314 4343 semper
1329 4271 1460 4326 accludit.
1477 4288 1501 4326 c.
1519 4271 1549 4327 Si
1561 4269 1797 4326 consuetudinem.
1811 4273 1875 4328 dist
1885 4273 1941 4329 ead.

254 4372 311 4410 non
329 4356 451 4424 epatium
464 4362 626 4423 temporum,
644 4372 700 4408 non
712 4355 879 4424 patrocinio
892 4373 1090 4425 personarum,
1116 4377 1148 4415 ex
1173 4357 1323 4431 Gregorio:
1357 4358 1391 4413 Si
1418 4359 1643 4412 ommmtridinem
1659 4358 1795 4422 fortassis
1811 4377 1941 4430 opponas,

145 4450 180 4492 xa
195 4449 241 4493 2³7.
254 4460 311 4497 non
330 4441 512 4512 priuilegium
536 4442 689 4509 reqionum.
725 4443 772 4494 Ea
789 4443 834 4495 lire
852 4444 923 4497 enim
938 4447 1009 4512 fere
1026 4464 1089 4500 con·
1115 4448 1314 4500 advertendum
1337 4452 1392 4509 est,
1419 4446 1496 4512 quod
1520 4445 1658 4497 Dominus
1681 4444 1763 4498 dicit:
1804 4446 1869 4514 Epo
1886 4464 1942 4500 sum

253 4530 372 4583 suetudo
397 4528 508 4581 initium
529 4528 565 4581 ab
590 4527 689 4596 aliqua
711 4528 875 4596 ignorantia
893 4529 937 4583 ool
957 4532 1090 4602 simplici·
1115 4534 1175 4597 uia,
1197 4533 1304 4585 veritos
1330 4538 1356 4583 et
1377 4529 1450 4592 oito;
1475 4547 1529 4584 non
1550 4529 1634 4583 dixit:
1671 4530 1734 4596 Epo
1754 4548 1816 4584 nim
1833 4547 1940 4585 comae·

253 4623 311 4669 tate
329 4615 431 4668 sortito
451 4615 481 4666 in
501 4631 582 4666 usum
594 4629 651 4682 pcr
668 4615 868 4668 antecessionem
883 4615 1196 4699 corroboratur,}tudo,
1229 4621 1281 4672 sed
1301 4617 1421 4684 veritas,·
1449 4623 1474 4669 et
1497 4625 1581 4684 certe,
1612 4623 1643 4669 ut
1672 4616 1812 4686 oppmant
1834 4627 1941 4671 mamus

254 4711 280 4754 et
300 4702 341 4754 ita
358 4703 495 4754 adversus
513 4700 659 4753 ueritatem
675 4701 848 4760 vendicetur.
879 4703 939 4758 Sed
948 4706 1090 4758 Dominus
1114 4704 1261 4771 sententio,
1280 4701 1418 4770 quaelibet
1435 4704 1618 4771 consuetudo,
1638 4703 1813 4770 quantumuis
1832 4711 1941 4769 uetusto,

253 4796 348 4842 noster
367 4787 494 4840 curiana
510 4789 655 4840 veritatem
672 4803 711 4855 se,
730 4805 785 4840 non
806 4792 1031 4844 consuetudinem
1045 4810 1089 4846 co·
1114 4789 1288 4860 manmmuts
1314 4789 1442 4859 uulgata,
1472 4789 1587 4843 veritati
1615 4788 1725 4842 omnino
1756 4797 1797 4842 est
1829 4798 1941 4860 postpo-

252 4875 433 4944 pnominaoit.
480 4873 515 4927 Si
537 4889 647 4941 semper
666 4873 795 4928 Christus
813 4884 838 4928 et
852 4877 938 4945 prior
955 4877 1089 4947 omnibus,
1113 4879 1216 4939 nenda,
1237 4882 1264 4929 et
1280 4893 1359 4938 usus,
1380 4877 1430 4946 qui
1445 4876 1559 4930 ueritati
1576 4884 1617 4929 est
1632 4876 1805 4941 contrarius,
1825 4885 1864 4931 art
1881 4877 1940 4930 abo·

252 4978 339 5031 oeque
361 4962 466 5014 ueritas
491 4961 662 5029 sempiterna
686 4969 712 5014 et
729 4963 847 5030 antiqua
866 4980 919 5016 res.
959 4964 1089 5019 Viderint
1115 4964 1222 5017 tendas.
1250 4979 1275 5020 c.
1313 4962 1368 5027 Qui
1391 4969 1537 5018 contemto.
1557 4959 1619 5016 dist
1639 4961 1700 5018 ead.
1720 4979 1753 5017 ex
1770 4962 1940 5035 Augustino:

252 5064 328 5119 erpo,
347 5048 446 5118 quibus
462 5065 562 5101 nouum
578 5055 626 5114 est,
648 5048 726 5117 quad
741 5048 797 5100 eibi
812 5055 889 5102 aetna
901 5058 950 5102 eet.
980 5050 1088 5105 Haere·
1116 5049 1173 5111 Qui
1194 5057 1330 5103 contemta
1348 5050 1464 5104 ueritate
1483 5049 1642 5119 praemuniit
1660 5051 1886 5103 consuetudinem
1904 5066 1939 5104 re·

252 5150 297 5188 ees
318 5152 375 5188 non
399 5142 455 5187 tom
478 5134 587 5187 nouitas
606 5132 689 5201 quam
709 5135 815 5188 ueritas
832 5135 956 5192 revincit.
996 5136 1087 5200 Quod·
1113 5136 1174 5205 qui,
1210 5145 1260 5190 aut
1294 5137 1371 5190 circo
1393 5138 1507 5203 fratres
1537 5133 1649 5189 invidus
1680 5144 1720 5189 est
1747 5144 1773 5190 ct
1796 5136 1940 5205 malignus,

252 5237 359 5288 cunque
382 5222 519 5273 aduersus
535 5219 679 5272 ueritatem
697 5221 787 5289 sapit,
812 5221 864 5274 boc
882 5224 935 5275 erit
954 5222 1087 5288 haereseis,
1113 5222 1210 5291 quiduis
1231 5223 1336 5277 ceritas
1356 5222 1498 5276 revelatur
1503 5243 1515 5286 ,-
1539 5229 1587 5274 aut
1609 5222 1686 5275 circa
1703 5223 1797 5276 Deum
1817 5223 1940 5292 inprobas

252 5308 336 5358 etiam
363 5314 439 5360 umus
466 5307 644 5360 emanando.
695 5304 897 5361 Tertullianum
924 5309 1086 5380 magistrum
1112 5317 1162 5376 eat,
1179 5309 1365 5377 irupiratione
1381 5311 1463 5378 cujus
1480 5305 1597 5361 ecclesia
1612 5308 1673 5377 ejus
1685 5308 1843 5365 instruitur.
1867 5309 1939 5363 Nam

252 5389 376 5459 sequitur
407 5389 562 5462 Cyprianus
593 5390 671 5460 epist
704 5395 750 5445 63:
801 5392 836 5445 Si
855 5393 932 5447 solus
958 5392 1085 5448 Otr-istus
1111 5395 1252 5448 Dominus
1269 5396 1299 5448 in
1318 5393 1469 5462 evangetio,
1485 5411 1534 5462 eqo
1553 5411 1621 5460 sum,
1640 5395 1740 5464 inquit,
1757 5395 1870 5466 ueritas,
1888 5412 1939 5449 non

251 5476 412 5531 audiendus
428 5485 482 5547 eet,
508 5494 565 5531 non
586 5476 715 5530 debemus
734 5479 890 5548 mandere,
921 5480 992 5548 quid
1008 5480 1085 5534 aliae
1112 5480 1197 5551 atae,
1226 5498 1276 5552 epo
1297 5499 1359 5535 sum
1381 5481 1558 5536 consuetudo
1599 5481 1702 5551 Itaque
1722 5482 1838 5538 ueritate
1856 5483 1939 5538 moni·
