4004 6022
184 215 233 282 ss.
779 202 902 269 rocus
920 200 1127 275 11111111
1141 171 1288 262 ramus
1375 172 1377 176 ’

181 359 299 417 rationis
315 357 486 429 objectiones
502 356 617 413 tirmiter
633 357 731 414 medat
746 356 923 429 promissioni
937 356 1019 412 semi·
1045 356 1096 412 sed
1119 356 1298 430 homogeneis
1314 354 1475 425 Scriptum
1499 351 1568 408 locis
1585 350 1718 422 explicari
1736 355 1832 422 potest
1850 368 1887 407 ac

182 448 234 503 nis.
273 445 320 504 sis
342 463 405 501 cum
428 444 643 500 cimnmoisionis
667 452 869 502 sacramentum
887 443 940 515 ipsi
957 461 1020 515 pro·
1046 443 1137 500 debet.
1183 444 1295 515 Dogma
1322 442 1356 497 de
1382 456 1463 495 sacra
1487 455 1576 495 coena
1602 437 1730 508 nuspiam
1759 437 1828 492 alibi
1856 438 1886 492 in

183 533 364 604 mulgeretar,
375 531 467 596 ¹vitriis
483 531 582 603 procul
596 531 682 588 dubio
693 531 909 603 cogitationibus
921 529 1019 584 distra-
1046 528 1189 601 Scriptura
1220 546 1253 584 ex
1282 527 1409 599 professo
1438 525 1558 581 traditur
1586 523 1642 579 nisi
1666 524 1696 577 in
1720 522 1776 578 illis
1804 524 1885 579 locis.

86 631 112 674 x.
125 629 171 674 ita
184 627 245 684 ctus
262 619 329 690 fuit,
352 636 402 674 cur
419 617 449 673 in
465 618 515 675 illa
533 619 654 690 corporis
672 628 752 690 parte
769 616 943 672 circuncisio
960 633 1019 670 sua-
1044 614 1120 687 Ergo
1138 615 1188 670 illa
1202 615 1264 670 loca
1281 615 1311 669 in
1327 630 1410 669 sensu
1427 612 1539 684 proprio
1557 619 1587 667 et
1603 610 1705 666 literali
1717 609 1886 682 accipienda

183 706 331 778 mpienda,
359 704 409 760 sed
435 704 487 760 sub
512 704 579 761 fidei
595 705 759 776 obsequium
777 704 869 758 denuo
886 702 1019 758 rationem
1044 707 1122 770 sunt,
1148 701 1202 756 nisi
1220 701 1294 755 enim
1313 699 1343 755 id
1361 698 1452 770 fieret,
1473 706 1647 771 sequeretur,
1673 696 1830 752 doctrinam
1849 697 1887 752 ds

183 810 270 854 suam,
285 791 409 863 captivat
430 800 459 846 et
481 809 576 848 omnes
597 791 736 847 masculos
761 790 859 844 domus
875 805 942 843 suae
960 786 1019 841 sine
1044 804 1125 842 sacra
1153 803 1243 842 coena
1270 786 1399 857 nuspiam
1423 784 1541 856 propriis
1565 783 1658 840 verbis
1683 783 1712 838 in
1738 783 1887 855 Scriptura

182 896 260 935 mora
286 879 477 948 circumcidit,
516 879 618 936 Genea.
653 884 697 945 17,
729 896 757 934 v.
787 884 829 932 2³.
877 874 947 931 Cum
984 874 1019 929 de
1044 872 1175 943 proponi,
1202 879 1231 928 et
1255 873 1296 927 sic
1321 873 1425 944 periret
1443 870 1603 942 Scripturas
1620 868 1769 940 perfectio,
1798 869 1888 940 siqui·

182 966 350 1023 immolando
380 964 437 1022 filio
464 984 515 1021 suo
546 967 644 1021 Isaaco
678 964 840 1018 mandatum
872 962 1019 1032 acciperet,
1045 959 1108 1014 dem
1127 977 1160 1014 ec
1177 960 1239 1014 solo
1257 976 1340 1013 sensa
1357 959 1467 1013 literali
1484 959 1514 1012 s'n
1533 957 1709 1028 deputabitur
1722 957 1886 1024 fideicom-

183 1069 268 1124 quam
291 1052 423 1123 speciosis
445 1051 600 1107 1111111111
623 1068 641 1105 1
664 1050 764 1105 literali
789 1066 872 1104 seusu
895 1046 1020 1101 mandati
1040 1047 1201 1116 probandis
1218 1048 1307 1114 firmo
1332 1047 1473 1100 dwantm·
1498 1051 1679 1113 orpanscntc,
1705 1049 1738 1098 ut
1754 1043 1887 1114 agnoscit

182 1138 320 1208 potuisset
340 1137 485 1195 abstrahi?
524 1135 603 1190 Deua
628 1135 807 1191 homicidium
831 1135 860 1188 in
887 1132 950 1205 lege
969 1148 1021 1186 sua
1044 1131 1105 1203 ipse
1131 1131 1315 1188 Ballarminus
1343 1131 1392 1189 lib.
1418 1137 1442 1187 3.
1469 1132 1505 1187 de
1532 1129 1616 1186 verbo
1640 1129 1696 1185 Dei
1722 1135 1792 1185 13.
1821 1146 1886 1200 per·

183 1223 340 1296 prohibuit,
363 1231 407 1280 eat
430 1222 632 1294 φιλάνθρωπος
659 1229 686 1276 11
704 1221 778 1275 vitae
796 1228 918 1286 amator,
943 1218 1020 1274 dedit
1044 1218 1172 1273 fectionis
1202 1218 1277 1273 illius
1302 1216 1492 1287 adversarius,
1522 1217 1570 1289 qui
1601 1214 1736 1272 deaumsit
1764 1214 1819 1271 hoo
1852 1232 1888 1271 ex

182 1310 391 1380 promissionem
418 1309 454 1363 de
481 1307 712 1378 multiplicatione
735 1306 861 1375 seminis,
882 1312 1021 1376 repugnat
1045 1304 1153 1360 Thema
1175 1311 1246 1375 part.
1265 1311 1288 1360 3.
1312 1309 1419 1376 quaest
1441 1311 1464 1359 1.
1487 1311 1538 1359 art.
1567 1310 1608 1360 10.
1652 1303 1750 1373 Neque
1766 1309 1888 1373 possunt

183 1396 236 1466 ipsi
253 1403 371 1451 naturae
388 1395 476 1450 filium
492 1413 510 1450 a
527 1402 642 1466 parente
659 1394 757 1459 occidi,
777 1394 955 1464 conjunctum
968 1391 1021 1448 erit
1044 1390 1090 1446 hic
1116 1408 1265 1461 provocare
1290 1390 1327 1444 ad
1349 1407 1411 1462 cap.
1438 1395 1462 1446 6.
1486 1390 1589 1446 Johan.
1615 1388 1697 1460 quasi
1720 1405 1754 1444 ex
1777 1405 1810 1444 eo
1836 1404 1887 1459 pe·

182 1482 236 1536 hoc
255 1499 319 1537 cum
337 1482 455 1538 maximo
475 1482 601 1552 gentium
618 1481 770 1535 vicinarum
789 1479 935 1546 seaudalo;
954 1496 1020 1550 ergo
1044 1478 1130 1532 tenda
1154 1477 1191 1532 sit
1215 1477 1362 1532 verborum
1380 1493 1482 1533 coenae
1501 1475 1706 1546 interpretatio,
1731 1476 1800 1547 quia
1818 1493 1888 1531 con·

183 1568 239 1623 alia
258 1568 351 1638 potius
374 1567 532 1639 quaerenda
548 1567 691 1638 praecepti
710 1565 915 1636 interpretatio,
935 1582 1019 1635 quam
1046 1564 1090 1620 cio
1120 1564 1169 1618 illa
1196 1564 1337 1635 integrum
1365 1580 1470 1618 aunum
1501 1561 1652 1618 antecessit
1681 1561 1887 1617 institutionem

184 1669 257 1725 quae
278 1671 312 1710 cx
335 1653 427 1710 verbis
449 1654 560 1725 proprie
581 1652 704 1723 acceptis
724 1652 837 1723 petitur.
883 1650 930 1707 Sic
952 1668 1020 1722 ergo
1046 1668 1148 1707 111111
1171 1657 1200 1706 11
1219 1669 1315 1707 omnes
1338 1651 1393 1705 loci
1417 1648 1640 1705 circumstantiae
1658 1648 1805 1716 11111111,
1828 1664 1887 1702 111

184 1747 242 1794 toto
264 1741 362 1795 comis
385 1740 489 1794 11111111
512 1741 647 1793 odom
664 1741 749 1804 fidon
765 1738 856 1791 animi
874 1726 1020 1806 rspupaot,
1037 1738 1082 1794 de
1104 1737 1312 1801 sacramentali,
1333 1737 1383 1792 sed
1407 1737 1443 1792 da
1466 1735 1603 1807 spirituali
1622 1736 1713 1790 solum
1733 1735 1887 1790 manduca·

185 1832 216 1879 ut
232 1824 416 1896 111111πὶ111
434 1825 470 1880 de
485 1825 547 1895 ipso
559 1824 682 1896 loquitur
693 1824 829 1895 Origenes
841 1822 934 1879 homil.
948 1829 972 1879 6.
989 1823 1019 1878 in
1045 1824 1119 1882 tione
1138 1829 1167 1879 et
1183 1822 1319 1879 bibitione
1338 1823 1378 1877 ibi
1396 1824 1456 1894 agi,
1481 1829 1513 1877 ut
1530 1838 1579 1876 suo
1596 1821 1657 1877 loco
1675 1820 1819 1877 evidenter
1838 1821 1887 1876 ds-

184 1910 256 1967 Gen
275 1927 302 1982 p.
322 1916 363 1968 30.
381 1913 433 1965 aad
443 1912 520 1980 fidos
536 1911 566 1964 in
578 1910 733 1964 Dominum
750 1911 856 1974 fortior
871 1917 920 1977 eat,
935 1927 1020 1978 quom
1045 1909 1267 1965 monstrabimus.
1315 1908 1509 1965 Considemtm
1544 1906 1706 1963 commones.
1740 1906 1886 1975 (Ursinus)

184 1997 282 2051 111111
304 1999 434 2067 affamur,
460 2003 492 2050 ut
509 1996 583 2050 idem
599 1996 680 2051 addit
698 2013 726 2066 p.
744 2001 786 2050 32.
804 1995 870 2066 quia
886 1992 942 2049 fide
961 2000 1020 2049 ten·
1045 2002 1115 2067 part
1139 2003 1161 2051 1.
1184 2012 1290 2051 numer.
1310 2002 1353 2051 11.
1377 1994 1690 2065 iol.185.argumento
1711 2000 1806 2049 111111
1829 1994 1886 2050 hoc

184 2083 305 2138 11111111
321 2082 384 2137 illas
400 2081 486 2137 vincit
505 2088 534 2137 11
550 2081 685 2137 literalem
704 2080 829 2137 mandati
840 2097 951 2136 sensum
963 2097 1019 2135 am·
1045 2081 1178 2145 obvertit,
1203 2083 1281 2151 qnod
1304 2082 1336 2134 in
1348 2079 1562 2150 proteoonpols'o
1587 2080 1720 2134 diobolae
1736 2080 1782 2134 ool
1799 2087 1885 2135 moto

184 2167 328 2239 plectitur,
353 2166 425 2225 Gen.
450 2173 498 2237 22,
524 2187 550 2223 v.
570 2174 593 2224 3.
637 2167 743 2233 Quodsi
768 2166 854 2238 igitur
879 2167 1019 2236 Abrahae,
1045 2170 1151 2238 npmioc
1170 2168 1215 2222 ool
1231 2166 1430 2236 syrwodoobica
1448 2166 1562 2220 dicmur
1577 2182 1708 2235 1111111,-
1727 2167 1885 2221 destructio

185 2254 233 2325 qui
254 2261 298 2308 cst
318 2263 406 2324 potes·
429 2255 551 2308 omniurn
567 2254 738 2308 madentium
752 2252 870 2310 Roman.
889 2260 958 2321 11.
978 2259 1019 2310 ll.
1045 2255 1127 2324 repsi
1149 2255 1276 2309 Sctcnoc
1304 2253 1477 2306 conculcatio
1505 2252 1626 2320 capitis,·
1656 2252 1830 2320 afflictiones
1857 2261 1886 2306 et

184 2339 342 2409 spirituales
362 2338 414 2394 filii
436 2340 534 2395 audue
558 2339 700 2409 cupimus,
725 2339 788 2409 pari
809 2339 918 2395 ratione
939 2339 1020 2394 intel·
1045 2360 1121 2397 mors
1146 2340 1253 2396 Christi
1287 2339 1378 2396 locrio
1410 2337 1545 2392 11111111.
1585 2337 1812 2408 Respondemus:
1836 2355 1885 2394 ne·

81 2484 85 2491 ,
122 2478 129 2493 ,p
146 2478 157 2485 ,,
184 2425 287 2480 lutam
318 2433 441 2480 nocuum
472 2425 524 2479 sub
556 2424 719 2497 obsequium
745 2424 812 2480 fidei
838 2425 1019 2496 captivemus,
1045 2445 1186 2501 quaquam
1208 2426 1262 2481 hoc
1284 2427 1424 2491 volumus,
1443 2424 1518 2496 qnod
1538 2423 1648 2479 articuli
1665 2423 1732 2479 iidei
1751 2426 1885 2497 nuspiam

183 2529 235 2567 nec
260 2513 289 2567 in
307 2511 463 2582 praeceptis
483 2516 512 2568 11
529 2511 673 2582 promissis
691 2510 761 2580 Dei,
785 2511 830 2567 vel
848 2511 878 2566 in
895 2510 1020 2567 11111111
1045 2515 1138 2570 verbis
1155 2513 1269 2584 tropicis
1289 2518 1318 2568 11
1334 2509 1529 2582 metaphoricis
1543 2510 1743 2580 describantur,
1760 2511 1810 2566 sed
1830 2512 1886 2570 hoc

184 2597 250 2653 fidei
274 2597 410 2652 aliterali
426 2596 574 2652 verborum
593 2613 676 2652 sensu
692 2597 867 2666 recedamus,
885 2597 941 2653 nisi
959 2598 1021 2670 ipsa
1045 2599 1205 2669 asserimus,
1228 2599 1304 2671 quod
1329 2597 1422 2653 nullus
1446 2596 1481 2652 sit
1503 2594 1569 2651 iidei
1589 2595 1737 2661 articulus,
1757 2597 1808 2668 qui
1826 2616 1885 2654 nus

184 2683 329 2752 Scriptura
352 2700 403 2736 nos
429 2689 519 2753 cogat
564 2683 708 2737 institutio
731 2699 828 2737 sacrae
851 2699 955 2738 coenae
978 2691 1021 2738 est
1045 2685 1150 2741 alicubi
1168 2686 1199 2740 in
1216 2682 1366 2755 scripturis
1385 2683 1497 2755 proprie
1515 2689 1544 2737 11
1563 2681 1709 2738 literaliter
1726 2681 1764 2736 sit
1782 2701 1886 2756 propo·

185 2768 289 2822 Christi
311 2766 501 2839 erovopdnoo
518 2775 698 2837 praeceptum
717 2775 746 2822 et
765 2768 916 2837 ordinatim
938 2769 1020 2838 jube·
1045 2773 1128 2836 sima,
1151 2771 1236 2842 idque
1260 2771 1463 2826 demonstratur
1486 2786 1520 2824 er
1544 2767 1597 2824 hac
1613 2768 1675 2838 ipsa
1691 2769 1885 2842 promissione,

184 2870 247 2906 mur
267 2853 341 2907 anim
365 2853 548 2921 manducare,
571 2852 679 2920 bibere,
706 2858 823 2907 mortem
842 2853 954 2908 Domini
972 2871 1021 2908 an·
1046 2875 1118 2929 quae
1140 2854 1341 2927 proculdubio
1361 2854 1425 2909 viva
1442 2853 1497 2909 Dei
1514 2870 1582 2908 voca
1600 2854 1697 2924 primis
1716 2857 1884 2925 parentibus

184 2938 326 3006 nuntiare3
348 2943 393 2993 eat
415 2937 517 2992 Christi
542 2934 731 3007 θεανθρύπου
749 2937 929 3008 promissum,
954 2939 1021 3008 quia
1045 2943 1129 2997 latius
1145 2942 1200 2997 fuit
1218 2940 1344 3012 exposita
1361 2947 1390 2996 11
1407 2940 1436 2994 in
1453 2939 1516 2994 aliis
1527 2938 1684 3011 Scripturas
1701 2940 1779 3010 locis,
1801 2953 1924 3013 prae-1.

184 3024 340 3094 pollicetur,
361 3023 437 3094 quod
454 3023 594 3079 mediante
612 3023 758 3078 benedicto
776 3040 849 3094 pane
867 3040 949 3079 suum
963 3042 1019 3079 oor·
1046 3028 1141 3083 sertim
1162 3033 1185 3085 1.
1203 3027 1268 3084 Joh.
1289 3034 1320 3097 3,
1339 3044 1365 3081 v.
1385 3031 1409 3083 8.
1430 3025 1521 3082 verbis
1539 3025 1658 3096 propriis
1677 3031 1706 3081 st
1726 3029 1886 3099 perspicuis

184 3127 237 3180 pus
263 3114 292 3164 et
318 3109 458 3164 mediante
488 3108 635 3165 benedicto
658 3109 722 3164 vino
749 3127 830 3164 snum
856 3109 1019 3182 sanguinem
1046 3113 1210 3170 declaratur.
1247 3113 1403 3170 Ostendant
1420 3129 1484 3168 vero
1502 3111 1661 3181 adversarii,
1681 3111 1731 3168 ubi
1746 3115 1884 3170 articulus

184 3194 265 3250 nobis
287 3193 417 3250 exhibere
436 3195 515 3264 velit;
538 3194 654 3251 literalis
673 3212 739 3266 ergo
758 3203 786 3251 ct
804 3194 941 3266 genuinus
960 3213 1019 3251 ver·
1047 3200 1081 3256 de
1105 3217 1192 3257 coena
1215 3199 1334 3271 propriis
1356 3197 1449 3254 ambis
1474 3197 1511 3252 sit
1528 3197 1682 3267 expositus,
1699 3197 1722 3252 si
1742 3198 1772 3253 in
1790 3202 1884 3256 verbis

185 3280 284 3336 borum
308 3298 404 3336 sensus
422 3281 451 3336 in
470 3279 562 3337 verbis
580 3280 761 3336 institutionis
781 3286 857 3336 11111
875 3281 1019 3338 11111111.
1045 3303 1148 3343 rosnae
1170 3285 1202 3341 fi
1226 3284 1309 3359 ῥητὸν
1331 3285 1448 3339 velimus
1466 3283 1605 3352 deserere:
1630 3292 1661 3338 ut
1676 3284 1738 3355 jam
1754 3285 1824 3341 nihil
1841 3288 1884 3343 di.

186 3366 216 3423 Si
234 3368 264 3421 in
280 3366 348 3422 fidei
364 3367 488 3423 maculis
505 3385 524 3423 a
541 3361 622 3424 litera
639 3374 742 3424 temere
753 3368 870 3423 velimus
881 3369 1020 3436 recedere,
1046 3391 1108 3430 eam
1128 3374 1164 3430 de
1181 3372 1338 3428 differente
1354 3370 1488 3426 claritatis
1507 3368 1536 3424 in
1555 3367 1590 3424 V.
1609 3376 1638 3423 et
1656 3370 1691 3426 N.
1710 3371 1742 3426 Τ.

184 3460 332 3526 propterea
355 3454 430 3526 quod
453 3470 551 3509 sensus
575 3454 689 3510 literalis
711 3455 812 3511 rationi
837 3462 947 3510 nostrae
970 3454 1019 3508 mi·
1081 3465 1122 3516 11.
1142 3459 1314 3530 2.Speciales
1322 3474 1374 3530 pro
1384 3455 1532 3512 asserendo
1541 3456 1612 3528 ῥητῷ
1620 3455 1916 3516 verborumcoenasa

183 3558 237 3595 nus
253 3557 407 3612 congruere
423 3540 560 3611 videatur,
579 3541 647 3612 quid
664 3541 713 3597 fiat
730 3542 766 3596 de
777 3542 910 3612 mysterio
927 3541 1018 3596 Trini-
1045 3547 1166 3602 rationes
1190 3544 1369 3616 producimus
1388 3541 1485 3609 hasce,
1506 3558 1624 3612 quarum
1642 3541 1760 3611 primam
1778 3529 1927 3616 suppo-{¹1}

183 3627 262 3692 tatis,
290 3627 327 3681 de
355 3626 421 3680 Filii
442 3624 497 3682 Dsi
521 3627 713 3698 conceptione,
743 3627 905 3696 nativitate,
931 3627 1018 3682 cruci·
1046 3633 1118 3689 ditat
1139 3630 1305 3687 sacramenti
1329 3629 1498 3701 proprietas:
1525 3644 1606 3682 sacra
1628 3643 1716 3683 coena
1733 3641 1775 3685 est
1794 3630 1829 3688 N.
1848 3633 1882 3687 Τ.
1895 3622 1927 3715 {¹¹

183 3709 298 3777 fixione,
322 3718 423 3780 morte,
449 3713 604 3782 sepultura,
630 3713 764 3768 descensu
787 3712 824 3767 ad
843 3713 961 3782 inferos,
978 3731 1019 3769 re·
1045 3723 1255 3774 sacamentum.
1290 3716 1366 3787 lugo
1384 3714 1470 3771 verba
1486 3713 1666 3769 institutionis
1683 3713 1758 3771 illius
1768 3720 1883 3789 proprie
1895 3734 1927 3765 ns

184 3797 378 3867 suscitatione,
412 3797 594 3854 adscensione
625 3798 662 3852 ad
691 3799 796 3867 coelos,
833 3799 955 3855 sessione
983 3800 1020 3854 ad
1045 3803 1216 3875 accipienda
1261 3800 1438 3858 adversariis
1467 3806 1601 3871 perpetuo
1623 3800 1653 3854 in
1675 3816 1723 3856 oro
1745 3809 1789 3858 cst
1810 3786 1927 3869 innecii.l

186 3884 312 3938 dextram
329 3882 404 3938 Dei?
426 3890 456 3940 11
478 3884 515 3938 ds
536 3890 631 3939 nostra
656 3901 690 3939 ax
720 3884 834 3939 mortuis
861 3886 1020 3941 resurrecti·
1045 3889 1186 3946 collectio:
1216 3888 1310 3944 Gocnc
1333 3887 1454 3941 Domini
1480 3895 1520 3940 cst
1544 3895 1757 3942 sacromentum.
1799 3891 1883 3962 Ergo

184 3969 257 4024 one?
285 3969 315 4024 hi
344 3969 455 4025 11111111
486 3988 541 4026 non
575 3971 666 4025 minus
695 3978 855 4042 repugnant
882 3972 1021 4028 humanae
1044 3975 1298 4043 sacramentaliter,
1313 3974 1364 4028 boo
1383 3981 1423 4028 est
1433 3976 1571 4042 fiparote,
1595 3973 1680 4026 carbo
1697 3974 1883 4032 imtitatiorsis

185 4057 303 4126 rationi,
329 4057 417 4112 nihilo
435 4063 530 4114 111111
545 4058 636 4112 minus
655 4055 687 4112 τὸ
706 4055 788 4132 ῥητὸν
806 4057 906 4112 inillis
925 4075 1020 4115 omnes
1044 4062 1107 4132 ejas
1128 4061 1313 4131 wcipismffl
1337 4060 1388 4115 sed
1412 4075 1555 4129 nunquam
1577 4063 1710 4128 poterunt
1733 4058 1807 4117 hanc
1825 4062 1884 4118 col·

184 4160 249 4198 vars
271 4144 311 4213 pii
334 4143 451 4200 firmiter
466 4144 681 4215 amplectrmtur.
719 4143 916 4200 Concludimus
934 4145 1021 4216 igitur
1043 4147 1192 4205 lectionem
1215 4145 1347 4217 probare,
1369 4144 1444 4217 quod
1461 4145 1699 4201 sacramentaliter
1716 4152 1745 4202 et
1760 4145 1883 4218 figurata

185 4230 237 4285 hoc
255 4229 351 4285 modo:
374 4229 490 4287 Nullum
514 4239 557 4287 est
573 4230 768 4287 fidei-nostrae
787 4231 904 4303 dogma,
927 4231 1020 4287 nullus
1045 4234 1207 4306 accipienda
1227 4232 1284 4287 sint
1302 4232 1544 4303 ἰσοδυναμοῦντα,
1560 4237 1593 4286 ut
1603 4237 1700 4301 postea
1713 4232 1880 4289 videbimus.

185 4316 359 4372 Christianae
383 4317 526 4390 religionis
548 4318 697 4387 articulus,
725 4319 772 4390 qui
799 4335 855 4373 non
870 4317 974 4373 alicubi
991 4318 1020 4373 in
1045 4318 1212 4376 Invertimus
1244 4318 1331 4390 igitur
1366 4324 1574 4389 argumentum:
1607 4334 1686 4372 sacra
1719 4335 1808 4376 coena
1838 4328 1882 4377 est

184 4402 334 4472 scripturis
371 4402 488 4473 propriis
520 4409 550 4457 et
576 4403 731 4475 perspicuis
759 4403 851 4459 serbis
884 4403 1019 4458 tradatur.
1045 4406 1080 4464 N.
1104 4406 1137 4462 T.
1163 4411 1373 4462 sacramentum.
1413 4403 1490 4474 Ergo
1515 4403 1601 4458 verba
1620 4403 1801 4461 institutionis
1820 4408 1882 4478 ejus

182 4487 249 4543 Jam
270 4504 336 4543 saro
359 4487 486 4542 doctrina
514 4488 549 4544 da
574 4505 655 4544 sacra
676 4506 764 4544 coena
786 4496 828 4544 est
850 4488 915 4545 fidei
942 4487 1020 4544 Chri·
1045 4491 1156 4562 propria
1184 4496 1214 4546 et
1240 4490 1270 4545 in
1299 4507 1383 4546 sensu
1403 4487 1504 4544 literali
1528 4496 1593 4544 sunt
1614 4489 1785 4561 accipianda
1825 4493 1882 4550 Res

183 4574 291 4630 stianae
311 4573 459 4644 peculiaris
483 4573 624 4630 1111111111.
664 4575 741 4646 Ergo
762 4574 867 4631 alicubi
890 4575 921 4630 in
948 4573 1019 4631 Scri·
1044 4594 1146 4642 novae‚
1177 4577 1341 4649 peregrinae
1369 4581 1399 4631 11
1429 4574 1509 4646 quasi
1538 4575 1770 4632 mhaordinariac
1790 4577 1882 4636 solent

183 4667 267 4730 ptura
288 4659 379 4715 verbis
405 4660 524 4730 propriis
544 4669 573 4716 at
589 4659 743 4732 perspicuis
763 4659 934 4732 proponitur.
969 4659 1019 4717 Ul·
1044 4662 1156 4733 proprio
1180 4678 1305 4717 sermone
1330 4660 1476 4731 explicari,
1502 4649 1641 4733 quomodo
1666 4663 1740 4718 enim
1757 4664 1821 4734 quis
1839 4665 1881 4720 in·

183 4746 284 4801 terius:
311 4745 411 4800 Matth.
429 4751 471 4802 26.
503 4744 588 4800 Marc.
615 4753 655 4802 14.
682 4747 749 4801 Luc.
774 4751 815 4802 22.
847 4745 950 4803 1011.
978 4753 1019 4804 10.
1044 4748 1154 4819 telligat
1177 4747 1213 4803 de
1238 4748 1321 4804 rebus
1346 4746 1527 4820 ignotissimis
1544 4748 1694 4819 improprio
1713 4754 1743 4803 11
1758 4748 1882 4821 figurato

183 4838 212 4885 et
233 4839 272 4887 11.
291 4850 324 4888 ex
341 4831 466 4903 professo
481 4838 616 4887 tractatur
633 4832 767 4887 articulus
785 4832 821 4888 de
832 4849 912 4888 sacra
924 4851 1020 4904 11111,
1044 4851 1170 4889 sermone
1193 4833 1365 4905 loquentem,
1383 4831 1437 4887 nisi
1455 4833 1571 4889 accedat
1589 4833 1799 4906 interpretatio?
1820 4837 1882 4906 jam

183 4919 264 4988 cujus
289 4918 426 4973 institutio
449 4916 553 4973 ibidem
578 4917 757 4988 describitur,
781 4925 866 4989 atque
889 4918 958 4974 haec
978 4925 1020 4975 cst
1044 4936 1109 4976 vero
1126 4925 1300 4975 sacramanta
1317 4935 1368 4990 per
1385 4936 1427 4987 se,
1448 4920 1540 4991 quoad
1560 4937 1620 4975 ease
1640 4937 1736 4992 suum,
1754 4930 1820 4977 sunt
1837 4941 1883 4979 res

183 5004 296 5072 propria
319 5003 402 5075 huJus
421 5003 564 5058 doctrinae
582 5003 671 5060 sedes.
706 5003 781 5076 Ergo
799 5003 861 5058 loca
880 5004 930 5060 illa
949 5005 1016 5059 κατὰ
1028 4979 1034 5064 1
1042 5006 1128 5078 plane
1144 5022 1232 5062 novae
1248 5012 1276 5061 et
1288 5005 1414 5061 omnibus
1427 5006 1590 5062 mortalibus
1604 5006 1725 5078 ignotae,
1742 5007 1796 5062 nisi
1812 5009 1883 5064 diri·

182 5087 325 5162 111111
356 5089 519 5160 accipienda
549 5094 622 5143 suns
672 5088 855 5145 comenses
883 5069 1295 5149 muonmlnmrsversnsur.
1322 5091 1404 5148 aas
1419 5093 1546 5148 cussus
1557 5091 1771 5168 1411111111
1784 5111 1881 5152 mess

183 5175 281 5228 damus
300 5175 384 5230 hanc:
406 5176 472 5247 quia
489 5174 625 5247 quidquid
642 5177 672 5229 in
689 5176 874 5247 descriptione
886 5176 1018 5233 Christis
1043 5194 1146 5234 coenae
1163 5195 1280 5244 norum,
1304 5177 1436 5249 apostolis
1455 5178 1538 5249 plane
1555 5177 1728 5248 incognitum
1744 5180 1880 5237 revelarit
1898 5198 1901 5204 ’

183 5277 280 5314 norum
297 5260 457 5329 dogmatum
476 5263 603 5334 figurate,
623 5261 780 5318 modificate
801 5279 851 5317 seu
868 5263 975 5334 tropice
988 5263 1018 5319 in
1043 5265 1220 5337 mysterium,
1251 5265 1366 5335 proinde
1392 5264 1480 5320 voluit
1501 5263 1613 5334 proprie
1638 5269 1666 5317 et
1689 5262 1883 5335 significanter

183 5346 268 5400 saona
286 5345 379 5400 bibliis
396 5348 568 5419 proponitur,
586 5347 617 5401 id
633 5365 668 5402 ex
686 5347 748 5402 aliis
766 5348 936 5418 manifestis,
957 5366 1017 5420 per-
1042 5350 1134 5423 loqui,
1158 5368 1193 5406 ac
1212 5351 1296 5406 verba
1315 5352 1375 5422 ejus
1394 5351 1424 5405 in
1441 5348 1569 5421 proprio,
1593 5347 1693 5404 literali
1711 5355 1739 5404 at
1757 5351 1881 5422 genuino

182 5431 285 5508 spicuis
312 5436 343 5486 et
362 5429 458 5500 claris,
486 5435 576 5506 iisque
598 5451 653 5490 non
676 5432 832 5504 peregrinis
856 5441 886 5490 et
910 5434 1016 5507 alienis,
1041 5452 1125 5495 sensu
1147 5436 1312 5508 accipienda
1328 5443 1407 5508 sunt,
1432 5434 1502 5492 alias
1521 5431 1591 5490 nihil
1609 5434 1680 5490 certi
1695 5435 1732 5490 ds
1748 5434 1802 5492 hoc
1820 5453 1882 5510 my*
