3998 6024
808 215 860 271 DE
878 212 1071 289 accenset.
1130 300 1134 305 .
1725 233 1787 305 579

86 373 180 441 tiones
222 371 284 427 illas
326 377 482 445 agnoscunt
524 389 584 428 esse
623 389 721 436 veras,
774 375 927 442 agnoscant
953 387 1003 422 suo
1030 371 1149 425 consilio
1173 371 1202 424 in
1222 373 1386 427 Amabomo
1405 377 1442 428 60
1461 392 1550 429 annos
1567 376 1687 430 voluisse
1705 378 1789 432 inter·

87 457 173 514 etiarn
197 475 242 524 aa,
269 475 341 529 quae
365 465 462 514 contra
481 475 581 529 papam
602 459 749 521 dicuntur,
775 473 834 511 esse
853 470 925 510 vera.
953 457 1056 521 cidere,
1074 475 1108 509 ne
1125 475 1158 510 ea
1172 476 1309 512 annornm
1323 460 1422 513 mnndi
1434 456 1790 531 restorationeqnisqaarn

88 552 114 600 5.
148 543 335 598 Bellarminus
365 562 420 598 nnn
453 545 544 614 potnit
573 546 680 617 aliquos
712 542 846 614 proferre,
879 539 927 611 qui
953 544 988 594 de
1000 544 1060 612 fine
1076 545 1175 597 nsrrndi
1193 546 1264 598 certi
1281 546 1395 615 aliquid
1405 548 1576 615 praedicere
1587 556 1790 621 praesumeret.

88 630 144 684 hoc
188 638 326 702 postremo
363 630 456 685 seculo
491 631 654 702 prophetiae
691 630 764 684 dono
799 627 928 682 instructi
954 628 1083 682 Ostendit
1110 630 1222 698 quidem
1243 632 1326 699 sipna
1344 633 1488 686 novnsirni
1506 634 1566 686 diei
1583 642 1609 686 et
1628 651 1661 687 ea
1678 642 1789 690 enatare

88 717 214 785 inerint,
262 716 330 772 alias
371 733 418 770 eos
457 733 512 769 non
548 715 754 787 praeteriisset,
800 731 862 768 cum
899 713 928 765 in
955 730 989 766 ac
1006 715 1133 782 conspici
1148 716 1215 783 sinit,
1234 719 1287 769 sed
1305 718 1378 770 berec
1398 719 1472 770 cliens
1488 736 1544 772 non
1564 719 1624 772 vult
1638 720 1714 783 sciri,
1734 722 1790 772 into

42 807 76 848 ³⁵·
90 803 185 874 capite
226 804 350 879 proxime
391 800 574 873 praecedente
616 802 650 855 de
692 800 806 855 Xaverii
848 798 928 853 mira
955 800 1119 869 nequidem
1138 818 1256 868 ennium,
1277 810 1308 854 ut
1325 802 1371 871 pii
1383 811 1523 872 perpetuo
1538 804 1568 856 in
1587 805 1790 873 exspectatione

90 887 162 943 culis
182 887 266 943 luerit
283 887 425 959 gloriatus.
465 887 609 959 Agnoscat
634 887 734 956 igitur,
762 885 928 940 seldenum
954 885 1038 954 arpos
1054 885 1233 953 prmissimoe
1251 886 1322 940 lucis
1340 896 1497 940 exercerent
1508 890 1599 957 fidem
1618 898 1643 941 et
1664 890 1791 942 timore-m

90 974 255 1045 prophetiae
272 990 327 1027 non
348 991 408 1029 esse
425 972 558 1028 ccclesiae
575 980 747 1044 perpetuum,
767 970 812 1025 sel
829 970 927 1024 Roma·
955 989 1022 1039 erpa
1045 974 1145 1026 Deam.
1190 979 1214 1028 1.
1240 972 1397 1043 Papisticae
1427 973 1630 1044 praedictiones
1660 974 1789 1029 falsitatis

91 1076 157 1114 nam
181 1054 326 1115 ecclesiam
345 1076 400 1113 non
419 1075 479 1114 esse
497 1075 590 1113 reram
608 1058 761 1114 ecclesiam.
955 1059 1047 1129 potius
1071 1058 1231 1130 arguendae
1251 1066 1323 1115 sunt,
1363 1058 1505 1114 iohannes
1524 1059 1695 1116 Taisnierius
1714 1060 1790 1116 Han-

128 1149 187 1201 290.
229 1145 387 1199 Membrnm
403 1146 526 1198 tertium.
564 1142 639 1199 Num
658 1144 687 1198 in
705 1140 828 1198 ecclesiis
847 1157 928 1196 evan·
955 1143 1055 1197 nonius
1072 1145 1101 1197 in
1120 1144 1249 1216 physign.
1268 1145 1348 1199 Pauli
1368 1163 1452 1216 opere
1469 1146 1665 1201 mathematico
1682 1164 1709 1217 p.
1729 1153 1789 1201 151.

42 1210 69 1300 ¹,⁵‚⁸
91 1229 189 1300 geticis
207 1230 301 1286 lumen
319 1231 512 1302 propheticum
529 1228 658 1300 fulgeat?
691 1227 876 1284 Bellarminus
896 1243 929 1280 ex
956 1247 989 1284 ex
1014 1230 1095 1284 astris
1121 1232 1259 1301 praedixit
1284 1248 1356 1286 anno
1378 1238 1452 1288 1572.
1471 1233 1635 1301 relipionern
1654 1235 1789 1287 Lutheru-

91 1314 229 1371 Cochlaeo
248 1316 346 1387 refert,
374 1318 527 1370 Lutherum
546 1334 621 1369 anno
642 1317 723 1370 1525.
738 1313 928 1384 praedixisse,
956 1333 1021 1366 nam
1043 1317 1120 1370 intra
1142 1319 1293 1370 trienninm
1318 1309 1537 1388 exstirpandam.
1580 1318 1689 1374 Similes
1712 1336 1790 1391 prae·

90 1403 158 1468 fore
176 1409 207 1455 ut
225 1404 253 1455 si
269 1405 330 1473 ipse
352 1404 446 1456 adbuc
459 1419 516 1473 per
532 1405 604 1455 duos
622 1419 711 1454 annos
727 1418 807 1453 sanna
827 1398 929 1452 doctri·
956 1399 1090 1455 dictiones
1116 1402 1151 1456 ab
1179 1403 1241 1457 aliis
1261 1403 1344 1457 etiam
1363 1403 1485 1474 prolatae
1504 1410 1580 1468 sunt,
1605 1422 1722 1475 quarum
1738 1403 1790 1458 ial-

53 1485 63 1496 '
90 1505 157 1541 nam
185 1488 384 1557 praedicaret,
425 1496 598 1542 evanesceret
623 1505 719 1558 papa,
756 1485 929 1551 cardinales,
956 1486 1065 1542 sitalem
1086 1487 1145 1558 ipse
1164 1496 1278 1543 eventus
1296 1487 1493 1562 comprobavit.

92 1574 232 1643 episcopi,
253 1574 397 1642 monachi,
417 1574 564 1642 morsa'ales,
583 1582 682 1637 turres,
705 1588 859 1641 campanae
878 1576 928 1624 etc.
992 1577 1049 1627 291.
1086 1572 1144 1629 Nos
1172 1578 1269 1628 contra
1291 1590 1355 1627 vere
1374 1572 1512 1629 effirnrare
1531 1588 1694 1644 possumus,
1721 1581 1749 1627 et
1773 1590 1790 1626 a

92 1676 127 1712 ec
145 1653 370 1713 erlreranornm
391 1661 548 1730 prophetas
572 1679 647 1714 anno
669 1662 750 1715 1533.
771 1664 929 1711 constanter
954 1656 1078 1712 Luthero
1096 1664 1124 1713 et
1143 1659 1178 1712 de
1198 1659 1319 1713 liuthero
1338 1659 1470 1714 vaticinia
1490 1677 1550 1715 esse
1569 1659 1654 1728 edita,
1673 1676 1788 1731 quorum

92 1746 261 1812 montense,
288 1746 339 1800 dle
363 1764 438 1800 anno
455 1748 590 1813 sutorum
614 1745 707 1800 ultimi
719 1744 830 1813 judicii
847 1743 928 1811 diens,
954 1743 1145 1799 certitudinem
1159 1761 1203 1798 res
1216 1743 1622 1815 ipsaluculenteconfirmavit.
1654 1746 1790 1800 ”Luthe-

91 1834 144 1885 sed
158 1832 252 1884 nestri
256 1833 454 1899 praedictioni
465 1840 586 1884 euentum
599 1832 786 1899 respondisse.
805 1827 929 1900 Respon-
954 1846 1001 1882 rus
1020 1836 1086 1884 tom.
1104 1838 1126 1885 7.
1146 1829 1210 1885 Jen.
1230 1831 1249 1884 f.
1265 1838 1329 1885 304:
1356 1833 1422 1885 Non
1441 1831 1557 1885 libenter
1578 1833 1722 1900 vaticino-r,
1741 1850 1790 1885 nec

92 1919 205 1972 demus:
229 1924 250 1972 1.
270 1917 408 1973 Cochlaco
421 1917 592 1988 juratissimo
612 1917 728 1971 Lutheri
746 1915 819 1969 hosti
835 1914 862 1968 in
880 1931 927 1967 uo·
952 1916 1106 1968 vaticinari
1121 1917 1199 1984 rsolo,
1219 1917 1361 1986 quidquid
1376 1917 1448 1969 enirn
1462 1919 1608 1987 praedico,
1621 1920 1791 1986 praesertim

91 2003 169 2058 toriis
189 2003 341 2057 mendaciis
358 2020 414 2058 non
434 2003 520 2057 semel
539 2003 724 2074 deprehenso,
746 2002 808 2072 quis
826 2000 879 2055 hac
898 2000 926 2053 in
954 2002 1067 2071 rualem
1080 2003 1247 2070 plenamque
1265 2004 1307 2056 itu
1325 2004 1414 2056 euenit
1431 2011 1456 2055 et
1472 2003 1586 2071 saepius
1600 2019 1684 2070 quarn
1698 2004 1789 2066 velim,

89 2106 119 2143 re
137 2087 222 2144 fidem
240 2088 374 2144 habebit?
407 2088 659 2144 animinutionem
679 2087 788 2160 papalis
806 2087 926 2141 eminen-
954 2089 995 2140 ita
1018 2096 1048 2139 ut
1069 2105 1130 2140 curn
1145 2087 1179 2141 ’8.
1201 2088 1301 2141 Mieba
1319 2106 1402 2157 saepe
1422 2098 1563 2159 ereptam:
1603 2089 1715 2141 Utinam
1734 2108 1790 2143 non

88 2175 146 2229 tiae
174 2191 207 2230 ac
233 2173 311 2246 regni
337 2174 540 2229 antichristiani
565 2193 582 2229 a
604 2175 728 2230 Luthero
756 2173 926 2244 praedictam
954 2190 1041 2226 essem
1059 2174 1103 2226 air
1122 2174 1225 2226 babens
1247 2174 1384 2244 Spiritum
1405 2181 1430 2226 et
1452 2174 1629 2227 mendacium
1650 2175 1788 2243 loquerer.

88 2265 205 2314 eventus
231 2261 431 2332 comprobarit.
473 2261 631 2315 Plenariam
653 2266 773 2331 papatus
793 2266 858 2314 ante
879 2276 926 2312 no·
953 2259 1099 2314 Tannerus
1127 2257 1155 2313 in
1184 2266 1256 2314 anat.
1280 2259 1351 2314 conf.
1376 2260 1496 2331 August.
1520 2264 1591 2330 part
1620 2265 1642 2314 1.
1668 2260 1738 2315 dem.
1765 2266 1790 2317 t.

88 2346 232 2401 vissimum
247 2346 386 2415 judicium
403 2347 618 2401 destructionem
637 2347 765 2416 nuspiam
779 2345 925 2416 praedixit,
955 2344 1076 2399 Luthero
1093 2344 1205 2410 tribuit,
1238 2346 1315 2412 qaod
1330 2345 1413 2409 falso
1431 2346 1609 2415 praedicarit
1626 2353 1654 2399 et
1668 2346 1792 2414 proinde

89 2437 206 2487 noverat
224 2430 296 2486 enim
314 2431 496 2502 apostolicum
514 2431 583 2485 illud
609 2437 632 2487 2.
652 2431 777 2486 Thessal.
800 2436 829 2495 2,
855 2449 880 2484 v.
901 2436 925 2486 8.
954 2433 990 2485 rit
1005 2432 1108 2500 suls-su
1121 2430 1277 2501 propbeta,
1306 2447 1368 2482 cuna
1385 2438 1497 2483 euentus
1515 2431 1658 2484 vaticiniis
1674 2449 1731 2484 non
1747 2448 1790 2483 re·

89 2520 167 2588 qnod
200 2516 390 2571 Antichristus
424 2519 609 2570 destrnendas
639 2519 677 2571 sit
712 2521 742 2590 rr}
775 2520 927 2588 ἐπιφανείᾳ
954 2518 1109 2586 sponderit.
1133 2514 1357 2587 Respondemus:
1378 2515 1552 2570 observanda
1564 2522 1630 2569 sunt
1642 2516 1677 2570 de
1688 2515 1791 2570 talibu

89 2608 137 2671 τῆς
161 2607 316 2676 παρουσίας
334 2601 445 2656 Christi.
477 2600 512 2655 Id
532 2603 623 2672 ipsum
643 2601 753 2657 disertis
771 2601 862 2656 verbis
885 2618 927 2655 re·
955 2600 1192 2673 praedictionibus
1210 2606 1330 2673 quatuor
1349 2600 1487 2655 membra:
1515 2605 1536 2655 1.
1559 2603 1791 2656 Praedictionnm

90 2688 163 2758 petit
182 2687 324 2743 Lutherus
342 2688 370 2742 in
390 2684 517 2758 explicat.
536 2687 639 2744 Psalm.
663 2694 702 2744 10.
714 2695 780 2742 tom.
793 2693 816 2742 2.
835 2685 926 2742 Germ.
955 2690 1044 2756 oripo.
1088 2688 1149 2740 Aut
1171 2687 1243 2742 enim
1266 2686 1328 2758 quis
1347 2687 1472 2757 spiritum
1488 2687 1581 2757 jactat
1599 2686 1792 2760 propheticum

88 2775 204 2830 Jenens.
226 2774 274 2828 fol.
293 2778 335 2830 9³.
369 2772 456 2828 illlata
473 2775 517 2827 tet
529 2774 627 2842 jiluqlte
639 2775 697 2842 dan
711 2774 757 2842 loll
770 2775 820 2829 bai
834 2774 927 2845 ilarii*
955 2792 987 2829 ac
1005 2774 1199 2843 revelationes,
1218 2771 1291 2826 unde
1309 2777 1461 2827 nascantur
1479 2773 1619 2843 vaticinia,
1640 2773 1684 2828 rel
1702 2773 1792 2828 causis

89 2862 165 2929 thum
185 2859 315 2929 pallitta.
347 2864 371 2914 3.
391 2858 620 2929 Ungersdorffius
639 2860 666 2913 in
688 2860 873 2931 gratulatione
891 2860 927 2914 ad
955 2860 1052 2914 nititur
1076 2860 1104 2913 in
1128 2858 1214 2912 verbo
1241 2858 1334 2913 divino
1360 2859 1520 2912 monstratis
1544 2866 1593 2913 aut
1618 2859 1793 2914 naturalibus

90 2962 219 3016 proceres
243 2944 405 2998 Austriacos
428 2962 455 3013 p.
484 2950 525 3000 78.
545 2946 713 3000 scunarium
733 2945 816 3015 plane
833 2946 928 3000 vatici-
955 2952 984 3001 et
1014 2945 1143 2999 civilibus
1169 2944 1259 3015 iisque
1282 2943 1477 3010 mutabilibus,
1518 2960 1533 2997 e
1558 2945 1659 3015 quibus
1684 2943 1793 2999 futuros

91 3033 169 3085 nium
198 3030 320 3084 Luthero
344 3030 443 3083 tribuit
469 3030 504 3082 de
523 3031 665 3086 doctrinae
687 3031 865 3104 evangelicae
887 3049 928 3087 se·
956 3038 1070 3087 eventus
1094 3031 1263 3103 praesagiat.
1302 3028 1351 3084 Sin
1375 3029 1466 3100 prius,
1487 3030 1626 3099 jactantia
1652 3036 1792 3085 auctorem

91 3117 199 3171 cuturis
219 3115 381 3186 corruptelis
399 3116 525 3187 adeoque
544 3117 631 3187 ipsius
650 3118 773 3174 interitu.
797 3117 849 3172 Cui
861 3135 928 3190 ergo
955 3118 1022 3174 iacit
1043 3117 1211 3181 fanaticum,
1240 3115 1283 3168 sin
1301 3115 1446 3184 posterius,
1466 3114 1561 3168 taliter
1582 3114 1713 3184 deceptus
1733 3133 1788 3169 non

91 3205 244 3269 credimus,
268 3202 419 3270 Cochlaeo,
442 3218 478 3255 an
497 3201 728 3273 Ungersdorffio?
759 3211 782 3260 1.
800 3204 868 3275 lpsa
881 3222 928 3259 ra·
957 3213 999 3260 est
1034 3202 1284 3275 pseudopropheta.
1339 3202 1366 3255 2.
1396 3200 1631 3253 Praedictiones-m
1663 3203 1791 3253 neoterio.
1849 3259 1855 3265 ,

91 3289 181 3343 ticinii
204 3288 302 3349 rerba,
328 3304 399 3358 quae
425 3293 532 3340 exstant
556 3287 584 3340 in
605 3294 751 3343 comment.
789 3289 882 3345 Galat.
903 3296 926 3345 3.
955 3289 1095 3347 vaticinia
1112 3292 1161 3341 aut
1179 3292 1349 3340 concernunt
1363 3284 1447 3338 fidem
1467 3291 1496 3339 et
1512 3285 1683 3358 religionem,
1703 3286 1791 3357 etqui

91 3382 158 3429 tom.
183 3381 202 3426 1.
224 3372 381 3443 Witeberg.
398 3371 445 3425 iol.
467 3378 523 3427 195.
551 3371 703 3427 Lutherum
723 3372 758 3426 ab
779 3375 928 3447 antilogias
955 3377 984 3430 in
1013 3374 1154 3444 religionis
1181 3370 1416 3427 confirmationem
1443 3371 1594 3439 praedixit,
1629 3372 1703 3441 quod
1735 3389 1790 3425 non

91 3460 206 3514 crimine
236 3457 272 3513 ab
303 3456 513 3527 Ungersdorifio
544 3457 680 3513 intentato
710 3460 776 3513 satis
807 3467 928 3516 tuentur.
956 3462 1093 3533 sequitur,
1116 3458 1215 3512 fraude
1234 3454 1325 3527 egisse
1346 3455 1482 3516 creditur,
1506 3457 1549 3509 his
1567 3457 1728 3527 praesertim
1748 3474 1789 3510 se·

91 3544 236 3600 Praedicit
252 3543 401 3610 Lutherus,
421 3544 578 3595 doctrinam
597 3547 785 3611 ceenpclicam
803 3565 823 3600 a
841 3556 929 3601 secto·
955 3547 1039 3609 culis,
1061 3544 1162 3615 quibus
1187 3542 1255 3596 talia
1275 3542 1355 3610 signa
1373 3541 1402 3594 iu
1423 3541 1588 3596 Antichristi
1608 3549 1687 3596 notas
1706 3543 1789 3614 dege·

91 3634 145 3685 riis
169 3640 194 3684 et
211 3629 299 3694 falsis
312 3629 460 3696 fratribus
480 3631 642 3697 cumprimis
662 3632 689 3682 in
709 3634 830 3687 articulo
842 3635 927 3703 justi·
955 3637 1102 3699 amarunt,
1125 3629 1169 3683 vel
1190 3627 1283 3682 civilia
1301 3632 1381 3694 sunt,
1405 3627 1544 3681 naturalia
1561 3633 1590 3682 et
1607 3627 1722 3697 similia,
1741 3628 1790 3682 ubi

89 3718 233 3782 strationis
251 3724 413 3785 corruptam
432 3715 478 3784 iri,
498 3734 554 3769 non
572 3724 665 3769 tamen
683 3718 850 3772 abolendam
864 3728 928 3775 onte
955 3715 1167 3776 observandum,
1187 3727 1222 3765 an
1241 3712 1309 3766 talia
1326 3711 1458 3766 vaticinia
1475 3711 1531 3765 sint
1551 3712 1650 3767 divinis
1664 3715 1792 3785 opposita

89 3804 270 3858 novissimum
288 3803 371 3857 diem.
405 3800 488 3855 Prius
507 3809 631 3873 tempore
649 3803 838 3859 interimistioo
857 3823 928 3860 com·
955 3804 999 3859 vel
1017 3819 1114 3870 secus,
1132 3799 1155 3854 si
1173 3798 1230 3867 illa,
1251 3814 1322 3868 quae
1343 3815 1397 3851 non
1415 3798 1554 3867 eveniunt,
1574 3799 1636 3853 ideo
1651 3798 1791 3856 doctorem

91 3894 197 3963 pletum
216 3894 272 3958 est,
297 3888 456 3959 posterioris
475 3888 577 3944 veritas
596 3890 703 3944 tamdiu
721 3891 821 3961 stabit,
840 3892 928 3947 donec
955 3891 1056 3945 falsum
1073 3894 1209 3960 arguunt,
1232 3885 1299 3957 quia
1317 3885 1425 3938 veritsti
1447 3885 1557 3938 divinae
1579 3885 1719 3954 opposita,
1748 3886 1790 3938 sin

90 3984 171 4034 sonat
196 3981 307 4031 nostrae
332 3973 473 4029 doctrinae
497 3975 676 4046 praedicatio.
721 3980 746 4029 5.
776 3978 868 4032 Terrae
888 3986 929 4032 ert
954 3977 1030 4044 haec,
1052 3990 1085 4028 ex
1103 3988 1194 4028 errore
1213 3970 1412 4042 praedictionis
1431 3970 1521 4023 civilis
1533 3972 1576 4025 rel
1589 3969 1722 4024 naturalis
1735 3989 1789 4024 non

91 4064 276 4126 nsendaciam,
294 4063 321 4114 si
340 4060 490 4130 dilipenter
506 4061 668 4130 inspereris,
686 4063 819 4132 pellucet,
836 4063 927 4135 inquit
955 4063 1007 4116 erit
1027 4061 1114 4114 falsus
1139 4058 1242 4112 doctor.
1283 4061 1310 4107 e.
1337 4054 1569 4108 Praedictionum
1595 4055 1702 4110 modies.
1739 4055 1788 4108 Di·

90 4152 206 4206 Senecs.
248 4147 326 4202 Idem
350 4147 379 4200 in
401 4146 454 4200 hoc
474 4146 648 4201 Cochlaeano
668 4149 812 4203 mendacio
830 4150 927 4220 depre-
954 4145 1122 4217 stinguends
1135 4149 1201 4197 sunt
1220 4140 1311 4195 omina
1328 4156 1346 4193 a
1364 4139 1509 4194 vaticiniis.
1539 4140 1580 4192 Ex
1599 4139 1685 4210 signis
1701 4140 1788 4194 coele·

90 4233 229 4288 henditur.
280 4234 424 4304 Nugatur,
459 4232 629 4302 praedixisse
660 4232 827 4300 Lutherum,
856 4236 929 4290 intra
954 4234 1043 4289 stibus
1062 4236 1089 4286 et
1105 4228 1221 4284 terrenis
1234 4225 1328 4280 futura
1345 4225 1505 4296 praesagire
1517 4225 1607 4279 solent
1617 4227 1646 4294 ii,
1661 4229 1708 4297 qni
1719 4226 1788 4280 talia

91 4321 162 4373 dnos
182 4336 268 4373 annos
287 4318 455 4371 abolendum
472 4334 583 4389 papam,
601 4319 764 4388 cardinales,
784 4321 928 4390 episcopos
954 4320 1106 4390 excipiunt,
1124 4314 1330 4369 concionatores
1349 4313 1421 4365 mula
1438 4313 1597 4367 ominamur
1613 4312 1787 4367 auditoribus

90 4416 119 4462 et
143 4407 216 4458 inter
236 4405 305 4458 haec
328 4403 411 4457 edam
436 4411 526 4459 turres
553 4411 582 4458 et
604 4421 761 4477 campanas.
805 4407 843 4461 At
866 4407 928 4476 quis
954 4403 1150 4475 immorigeris,
1175 4416 1237 4452 cum
1261 4397 1393 4467 specialia
1416 4399 1541 4468 exempla
1564 4414 1715 4467 poenarum
1743 4416 1787 4453 oc·

89 4493 196 4559 credat,
216 4490 250 4545 de
268 4489 417 4544 abolitione
436 4491 551 4543 turrium
572 4497 600 4545 et
618 4508 830 4560 campanarum,
856 4509 928 4563 quae
954 4497 1081 4557 currunt,
1100 4503 1150 4540 nec
1170 4493 1263 4538 tamen
1282 4483 1393 4554 quando
1410 4501 1465 4537 non
1484 4491 1650 4554 sequuntur,
1676 4486 1784 4539 concio·

90 4579 182 4632 adhuc
211 4576 286 4646 apud
314 4590 365 4628 nos
394 4575 560 4644 retinentur,
591 4576 744 4632 Lutherum
776 4578 928 4649 quidquam
953 4587 1031 4632 nator
1049 4581 1091 4630 est
1108 4570 1358 4644 pseudopropheta.
1394 4570 1463 4625 Luc.
1487 4576 1529 4638 13,
1548 4587 1573 4623 r.
1585 4575 1608 4626 3.
1647 4575 1671 4626 1.
1693 4569 1789 4624 Causa

89 4665 177 4717 inisse
195 4659 337 4716 locutum?
374 4666 398 4715 6.
414 4659 496 4716 Diem
514 4662 653 4716 novissimi
670 4664 771 4732 judicii
788 4662 928 4719 Lutherus
954 4681 1010 4717 non
1028 4661 1116 4715 recidi
1132 4667 1249 4712 eventrrs.
1285 4657 1364 4720 Quae
1384 4655 1460 4710 Deus
1479 4655 1623 4726 praedicit,
1647 4674 1700 4711 non
1720 4675 1789 4712 sem-

88 4750 218 4818 nuspiam
247 4747 454 4811 determinavit,
483 4748 550 4818 quin
576 4748 668 4818 potius
695 4750 795 4804 acriter
819 4750 928 4805 illorum
956 4768 1004 4821 per
1022 4747 1161 4815 eveniunt,
1183 4743 1249 4814 quia
1266 4741 1440 4812 intercipitur
1459 4747 1575 4796 eventus
1595 4743 1639 4795 vel
1657 4760 1708 4812 per
1725 4760 1789 4813 poe·

89 4833 282 4902 temeritatem,
303 4834 350 4906 qui
367 4833 424 4888 tale
442 4832 509 4903 quid
529 4839 635 4888 tentare
653 4832 766 4888 fuerunt
778 4835 848 4899 ausi,
867 4835 928 4890 red·
955 4834 1114 4900 nitentium,
1139 4832 1161 4884 si
1183 4830 1302 4883 minetur
1321 4829 1512 4900 perditionem,
1532 4827 1576 4882 vel
1595 4828 1743 4898 malitiam,
1766 4830 1790 4883 si

89 4920 192 4990 arguit.
233 4918 392 4973 Melchioris
417 4917 517 4973 Stifelii
543 4919 752 4988 (praedicentis,
778 4926 928 4975 extremum
955 4923 1115 4977 felicitatem
1149 4917 1306 4989 promittat,
1342 4915 1386 4970 rel
1423 4932 1473 4985 per
1504 4932 1602 4969 causas
1632 4914 1790 4969 hominibus

89 5006 163 5059 diem
187 5005 312 5076 praecise
338 5005 439 5060 cadere
462 5004 490 5057 in
516 5021 620 5058 annum
647 5010 717 5059 1533.
744 5021 866 5061 mensem
890 5014 928 5063 10.
955 5011 1064 5080 ignotas
1087 5010 1140 5058 etc.
1189 5001 1329 5059 Vaticinia
1351 5018 1369 5055 a
1393 5001 1516 5056 Luthero
1543 5001 1618 5057 edita
1634 5001 1697 5054 vide
1715 5002 1790 5072 apud

89 5090 295 5145 hebdomadam
320 5095 362 5146 tr.
385 5089 415 5144 in
438 5089 512 5144 diem
530 5090 627 5144 Lunae
647 5090 721 5145 circa
738 5090 833 5145 horam
853 5098 928 5148 octa-
956 5092 1050 5149 Wolff.
1077 5098 1149 5145 cent.
1177 5096 1215 5144 16.
1240 5104 1306 5160 pag.
1332 5093 1373 5143 18.
1398 5093 1464 5141 torn.
1486 5093 1509 5143 2.
1529 5105 1595 5158 pag.
1617 5093 1676 5142 119.
1713 5088 1790 5152 Quae

89 5178 167 5246 ram)
191 5177 342 5231 vanitatem
366 5176 425 5248 ipse
446 5175 583 5230 Lutherus
604 5176 760 5246 damnavit,
789 5184 820 5232 ut
840 5185 882 5232 est
901 5180 929 5233 in
956 5180 1095 5234 Lutherus
1121 5177 1157 5230 de
1181 5174 1347 5227 Asianorum
1375 5172 1481 5228 haeresi
1509 5173 1537 5226 in
1565 5172 1729 5238 Germania,
1755 5174 1792 5228 de

89 5265 189 5332 colloq.
208 5263 378 5317 mensalibus
396 5279 419 5317 c.
440 5269 481 5317 43.
500 5279 533 5316 ac
552 5263 580 5316 in
600 5279 624 5317 c.
645 5268 685 5318 11.
703 5261 803 5318 Genea.
823 5269 888 5321 tom.
906 5274 929 5321 2.
956 5264 1051 5337 poenis
1076 5261 1277 5316 Germanorum
1301 5256 1337 5311 ob
1361 5262 1528 5312 contemtum
1550 5257 1628 5312 verbi
1648 5266 1676 5313 et
1697 5258 1790 5331 negle-

89 5349 139 5405 iol.
160 5357 184 5404 r.
205 5349 257 5402 hac
277 5350 312 5404 de
329 5367 360 5404 re
377 5349 416 5403 sic
436 5349 546 5404 scribit:
584 5349 721 5420 Conjicic,
742 5351 835 5404 Deum
852 5361 928 5405 cerro
957 5360 1032 5407 ctum
1049 5347 1206 5404 scholarum
1227 5345 1365 5417 praedixit
1381 5351 1447 5400 tom.
1466 5349 1490 5401 3.
1508 5343 1570 5403 den.
1589 5343 1683 5401 Germ.
1696 5345 1715 5402 f.
1730 5349 1791 5401 433.

1406 5447 1458 5504 37*
