4004 6022
161 302 222 359 508
387 378 393 388 Ι
719 293 841 351 Locus
860 293 1065 351 vicuslllus
1085 295 1283 353 SECUNDUS

159 449 254 515 derat,
277 449 354 519 legat
370 448 561 518 merissimam
581 450 694 504 Lutheri
716 467 893 520 responsum,
918 449 993 520 quod
1059 455 1117 505 tlt.
1152 450 1226 505 Vere
1248 450 1359 504 omnino
1379 450 1491 522 gloriari
1509 467 1669 521 possumus,
1692 469 1744 506 nos
1767 452 1797 507 in
1816 453 1863 507 do
1876 461 1941 503 usu„

159 535 355 605 murenarum
393 535 618 604 compilatoribus
655 537 770 606 opponit
806 536 833 590 n
871 535 994 590 anicula
1022 535 1111 590 cinna
1137 535 1198 601 irre,
1223 554 1306 606 qnam
1329 555 1362 591 ex
1387 537 1473 591 sanna
1493 537 1580 591 nens
1597 539 1634 592 au
1653 537 1734 592 aaran
1753 512 1941 605 colace-1552,

160 619 387 675 Schmalcaldicis
408 627 472 677 tom
493 627 517 675 6.
536 621 599 676 len.
618 621 712 678 Germ.
732 641 758 690 p.
776 629 834 677 510.
855 630 883 675 et
901 622 928 676 in
948 621 994 675 lib.
1022 621 1124 675 scentis
1154 622 1290 692 evangelii
1321 621 1482 685 didicimus,
1513 622 1625 676 immota
1662 630 1692 677 et
1723 623 1863 677 invariata
1875 627 1941 707 m]

159 706 196 761 de
218 705 315 759 concil.
341 711 369 759 et
396 705 491 760 eccles.
515 713 579 760 tom.
608 715 630 761 7.
664 709 728 764 len.
759 707 852 762 Germ.
881 726 909 777 p.
936 662 1112 770 23t.ladbuc
1130 708 1289 776 persistere,
1314 708 1439 778 adeoque
1456 708 1592 778 triplicem
1612 709 1739 764 ecclesiis
1758 709 1941 768 nostristnnrn

160 791 351 860 conjectum
376 791 411 843 de
434 791 587 846 variatione
609 792 789 848 confessionis
813 792 1154 864 Augustanaerunitutem
1179 793 1325 848 vendicare
1342 810 1496 863 possumus.
1534 794 1629 849 Prima
1647 801 1690 849 est
1708 797 1857 861 canonica,

159 876 247 931 solide
272 876 407 931 refellitur
427 877 454 930 iu
475 877 648 948 praefatione
666 880 813 934 Formulae
830 879 994 934 concordiae
1004 855 1008 937 l
1020 880 1075 947 qua
1093 878 1201 932 scilicet
1221 896 1284 932 curn
1297 880 1436 934 canonicis
1453 881 1487 934 V.
1503 897 1536 935 ac
1547 880 1582 938 N.
1594 881 1626 934 Τ.
1643 880 1722 934 libris
1736 888 1858 948 noemae,

159 962 323 1023 electorum,
345 963 501 1033 principum
520 969 548 1017 ct
566 969 688 1018 statuum
707 966 928 1037 evangelicorum
946 982 992 1019 no·
1020 981 1103 1034 quam
1133 963 1307 1035 profitemur,
1343 966 1483 1020 doctrinae
1515 982 1565 1036 per
1594 967 1687 1021 omnia
1718 970 1859 1033 convenit,

159 1049 233 1103 mine
251 1049 354 1118 scripta
374 1055 402 1102 et
419 1048 455 1103 ab
474 1049 570 1103 iisdem
590 1050 754 1122 subscript-a.
779 1054 824 1106 Ne
842 1052 992 1121 (inquiunt)
1020 1051 1140 1104 nondum
1170 1052 1243 1104 enim
1275 1053 1312 1106 ab
1338 1052 1394 1106 ullo
1421 1052 1567 1107 Pontificio
1592 1054 1675 1107 ullius
1703 1055 1806 1109 erroris
1832 1056 1860 1108 in

159 1136 387 1188 aduersariorum
411 1144 569 1189 nostrornm
590 1137 740 1190 calumniis
758 1140 794 1191 de
813 1139 923 1202 inuenio
943 1157 993 1190 erro
1020 1135 1084 1190 fidei
1105 1137 1228 1190 articulis
1247 1153 1279 1190 eu
1300 1136 1443 1207 Scriptura
1462 1155 1541 1193 sacra
1560 1139 1687 1193 convinci
1706 1141 1859 1209 potuimus,

158 1221 293 1284 confictis,
319 1222 418 1288 quillus
430 1221 558 1289 jactant⁴
575 1239 609 1274 ne
629 1225 708 1278 nobis
726 1226 839 1292 quidem
858 1232 993 1291 constare,
1020 1222 1086 1292 quin
1110 1222 1164 1276 imo
1188 1223 1417 1292 praestantissimi
1442 1225 1588 1294 scriptores
1608 1224 1748 1280 Pontifieii
1777 1245 1858 1292 agno·

158 1323 230 1375 quac
246 1307 284 1358 sit
301 1323 370 1359 nero
388 1315 413 1358 et
430 1307 552 1375 pecuina
565 1309 732 1376 Argustana
747 1311 887 1373 consessio
903 1311 995 1378 aliqui
1020 1324 1097 1362 scere
1120 1314 1271 1378 coguntur,
1298 1325 1331 1363 ex
1348 1307 1492 1378 Scriptura
1510 1326 1590 1364 sacra
1607 1320 1731 1365 nostram
1749 1312 1859 1366 contes-

158 1409 188 1446 sa
206 1394 318 1445 turbari
334 1394 437 1458 anone,
455 1396 507 1447 sed
519 1393 548 1457 li,
566 1396 616 1463 qui
627 1414 699 1447 nunc
713 1397 743 1449 in
754 1398 823 1450 cuiuis
833 1406 897 1449 sunt
909 1405 934 1449 et
941 1415 993 1465 po·
1020 1393 1123 1448 sionem
1144 1395 1229 1449 everti
1248 1393 1357 1449 minime
1378 1412 1467 1463 posse.
1487 1394 1585 1449 Altera
1599 1402 1643 1450 est
1654 1399 1860 1466 ecclesiastica,

157 1479 270 1532 sterilae
288 1480 373 1531 etiam
391 1480 495 1532 elisame
516 1488 541 1532 et
556 1482 678 1548 firmiter
697 1484 831 1535 doceatur
844 1500 878 1535 ac
891 1483 993 1535 certior
1020 1497 1076 1549 qua
1104 1479 1209 1534 scilicet
1241 1498 1304 1534 cum
1334 1480 1517 1549 scriptoribus
1546 1481 1757 1551 ecclesiasticis,
1790 1502 1860 1554 quos

158 1568 313 1626 reddatur,
335 1584 472 1634 qreaenam
491 1568 544 1620 illa
561 1569 612 1636 pia
631 1571 770 1636 corrfessio
791 1571 841 1636 sit,
867 1588 949 1638 qnam
967 1577 993 1622 et
1021 1573 1112 1635 patres
1142 1572 1259 1633 vocant,
1292 1566 1453 1634 pracsertim
1485 1566 1552 1626 illis,
1587 1569 1634 1637 qui
1666 1569 1860 1638 apostolorum

159 1669 223 1716 nos,
252 1660 278 1704 et
306 1653 438 1705 ecclesiae
467 1671 501 1705 ae
532 1655 644 1707 subolae
671 1663 832 1707 nostrorum
857 1657 993 1708 ditionum
1020 1652 1190 1721 temporibus
1213 1651 1328 1720 proximi
1347 1654 1474 1715 fuorunt,
1502 1652 1643 1707 doctrinae
1661 1663 1776 1710 nocuae
1796 1672 1859 1709 con·

139 1738 285 1791 omnibus
304 1739 474 1806 temporibus
489 1740 641 1808 professae
661 1749 686 1793 et
704 1741 849 1808 ampleaae
862 1743 993 1809 suarium·
1020 1738 1110 1803 venit3
1135 1738 1226 1807 parati
1248 1737 1320 1792 enim
1345 1755 1439 1790 sumus
1467 1739 1494 1790 in
1512 1738 1628 1808 singulis
1649 1739 1777 1794 articulis
1797 1758 1859 1795 eon-

154 1832 221 1892 post
245 1825 385 1876 sinceram
408 1833 433 1878 et
454 1825 595 1879 immotam
617 1829 695 1880 verba·
713 1829 772 1881 Dei
789 1830 930 1880 raritatem
950 1846 992 1881 30-
1021 1824 1148 1877 troversia
1168 1822 1309 1877 evidentia
1328 1830 1356 1876 et
1374 1823 1521 1893 perspicua
1541 1842 1574 1878 ex
1590 1825 1719 1894 patribus
1734 1827 1858 1881 testimo
1873 1834 1914 1875 ¹11-
1925 1832 1941 1873 ³¹

159 1910 217 1965 lam
241 1911 363 1976 primam
387 1911 470 1964 illam
495 1914 690 1979 Arrpscstanom
715 1915 918 1977 confractionem
943 1915 993 1965 im·
1020 1909 1068 1962 nia
1088 1926 1137 1978 pro
1155 1915 1249 1963 nostra
1268 1909 1406 1964 sententia
1426 1909 1533 1966 atl'erre.
1570 1910 1668 1964 Tertia
1686 1916 1730 1964 est
1750 1914 1860 1980 mmdc-

156 1997 289 2065 pcratori
311 1995 415 2051 Carolo
443 1998 471 2051 V.
496 1999 525 2050 in
544 1999 696 2051 celebribus
718 2001 779 2052 illis
799 2001 919 2053 comitiis
936 2001 993 2052 Aa·
1021 1995 1090 2061 lica,
1121 2012 1177 2065 qna
1204 1995 1313 2049 scilicet
1336 1995 1473 2049 communi
1502 2013 1638 2051 consensu
1664 1998 1861 2068 amplectimur

160 2084 288 2151 pustanr's
309 2101 383 2137 arrno
403 2087 485 2139 1530.
499 2085 655 2152 uallatam,
674 2086 764 2138 solam
778 2087 930 2155 (elicimus)
944 2103 994 2138 nec
1022 2083 1175 2136 doctrinam
1194 2082 1222 2136 in
1242 2081 1320 2136 libris
1330 2083 1490 2152 symbolicis
1502 2085 1679 2138 ecclesiarum
1692 2093 1860 2156 nostrarum,

135 2209 138 2214 -
160 2170 249 2222 ullam
267 2170 356 2221 allam
374 2171 507 2238 amplecti
521 2173 660 2238 nouvelle,
677 2173 994 2241 lrrculastcrtcctanrnr5
1020 2168 1049 2221 iu
1068 2170 1232 2238 augustana
1259 2168 1431 2223 confessione
1456 2169 1636 2241 ejusdemque
1654 2171 1811 2243 Apologia,
1831 2173 1859 2226 iu

159 2256 240 2322 enjus
264 2256 391 2322 exempla
418 2257 445 2307 in
470 2257 592 2310 archivis
617 2267 820 2312 antecessorum
837 2267 994 2312 nostrorum
1021 2254 1202 2308 Catcclrismis
1227 2253 1357 2317 Lutheri,
1385 2255 1413 2307 in
1437 2256 1560 2309 articulis
1583 2257 1811 2312 Schmaloaldicis
1832 2266 1861 2313 et

158 2341 319 2394 excellentis
340 2342 496 2409 rnenroru'ae,
515 2345 564 2410 qui
579 2344 636 2410 ipsi
656 2345 758 2401 Carolo
776 2347 806 2400 V.
825 2347 854 2397 in
875 2345 995 2398 comitiis
1021 2340 1049 2393 in
1076 2340 1208 2394 Formula
1230 2340 1394 2394 concordiae
1416 2342 1654 2411 comprehensam,
1683 2343 1728 2397 cui
1752 2345 1859 2416 siquis

158 2427 219 2480 ollis
239 2445 300 2480 cam
318 2429 506 2491 aulibruerunt,
526 2432 661 2498 reposito,
677 2448 732 2500 per
749 2434 806 2495 ride
830 2431 930 2498 dipnor
947 2432 994 2485 llo·
1021 2442 1120 2480 nornen
1139 2443 1219 2480 suum
1240 2427 1304 2480 dare
1323 2433 1440 2488 recusat,
1460 2445 1523 2481 cum
1540 2445 1591 2497 pro
1603 2429 1688 2483 fratre
1702 2431 1731 2483 in
1745 2432 1860 2502 negotio

158 2514 260 2582 mines,
281 2532 315 2566 nc
333 2516 403 2583 quid
420 2516 462 2568 acl
480 2518 711 2570 aemeraticm'mas
730 2519 856 2570 rationes
875 2518 994 2585 dilipen·
1020 2511 1085 2566 fidei
1126 2520 1154 2566 et
1193 2512 1372 2566 confessionis
1413 2513 1631 2584 haudquaquam
1669 2518 1858 2586 agnoscimus.

158 2601 214 2653 tiae
233 2601 262 2652 in
280 2601 358 2652 nobis
371 2602 590 2668 desideraretur,
609 2621 671 2656 cum
684 2621 725 2671 eo,
743 2606 821 2672 qnod
830 2605 995 2672 imperatori
1020 2597 1098 2653 Haec
1133 2599 1309 2653 ecelesiarum
1341 2604 1497 2653 nostrarum
1526 2599 1618 2653 unitas
1646 2600 1859 2657 Pontificiorum

159 2687 217 2756 ipsi
245 2686 393 2739 adhibitum
418 2694 459 2740 cat
482 2696 508 2739 et
535 2689 563 2740 in
582 2689 662 2741 sacri
677 2691 801 2742 Romani
819 2690 933 2758 imperii
949 2709 994 2742 ar·
1020 2685 1121 2738 unitati
1151 2685 1243 2738 multis
1273 2685 1361 2738 modis
1393 2684 1583 2754 praeferenda.
1631 2685 1686 2739 Illa
1715 2687 1790 2743 enim
1816 2695 1859 2743 est

159 2772 239 2825 chiro
259 2779 430 2834 asservatur,
451 2774 579 2838 conferri
597 2776 743 2839 noluimus,
762 2785 787 2829 et
805 2778 876 2828 certi
892 2794 993 2844 armus,
1021 2773 1130 2824 iuterna
1156 2779 1182 2823 et
1203 2771 1364 2824 orientialis
1388 2771 1416 2824 ln
1440 2769 1506 2824 fidei
1530 2776 1558 2825 et
1583 2771 1727 2828 doetl'lntlc
1750 2774 1858 2830 aniate

160 2865 256 2912 nostra
281 2866 306 2909 et
330 2858 434 2911 latiora
453 2866 479 2910 et
499 2859 669 2914 Germanica
687 2863 813 2930 exempla
827 2880 882 2931 per
900 2864 993 2916 omnia
1019 2856 1186 2923 consistans3
1210 2857 1278 2911 haec
1302 2874 1368 2912 vero
1390 2874 1493 2928 magna
1510 2874 1541 2911 ex
1562 2864 1641 2927 parte
1660 2865 1704 2914 est
1722 2860 1859 2915 duntaxat

159 2943 216 2996 sibi
244 2943 359 2996 invicem
386 2947 555 3013 respondere
587 2952 640 3002 etc.
688 2946 751 3000 Non
780 2949 850 3002 imus
880 2947 993 3015 inficias,
1020 2951 1132 2996 externa
1155 2951 1180 2995 cl
1203 2943 1399 2996 ceremonialia
1425 2943 1454 2995 in
1480 2942 1666 3014 qualicunque
1689 2947 1858 3001 ceremonia·

159 3027 293 3083 variatam
311 3046 371 3084 esse
386 3030 579 3101 Augustanam
592 3032 798 3100 confessionem,
817 3035 865 3088 sed
879 3036 994 3088 mutatio
1019 3047 1080 3083 rum
1106 3028 1296 3083 conformitate
1321 3028 1451 3091 haerens,
1479 3029 1638 3099 vigentibus
1664 3030 1776 3086 interim
1795 3050 1857 3104 gra·

160 3113 208 3169 ille
226 3114 442 3187 haudquaquam
462 3117 537 3171 sacta
553 3125 595 3172 est
613 3118 769 3186 electorum,
786 3120 941 3189 principum
961 3137 993 3174 ac
1019 3115 1138 3168 vissimis
1172 3115 1207 3169 de
1245 3115 1326 3170 rebus
1361 3114 1427 3170 fidei
1455 3115 1681 3171 dissensionibus.
1731 3116 1786 3172 llla
1815 3127 1858 3174 est

160 3207 282 3255 statuum
300 3202 388 3257 eidem
407 3203 580 3258 addictorum
597 3205 641 3259 vel
656 3207 773 3273 decreto,
794 3207 837 3260 vel
850 3223 992 3275 consensu,
1020 3200 1183 3255 Chre'atiaua
1200 3220 1234 3254 ao
1252 3202 1352 3269 libera,
1372 3202 1439 3272 quia
1456 3219 1536 3256 nemo
1555 3203 1631 3271 apud
1648 3220 1698 3257 nos
1716 3205 1800 3259 minis
1811 3207 1856 3260 vel

158 3287 208 3341 sed
221 3287 328 3356 privato
342 3288 424 3343 unius
437 3290 555 3345 hominis
569 3309 647 3359 aneu,
661 3292 784 3361 quinimo
796 3292 899 3347 elector
909 3292 992 3348 Saxo·
1019 3286 1257 3356 persecutionibus
1280 3287 1402 3358 cogitur,
1431 3293 1462 3341 ut
1484 3287 1637 3341 doctrinam
1657 3295 1782 3343 noenum
1799 3306 1855 3344 am·

158 3375 220 3429 niae
233 3392 283 3444 per
295 3375 330 3431 D.
344 3376 499 3430 Pontauum
517 3377 568 3431 boc
585 3378 695 3431 nornine
711 3378 872 3448 Philippum
887 3379 991 3433 Melan·
1018 3373 1171 3443 plautatum
1200 3373 1268 3428 haec
1285 3390 1350 3427 vero
1368 3379 1411 3427 est
1428 3375 1561 3426 circulata
1581 3382 1606 3427 et
1627 3383 1739 3442 coacta,
1757 3377 1856 3447 negari

157 3460 269 3516 thouem
289 3461 440 3531 redarguit,
459 3470 490 3516 ut
508 3463 625 3517 refertur
642 3465 671 3516 in
687 3464 799 3518 historia
811 3463 993 3536 Augustanae
1019 3458 1092 3514 enim
1111 3459 1214 3529 nequit,
1233 3459 1333 3512 multos
1353 3459 1405 3512 sub
1416 3467 1520 3529 papatu
1534 3476 1566 3512 er
1581 3467 1657 3514 metu
1668 3460 1855 3529 periculorum

158 3545 230 3599 conf.
249 3564 275 3615 p.
290 3552 347 3601 220.
368 3547 433 3602 edit.
453 3547 546 3618 Megd.
567 3564 640 3602 anrro
663 3555 733 3604 luas.
755 3567 787 3603 ac
807 3550 835 3603 in
854 3551 992 3621 colloquio
1019 3545 1094 3598 aliud
1112 3545 1248 3615 profiteri,
1270 3563 1353 3615 quam
1374 3545 1401 3598 in
1420 3547 1503 3599 corde
1521 3546 1651 3599 sentiunt.
1689 3548 1739 3600 llla
1757 3548 1855 3601 nititur

159 3631 303 3686 Ratisbon
323 3638 395 3684 anno
418 3639 490 3687 lull.
511 3633 566 3699 (cui
588 3636 646 3703 ipsc
665 3634 812 3706 Philippus
831 3636 991 3690 Melanthea
1019 3633 1130 3685 immoto
1155 3632 1232 3685 verbi
1252 3632 1304 3685 Dei
1326 3631 1520 3693 fundamento,
1547 3632 1665 3701 ideoque
1682 3642 1726 3686 cst
1742 3634 1855 3685 aalide

158 3716 295 3781 interfuit)
311 3717 397 3771 uerba
414 3717 462 3771 illa
479 3718 508 3771 in
527 3725 633 3772 mutata
651 3719 821 3775 confessione
834 3724 947 3776 omissa:
967 3732 992 3775 ct
1019 3725 1044 3770 et
1070 3720 1201 3785 r'rnmota;
1231 3717 1299 3772 baec
1330 3735 1395 3772 vero
1428 3718 1554 3771 mutabili
1581 3733 1671 3788 papae
1691 3717 1801 3784 judicio
1827 3732 1855 3779 et

157 3802 317 3870 improbant
332 3820 410 3855 secus
424 3807 562 3868 docentes,
580 3805 708 3858 restituta
726 3813 798 3873 sunt,
816 3808 890 3860 unde
908 3807 991 3862 etiam
1018 3802 1140 3857 instabili
1161 3803 1340 3857 traditionum
1360 3820 1443 3858 arem
1461 3803 1569 3870 nititur,
1593 3804 1657 3858 ideo
1675 3811 1719 3858 est
1737 3805 1855 3857 instabi-

160 3887 331 3942 contessores
363 3889 514 3961 evangelici
542 3889 570 3942 in
595 3890 722 3944 omnibus
744 3891 850 3960 imperii
874 3895 990 3948 comitiis
1017 3890 1054 3943 lis
1080 3898 1106 3942 et
1125 3891 1240 3943 incerta.
1277 3890 1336 3945 Nec
1356 3897 1447 3960 potest
1465 3890 1649 3945 Bellarminus
1666 3891 1727 3959 ipse
1746 3890 1854 3944 inficias

158 3973 269 4045 publice
283 3976 376 4029 testati
388 3981 460 4044 sunt,
478 3993 507 4030 se
519 3976 622 4029 nullam
636 3976 719 4030 aliam
732 3995 815 4047 quam
827 3979 990 4035 invariatum
1018 3978 1057 4030 ire
1076 3977 1104 4029 in
1123 3976 1300 4046 dogmatibus
1317 3977 1586 4042 fundamentalibus,
1613 3977 1648 4031 de
1666 3976 1770 4046 quibus
1790 3992 1853 4029 curn

157 4060 232 4115 illam
256 4061 354 4116 Oarolo
375 4062 409 4118 V.
435 4061 593 4132 imperatori
613 4063 758 4133 Augustae
782 4064 902 4120 oblatam
927 4084 990 4122 eon·
1017 4061 1163 4115 Pontifioia
1187 4063 1299 4117 cohorte
1322 4064 1420 4117 nostris
1440 4064 1562 4118 ecclesiis
1582 4062 1727 4144 intercedit
1745 4069 1853 4117 conho-

157 4145 305 4201 fessiouem
318 4148 456 4218 amplecti,
475 4151 554 4217 cujus
574 4149 614 4204 rei
625 4150 811 4204 testimonium
830 4151 896 4220 ipsis
910 4153 991 4207 datur
1017 4147 1113 4210 verda,
1133 4150 1268 4202 unitatem
1288 4157 1316 4205 et
1332 4166 1495 4205 contentum
1514 4156 1621 4205 nosmet
1639 4148 1718 4201 tueri-
1747 4148 1855 4202 Auditi

157 4231 186 4286 iu
200 4233 369 4288 Autonomia
387 4234 562 4288 Burckhardi
582 4252 606 4303 p.
626 4241 684 4291 286.
703 4237 777 4291 unde
790 4236 871 4290 etiam
886 4237 914 4291 in
926 4256 989 4293 con·
1017 4250 1069 4288 sua
1090 4235 1177 4305 ipsius
1196 4236 1281 4290 verba
1301 4236 1346 4290 lib.
1368 4243 1390 4292 t.
1409 4238 1444 4291 de
1462 4238 1536 4291 verb.
1556 4237 1609 4291 Dei
1621 4253 1646 4290 c.
1669 4242 1714 4291 lc:
1752 4238 1853 4290 Omnes

156 4327 241 4374 ventu
260 4320 485 4390 Naumburgcnsi
499 4337 572 4373 anno
587 4326 658 4375 1561.
677 4339 732 4376 non
749 4324 891 4390 priuatam
909 4324 990 4378 illam
1012 4330 1200 4389 protestantes
1224 4340 1271 4374 aaa
1296 4323 1362 4375 illos
1391 4324 1492 4391 lr'bros,
1520 4340 1587 4391 qrros
1610 4324 1790 4392 apocryphos
1808 4341 1853 4376 oo-

157 4421 175 4459 a
204 4406 334 4476 Philippo
360 4406 537 4461 Melanthoue
565 4409 697 4461 variatam
727 4417 755 4462 ct
788 4410 989 4480 interpolatam,
1017 4415 1089 4469 aaut,
1109 4415 1139 4459 ut
1161 4407 1280 4473 Tobiae,
1301 4408 1405 4461 Juditlu
1424 4415 1474 4462 eto.
1501 4417 1617 4477 arpent,
1633 4426 1689 4477 pro
1708 4411 1854 4463 canonicus

156 4492 205 4546 sed
227 4492 371 4560 publicam
393 4492 550 4561 imperatori
574 4493 673 4547 Carolo
694 4494 729 4549 V.
753 4497 890 4550 communi
909 4514 989 4551 euan-
1018 4510 1074 4546 esse
1096 4494 1244 4546 habendos.
1265 4493 1326 4548 libr.
1345 4500 1368 4548 2.
1387 4495 1422 4547 de
1439 4494 1523 4550 verbo
1542 4495 1594 4549 Dei
1612 4510 1636 4547 c.
1656 4501 1700 4549 ro:
1727 4495 1854 4565 Mirifice

154 4577 305 4648 gelicorum
343 4585 464 4631 statuum
502 4579 612 4632 nomine
644 4580 764 4634 oblatam
790 4582 989 4639 confessionem
1018 4581 1090 4632 inter
1116 4596 1145 4631 ³6
1175 4581 1349 4632 comaclium
1374 4590 1520 4648 necantes,
1549 4581 1691 4648 malasiam
1720 4583 1855 4635 latinam

155 4664 379 4734 subscripserunt
402 4671 429 4717 et
452 4665 609 4734 imperatori
627 4665 803 4721 Ferdinando
823 4668 989 4724 obtulerunt.
1016 4666 1229 4719 translationem
1257 4665 1415 4719 badaradum
1438 4682 1499 4719 esse
1521 4683 1578 4733 pro
1603 4667 1773 4720 eratbeatiaa.
1807 4668 1855 4722 lib.

156 4749 288 4804 Facessat
306 4749 391 4819 igitur
412 4750 562 4818 calumnia,
581 4752 655 4821 quod
674 4769 708 4806 ne
727 4753 778 4823 ipsi
796 4754 907 4824 quidem
926 4773 989 4809 oon·
1017 4753 1140 4822 ejusdem
1169 4769 1192 4807 c.
1221 4757 1250 4805 2:
1284 4752 1384 4804 Oranus
1401 4754 1495 4805 omnia
1513 4755 1554 4805 ud
1572 4761 1672 4806 tentum
1693 4753 1854 4808 Hebraeum

154 4835 272 4890 sessores
290 4836 392 4889 sciant.
417 4852 489 4905 quae
507 4836 543 4889 sit
561 4853 627 4890 vcra
647 4837 792 4892 confessio.
831 4845 853 4893 3.
875 4840 989 4896 Contro-
1016 4847 1043 4892 et
1065 4838 1204 4891 Graccum
1227 4840 1386 4891 eremmon·
1410 4840 1511 4895 volunt.
1534 4839 1582 4893 lib.
1605 4846 1629 4894 l.
1650 4840 1685 4893 de
1702 4841 1780 4896 verb.
1799 4840 1853 4896 Dei

155 4922 259 4975 versiae
278 4922 350 4975 inter
364 4921 507 4992 theologos
520 4923 703 4993 Augustanae
718 4925 834 4980 confess.
849 4928 988 4995 quondam
1016 4942 1040 4980 c.
1060 4929 1090 4979 3:
1129 4926 1238 4977 Doceat
1257 4943 1363 4991 omnes,
1383 4927 1477 4978 omnia
1495 4926 1672 4977 adsalutem
1690 4928 1853 4980 necessaria

154 5007 288 5062 excitatae
307 5007 361 5062 Dei
380 5008 470 5079 gratia
488 5025 537 5077 per
554 5010 718 5061 lbrmulam
738 5013 907 5064 concor-dioc
925 5021 990 5066 sunt
1016 5012 1046 5064 in
1061 5011 1217 5079 Semplurlc
1236 5028 1364 5080 expresse
1385 5012 1529 5065 contineri.
1551 5011 1598 5066 lib.
1614 5017 1635 5066 l.
1652 5011 1688 5064 de
1702 5013 1789 5068 verbo
1800 5014 1855 5068 Dei

154 5093 260 5162 sopitae
285 5101 312 5148 et
336 5095 471 5149 sublatae.
508 5095 634 5148 Fraudcs
652 5096 735 5149 ctiam
757 5096 988 5166 Calvinianorum,
1016 5114 1039 5151 c.
1063 5104 1105 5151 lt:
1126 5097 1224 5150 Omnes
1242 5099 1271 5149 in
1290 5115 1321 5151 eo
1340 5098 1512 5165 conveniunt,
1533 5099 1610 5165 quod
1630 5106 1739 5165 oportet
1753 5117 1855 5153 sacrae

154 5177 255 5246 quibus
282 5180 310 5233 in
334 5181 441 5250 synodo
463 5180 613 5234 Dresdeusi
641 5181 683 5233 usi
701 5181 825 5249 fueram,
855 5183 989 5253 singulari
1018 5182 1183 5250 Scripturas
1207 5184 1236 5234 ia
1263 5183 1368 5249 linquis
1391 5184 1551 5236 rrcrrracnlis
1572 5185 1698 5237 omnibns
1716 5184 1854 5251 lependas

155 5261 208 5317 Dei
234 5265 410 5333 providentia
431 5267 589 5334 patefactae
614 5273 693 5332 sunt,
720 5285 774 5338 quo
798 5269 908 5323 nornine
927 5270 988 5324 Deo
1016 5271 1101 5323 tradi.
1123 5268 1241 5338 praelat.
1267 5270 1301 5323 de
1322 5269 1435 5323 Roman.
1454 5269 1564 5338 pontifi:
1598 5269 1730 5323 Clamant
1748 5289 1854 5334 ornnes,

153 5347 246 5418 potius
270 5350 397 5419 agendae
422 5358 501 5405 erant
520 5353 640 5423 gratim,
664 5370 747 5423 quarn
766 5354 840 5423 quod
858 5355 987 5424 pristinas
1016 5358 1174 5409 Romanum
1189 5357 1351 5423 pontificem
1369 5364 1400 5407 ut
1415 5358 1576 5423 pontificem
1596 5358 1626 5409 in
1646 5356 1776 5409 haeresin
1795 5374 1855 5411 csse

154 5435 344 5489 contentiones
378 5443 406 5489 et
443 5437 583 5491 turbatum
618 5438 682 5491 olim
718 5439 852 5493 ecclesiae
885 5447 987 5495 statum
1013 5442 1186 5511 prolapsum.
1223 5440 1287 5496 libr.
1310 5446 1331 5496 l.
1358 5440 1394 5495 de
1420 5441 1509 5511 justif.
1530 5458 1553 5496 c.
1578 5449 1620 5497 lt:
1658 5444 1855 5497 Protestantee

154 5519 249 5575 odiose
267 5520 347 5576 nobis
364 5521 511 5592 quisquam
529 5523 650 5593 objicere
667 5522 743 5578 uelit
1015 5528 1089 5582 inter
1107 5543 1137 5580 ee
1157 5527 1335 5592 conueniunt,
1359 5543 1421 5581 cum
1439 5529 1551 5597 dictent,
1575 5528 1657 5582 nulla
1674 5545 1706 5582 re
1725 5527 1790 5583 alia
1799 5531 1855 5599 ju·
