4004 6022
253 244 315 311 488
809 240 930 298 Locus
948 234 1154 297 vicesimus
1171 237 1372 297 SECUNDUS

253 412 345 453 ressos
375 395 505 451 damnate
532 394 616 450 refert
643 394 816 465 Nicephorns
840 395 900 448 libr.
931 401 968 450 15.
993 394 1087 449 histor.
1116 393 1241 459 ciebant,
1272 399 1303 448 ut
1331 393 1480 449 Christiani
1513 399 1645 466 muqnam
1671 393 1811 450 idolorum
1834 395 1952 450 cultores

254 501 278 540 e.
304 486 345 539 13,
375 482 449 552 quod
476 489 574 535 auctor
598 483 687 543 333133
719 482 879 539 miscendae
907 481 1089 534 invocationis
1114 486 1325 547 accusarentur,
1364 481 1439 535 unde
1474 485 1502 534 et
1535 497 1635 536 nomen
1671 480 1742 536 illud
1776 488 1951 551 acceperunt,

255 576 417 622 sanctorum
442 568 516 620 r'nter
533 567 667 636 publicos
690 567 824 620 eeclesias
844 583 945 637 preces
967 576 992 619 et
1011 573 1042 619 nt
1060 567 1087 618 in
1115 565 1305 619 Damascenns
1330 565 1364 620 de
1385 563 1489 620 haeres.
1514 565 1589 618 circa
1611 564 1658 620 dn.
1691 565 1832 621 Pontificii
1858 568 1951 622 itidem

256 655 332 709 omni
347 653 507 721 precatione
528 653 585 706 Dei
605 653 725 721 penita-ie
741 654 934 706 nominaretur
953 654 1089 706 divinam·
1116 651 1305 719 superstitioso
1332 651 1483 721 imaginum
1509 651 1586 705 cuitu
1607 652 1783 707 accadensm
1810 653 1894 719 dant,
1923 661 1951 708 33

256 755 307 810 qne
326 739 387 809 sp‘ns
407 754 505 791 nomen
525 738 711 795 invocaretur.
740 737 816 793 Illud
836 738 864 792 in
885 739 941 791 suis
960 738 1089 807 precibus
1116 734 1264 790 Christiani
1283 754 1302 790 a
1319 735 1418 791 Tuscis
1441 735 1596 791 habeantur
1620 754 1670 807 pro
1689 737 1853 795 idololatris.
1886 738 1950 794 Pes-

256 824 347 879 adhnc
367 823 515 878 observant
533 822 681 880 Pontificii.
719 823 817 879 33113
836 825 981 878 Armeniis
993 824 1090 877 scribit
1116 828 1178 876 seut
1195 823 1353 893 hujusmodi
1372 823 1453 893 plura
1471 824 1686 886 commemorari,
1705 841 1740 879 ex
1753 823 1856 894 quibus
1869 825 1950 879 mani·

255 910 327 964 idem
346 908 519 980 Nicephorus
538 908 585 965 lib.
612 916 649 965 ie.
670 908 766 966 histor.
785 927 807 963 c.
829 915 869 964 53.
888 910 962 980 quod
983 927 1088 962 emicem
1116 908 1185 962 issts
1209 910 1392 978 conspicitur,
1417 908 1445 962 in
1466 916 1599 979 papatum
1619 909 1709 963 sarias
1729 908 1860 964 haereses
1877 911 1951 964 seint

255 996 381 1048 odorare
401 1004 427 1048 33
446 996 536 1049 colere
554 995 689 1062 dicantur,
709 995 784 1050 unde
805 1011 851 1049 eos
871 1000 952 1049 vocat
972 995 1089 1049 Stccro·
1116 995 1251 1049 sentinam
1270 994 1444 1050 sornflnxisse.
1481 996 1532 1049 Est
1549 1003 1641 1050 autem
1659 994 1715 1050 siis
1733 998 1874 1066 quaedam
1891 996 1950 1052 hae

254 1081 345 1135 133133
370 1089 395 1132 st
424 1080 636 1149 Closinsors'os,
664 1082 729 1151 quia
749 1080 850 1134 charus
876 1081 950 1150 apud
967 1097 1013 1136 eos
1029 1097 1090 1134 eru·
1115 1080 1183 1134 rcsis
1209 1081 1383 1151 pestilentior
1399 1081 1513 1152 reliquie
1531 1082 1659 1136 omnihus
1676 1089 1704 1137 st
1721 1080 1873 1137 multarum
1890 1081 1949 1138 hae·

254 1184 313 1222 cem
342 1166 490 1239 significat.
526 1167 605 1221 ldem
629 1166 661 1220 fit
688 1184 705 1220 a
728 1166 894 1235 Ρ3331113113,
921 1166 968 1238 qui
995 1167 1090 1221 latrias
1116 1167 1216 1220 resium
1241 1172 1341 1237 caput,
1367 1167 1430 1220 fons
1455 1171 1483 1221 et
1505 1167 1598 1239 origo,
1624 1184 1707 1239 quam
1727 1167 1869 1222 Pontiheii
1884 1170 1950 1239 js·-

254 1252 359 1308 cnitum
391 1253 465 1308 cruci
496 1251 675 1307 deferendum
706 1269 766 1308 esse
792 1257 926 1307 statuunt.
967 1252 1090 1306 Thomas
1117 1253 1223 1321 pridem
1243 1251 1295 1306 sibi
1315 1251 1442 1307 feserunt
1459 1253 1613 1322 propriam,
1631 1254 1707 1323 qurod
1727 1253 1838 1308 33111333
1853 1253 1950 1308 Rona-

255 1344 326 1410 part.
347 1341 371 1393 3.
395 1343 501 1409 quaest.
522 1342 563 1392 25.
587 1345 637 1392 art.
660 1344 689 1392 3:
722 1338 777 1392 Ilii
804 1339 960 1391 erhibemus
985 1340 1089 1391 latriae
1115 1354 1167 1390 nus
1185 1337 1309 1408 pontifex
1327 1355 1383 1392 non
1403 1338 1490 1408 possit
1511 1354 1609 1392 errare.
1645 1337 1794 1392 Haesnim
1807 1339 1947 1410 hypothesi

255 1426 369 1492 mritnm,
387 1426 417 1477 in
439 1426 640 1492 proponimus
659 1440 735 1492 spem
755 1425 870 1492 solatis,
889 1425 942 1478 sed
961 1426 989 1477 in
1009 1442 1089 1477 errice
1116 1423 1200 1476 semel
1217 1431 1330 1493 recepta
1348 1429 1376 1478 st
1395 1422 1515 1492 seposito
1533 1423 1616 1492 plane
1628 1422 1841 1478 Pontificius-um
1860 1425 1948 1480 decre·

256 1508 364 1564 Christi
375 1509 510 1580 ponimus
526 1524 602 1580 spem
622 1511 730 1575 3313333,
749 1518 845 1563 333333
864 1513 937 1563 enirn
955 1511 1088 1564 ecclesia:
1115 1518 1205 1562 torum
1225 1511 1350 1564 examine
1367 1509 1500 1563 divinitus
1518 1519 1675 1580 praecepto,
1694 1509 1763 1581 quid
1780 1517 1841 1565 tans
1859 1512 1949 1567 haere·

256 1596 280 1652 0
304 1613 372 1650 3133
400 1613 451 1649 333
477 1612 540 1664 spes
567 1597 665 1665 unico,
700 1598 763 1650 Hoc
789 1597 935 1666 passionis
958 1605 1089 1665 tempore,
1115 1595 1200 1649 ticum
1236 1612 1269 1650 as
1299 1610 1444 1650 erroneum
1475 1596 1625 1666 excogitari
1657 1603 1764 1665 potest,
1797 1597 1874 1668 qnod
1900 1615 1951 1653 non

255 1683 336 1753 dupe
358 1683 420 1751 piis
438 1681 585 1752 justitiam
605 1682 745 1752 liepisqcs
763 1683 840 1736 dono
856 1682 972 1736 veniam,
1009 1684 1089 1752 Erpo
1116 1681 1298 1752 promtissime
1326 1681 1489 1751 recipiatur,
1516 1683 1571 1736 ime
1598 1686 1626 1737 st
1653 1683 1740 1752 recipi
1767 1685 1951 1738 nscoesariam

254 1786 324 1823 onte
361 1767 469 1822 Christi
504 1770 657 1822 odoranda
697 1776 737 1821 est
771 1770 940 1822 adoratione
977 1769 1089 1822 latriae.
1113 1767 1275 1839 judicetur?
1304 1767 1413 1822 Monuit
1434 1767 1463 1821 id
1483 1770 1542 1838 jam
1566 1767 1631 1821 olim
1655 1767 1829 1823 Athanasius
1847 1771 1881 1824 ad
1900 1770 1951 1825 En·

253 1853 378 1908 Thomas
410 1853 598 1923 adstipulatur
631 1852 741 1908 Alensis
772 1858 842 1923 part.
874 1858 898 1908 3.
931 1858 1038 1924 quaest.
1066 1859 1089 1908 3.
1116 1852 1247 1906 stathinm
1271 1851 1463 1923 praescribens
1485 1859 1582 1907 333313
1607 1870 1670 1914 sos.
1699 1853 1747 1924 qui
1771 1855 1877 1924 jubent
1898 1872 1950 1910 sre-

157 1961 161 1967 ·
255 1938 368 1994 membr.
390 1944 413 1997 3.
440 1943 489 1993 313.
512 1944 536 1994 3.
582 1938 715 1993 Albsrtus
737 1944 760 1991 3.
784 1946 900 1993 sentent.
925 1939 1046 1993 distinct.
1066 1945 1089 1995 a.
1117 1938 1189 2005 dere,
1209 1954 1281 2009 quas
1299 1938 1351 2008 ipsi
1373 1938 1477 2008 dicunt,
1498 1947 1526 1993 et
1545 1941 1776 2010 nonprcspicsrs,
1793 1941 1900 2011 desset,
1917 1959 1950 1996 an

254 2033 306 2081 art.
326 2031 349 2080 l.
387 2025 584 2079 Beneventum
604 2024 725 2080 distinct.
746 2025 806 2079 ead.
825 2029 910 2095 qut.
929 2031 1017 2081 3131.
1037 2031 1090 2080 stc.
1117 2040 1171 2077 non
1190 2024 1296 2078 deceat.
1333 2025 1456 2077 Istrirrern
1473 2025 1617 2090 haeresin,
1634 2026 1734 2096 inquit,
1756 2029 1950 2081 marturius·

256 2128 288 2166 ex
309 2110 508 2166 recentioribus
529 2109 680 2181 Cajetunus
701 2109 728 2163 in
741 2109 838 2165 Thom.
858 2116 930 2181 part.
944 2116 967 2165 3.
988 2127 1033 2181 qu.
1049 2116 1090 2167 25.
1116 2127 1192 2162 reses
1219 2125 1356 2163 renovare
1383 2116 1410 2161 et
1439 2117 1553 2163 cunctos
1578 2127 1722 2180 nspernre.
1765 2112 1871 2167 aneat
1899 2114 1950 2178 isti,

148 2242 151 2248 .
199 2206 201 2211 '
256 2206 307 2252 art.
329 2204 351 2253 3.
388 2195 540 2269 Gregorius
563 2197 598 2252 de
616 2195 747 2251 Valentia
771 2201 836 2253 tom.
859 2202 882 2250 3.
911 2196 1043 2266 disputat.
1066 2201 1090 2252 ti.
1118 2195 1173 2261 ait,
1201 2195 1329 2262 occepere
1357 2194 1523 2262 simpliciter
1547 2212 1618 2264 qnos
1640 2196 1789 2263 ducuntur,
1818 2206 1850 2250 at
1877 2215 1951 2252 asmo

257 2301 303 2355 qn.
328 2288 367 2339 ll.
393 2290 487 2354 punct.
513 2288 538 2338 6.
580 2282 710 2337 Costerus
734 2282 763 2336 in
788 2282 919 2336 enchirid.
944 2300 1009 2355 pag.
1032 2288 1090 2339 tes.
1118 2282 1258 2350 exquiret,
1284 2281 1356 2349 qnid
1378 2297 1406 2331 m
1428 2280 1464 2332 iis
1487 2288 1537 2333 eut
1560 2282 1661 2335 333333
1684 2290 1734 2335 nat
1757 2283 1950 2351 indecorant,

127 2377 241 2420 eruem-
256 2372 301 2428 st.
322 2369 520 2441 Nodipsdales
539 2368 718 2424 ambulabant
735 2369 817 2423 nudis
836 2368 968 2438 pedibus,
994 2370 1091 2441 Augu·
1118 2385 1172 2420 eon
1197 2368 1334 2434 expendat
1357 2366 1532 2435 3331333113,
1559 2369 1630 2434 qnid
1654 2369 1806 2436 proposito
1831 2371 1950 2439 (1131331,

128 2429 198 2521 ffi‘ss'
256 2455 345 2510 331333
373 2455 537 2511 (13333133.
561 2471 623 2526 cap.
641 2459 683 2511 se.
709 2454 770 2508 iilos
796 2455 940 2511 imitantur
965 2455 1091 2510 monachi
1118 2453 1189 2524 quid
1206 2470 1267 2507 cum
1284 2451 1402 2507 33133333
1420 2453 1603 2506 oenomelum.
1684 2449 1690 2463 “

127 2540 243 2592 8313311·
255 2541 442 2598 Franciscani.
484 2545 530 2597 32.
555 2541 815 2608 Pactolorpnoisitce
845 2556 954 2611 semper
982 2541 1092 2596 silentio
1533 2562 1535 2566 ’

128 2601 243 2696 {mihi
256 2629 422 2696 studebant,
446 2625 626 2683 Philasterius
651 2627 755 2681 haeres.
780 2632 820 2682 to.
856 2627 1030 2698 Augustinus
1056 2629 1091 2683 ds
1438 2644 1639 2653 ”mm-

151 2715 362 2775 xusttbaerss.
391 2731 451 2785 cap.
480 2719 520 2768 33.
564 2713 631 2767 11133
657 2711 799 2767 imitantur
824 2712 1014 2777 carthusiani,
1044 2716 1092 2786 qui
1692 2728 1695 2733 ·

257 2818 325 2873 prae
350 2801 443 2856 studio
466 2798 569 2854 silentii
594 2816 629 2855 ne
654 2799 765 2870 quidem
789 2800 901 2855 salutati
923 2801 1092 2872 respondent
1367 2775 1430 2835 ΒΕ
1448 2775 1470 2835 ⁰
1487 2776 1512 2834 Τ
1530 2775 1547 2834 Ῑ
1565 2775 1589 2835 ⁰
1624 2774 1707 2834 VH·
1963 2796 2000 2837 m

128 2893 307 2994 iiiiiiipm
333 2887 439 2960 gratiss
464 2893 560 2958 agunt.
604 2889 652 2942 33.
677 2885 890 2940 Mirabiliorios
917 2886 1091 2959 Augustinus
1118 2931 1184 2996 DE
1218 2930 1449 2997 SEPTIMA
1481 2931 1780 2998 EOOLESIAE
1810 2932 1953 3017 NOTA,

130 3014 186 3045 m„
257 2980 340 3029 13333
365 2989 425 3041 333,
459 2971 508 3042 qui
535 2969 729 3026 miraculorum
753 2972 797 3025 vsl
822 2989 840 3026 a
863 2991 893 3028 ss
916 2974 960 3027 vel
977 2974 1013 3028 ab
1032 2972 1093 3028 aliis

257 3059 395 3116 editorum
425 3062 571 3128 praetextu
606 3072 712 3111 3113133
741 3074 827 3112 novos
856 3057 1019 3114 invexerunt
1048 3060 1093 3114 vel
1117 3031 1260 3111 QUAM
1282 3033 1653 3099 BELLARMINUS
1676 3033 1952 3119 ASSIGNAT,

258 3154 364 3202 veteres
383 3148 559 3200 renovarunt.
598 3148 757 3200 31333113.
780 3145 809 3199 in
827 3144 961 3200 debean:
988 3146 1093 3200 Contra
1118 3133 1411 3200 VIDELIOET
1453 3133 1580 3201 UNIO
1620 3134 1953 3203 MEMBRORUM

258 3234 326 3288 istos
351 3230 464 3304 (inquit)
492 3230 703 3284 Mirabiliorios
727 3239 836 3283 contram
859 3248 900 3285 me
917 3232 995 3301 fecit
1014 3234 1093 3286 Deus
1183 3235 1341 3303 INTER
1370 3234 1428 3301 SE
1458 3237 1521 3302 ΕΤ
1550 3236 1652 3304 CUM
1681 3236 1885 3304 ΟΑΡῙΤΕ,

257 3337 334 3374 mous
352 3321 465 3374 dicens:
483 3318 513 3371 in
533 3317 690 3371 3331333333
702 3317 801 3370 diebus
812 3327 958 3385 resur-pont
972 3321 1093 3389 pseudo·

253 3407 419 3477 prophetoe.
455 3403 542 3475 Atqui
561 3403 694 3474 Papistae
713 3420 747 3458 ex
767 3404 906 3458 miraculis
923 3421 1093 3473 susssnpcr·
1155 3410 1213 3461 131.
1250 3405 1407 3459 Memorem
1422 3405 1551 3474 primum.
1586 3405 1995 3462 81311331113133311313133111

129 3496 162 3540 tt.
183 3498 244 3539 633·
258 3491 388 3546 3313131133
401 3497 429 3545 33
441 3490 629 3544 idololatricos
643 3489 733 3545 cultus
746 3489 899 3545 stabiliunt.
930 3493 974 3544 34.
991 3490 1093 3544 Gnosi·
1120 3495 1191 3545 inter
1213 3507 1243 3546 ss
1267 3496 1295 3545 st
1320 3507 1382 3545 eum
1401 3492 1493 3561 capite
1511 3491 1623 3562 propria
1638 3497 1666 3547 et
1682 3490 1806 3564 genuina
1822 3474 2001 3556 eeclesiae„

130 3549 244 3641 {issfm'
258 3577 352 3630 rnaclu‘
373 3593 453 3631 omns
477 3575 597 3630 studium
624 3575 788 3647 cognitionis
812 3575 841 3629 in
865 3574 1028 3631 Christianis
1045 3576 1093 3630 ho·
1120 3576 1204 3631 33331
1240 3576 1465 3647 Respondemus:
1492 3586 1513 3633 1.
1537 3577 1691 3632 Ecclesiam
1721 3593 1781 3633 esse
1807 3598 1897 3634 33333
1925 3577 2001 3661 exa„

258 3658 378 3716 minibus
407 3667 604 3731 aspernantur,
633 3661 708 3715 unde
736 3665 764 3715 st
786 3677 887 3716 nomen
908 3661 978 3716 iilud
1004 3662 1093 3716 sortiti
1120 3663 1246 3734 symbolo
1279 3663 1430 3734 apostolico
1459 3669 1486 3718 et
1514 3662 1636 3719 Nicasno
1668 3663 1846 3735 confitemur,
1876 3667 1992 3738 cnjmss

257 3755 336 3813 sunt,
362 3746 551 3802 Damascenus
574 3747 610 3802 ds
632 3745 736 3801 haeres.
773 3745 819 3801 Ad
844 3747 959 3801 classem
985 3747 1093 3801 illorum
1120 3749 1234 3803 unitatis
1258 3749 1377 3803 rationes
1405 3750 1581 3820 exposuimus
1609 3750 1735 3820 superins
1762 3747 1790 3826 ᾗ.
1818 3757 1861 3810 et.
1887 3722 1985 3808 interel

256 3834 397 3906 pertinent
420 3832 548 3889 monachi
573 3831 723 3903 pontificii,
748 3832 796 3904 qui
820 3849 849 3887 ss
873 3832 993 3886 1133133
1016 3834 1093 3901 ipso·
1120 3851 1190 3907 quas
1211 3835 1313 3889 eminet
1330 3833 1425 3887 333333
1442 3836 1513 3899 fidei
1528 3844 1553 3888 et
1570 3837 1718 3890 doctrinae
1734 3835 1838 3907 Ephes.
1854 3844 1918 3899 31.
1934 3845 1955 3894 5.

257 3921 368 3976 tantiae
387 3924 536 3983 vocarunt,
555 3919 657 3991 quibus
674 3924 809 3989 perpetuo
827 3919 855 3973 in
874 3935 920 3973 ors
938 3918 1008 3973 illud
1028 3935 1093 3989 apo·
1120 3926 1143 3976 2.
1160 3919 1262 3977 Unitas
1288 3937 1354 3991 ergo
1379 3937 1429 3990 per
1455 3937 1484 3975 ss
1508 3937 1562 3976 non
1583 3928 1624 3975 est
1643 3922 1710 3975 nota
1728 3923 1878 3991 ecclesiae,
1908 3925 1955 3979 sed

258 4006 399 4062 stolicum:
418 4006 518 4060 Literc
537 4005 640 4059 oceidit
660 4011 681 4059 2.
696 4004 758 4060 Cor.
774 4010 797 4074 3,
814 4023 840 4058 v.
853 4011 877 4060 h.
897 4020 1012 4076 quorum
1026 4004 1093 4061 ordo
1120 4012 1229 4075 oportet
1255 4022 1315 4060 sam
1340 4020 1400 4061 esse
1426 4022 1487 4060 cnm
1507 4005 1562 4061 lide
1581 4011 1608 4060 st
1626 4006 1752 4061 doctrina
1769 4011 1955 4080 conjunctam,

257 4092 375 4163 primurn
396 4092 432 4149 ab
450 4092 511 4148 aliis
531 4092 585 4146 fuit
603 4092 761 4163 sejunctus,
790 4108 863 4146 nnnc
882 4107 946 4145 vero
965 4091 1092 4146 omnibus
1119 4091 1220 4162 Ephes.
1241 4097 1270 4160 l,
1290 4110 1316 4145 v.
1333 4098 1361 4147 e:
1392 4092 1466 4146 Unus
1491 4094 1635 4162 donn'nus,
1664 4110 1720 4147 una
1741 4095 1833 4165 fiam,-
1863 4114 1891 4153 ν.
1914 4103 1954 4152 ie:

257 4179 411 4244 immixtus,
436 4196 505 4252 quos
529 4180 613 4249 po‘s'ta
631 4177 724 4248 lepido
742 4177 795 4231 hos
815 4176 1012 4248 epigrammate
1032 4193 1091 4248 per·
1120 4181 1207 4232 donec
1227 4196 1407 4232 occurremus
1426 4179 1456 4232 in
1475 4180 1608 4232 renitotorn
1626 4181 1702 4245 311133.
1737 4180 1912 4238 Athanasius
1928 4184 1955 4238 in

257 4266 382 4338 stringit:
1120 4263 1197 4335 epist.
1230 4265 1265 4318 ad
1294 4263 1423 4319 Antioch.
1456 4265 1530 4319 Vero
1558 4268 1696 4319 duntaxat
1723 4267 1881 4322 concordio
1909 4277 1954 4338 cst,

327 4350 435 4406 Cavisti
454 4352 520 4405 bene
537 4358 580 4416 tu,
599 4365 632 4402 ne
654 4357 679 4404 ts
697 4349 761 4404 3113
779 4349 906 4404 occidor
923 4348 1011 4418 possit
1119 4367 1190 4420 qnos
1210 4357 1250 4403 333
1267 4350 1342 4418 fidei,
1359 4351 1420 4404 sine
1439 4367 1493 4420 qnia
1512 4352 1648 4406 dissensio
1670 4351 1784 4423 optimu,
1802 4357 1955 4409 eonemdio

360 4438 476 4501 Litora,
493 4455 559 4490 nom
578 4436 658 4489 notior
677 4444 718 4489 est
736 4435 821 4489 litera
838 4443 905 4489 noto
924 4435 981 4489 siet.
1115 4436 1372 4507 perniciosissimo,
1402 4441 1434 4488 nt
1460 4436 1555 4491 scribit
1581 4435 1733 4509 Gregorius
1760 4437 1953 4495 Nazianzenus

256 4523 475 4581 ”Gnosimschi
505 4521 591 4594 igitur
625 4520 700 4591 apud
733 4520 860 4578 Nicetam
886 4520 955 4578 thes.
984 4520 1092 4578 orthod.
1119 4526 1187 4577 3133.
1209 4528 1230 4578 1.
1258 4522 1293 4576 de
1311 4538 1387 4592 pace.
1427 4528 1450 4578 3.
1470 4522 1528 4578 Nec
1547 4524 1660 4595 quaeris
1679 4521 1745 4579 fidei
1764 4532 1792 4579 33
1811 4525 1953 4583 doctrinae

216 4639 218 4643 ·
256 4609 323 4668 fidei
346 4610 394 4665 lib.
415 4617 438 4665 l.
464 4608 630 4664 13313339.
656 4607 742 4662 cuivis
768 4606 970 4664 Christianismi
998 4587 1210 4679 cogni-innitar
1229 4612 1271 4663 sst
1289 4608 1422 4664 ecciesiae
1442 4615 1521 4674 nota,
1549 4610 1597 4663 ssd
1625 4611 1720 4664 unitos
1738 4626 1824 4664 verne
1844 4614 1915 4677 fidei
1930 4620 1954 4666 33

257 4696 326 4752 31331
343 4704 371 4753 33
388 4696 519 4751 scientiae
537 4694 702 4749 resistebant
720 4693 836 4767 illosque
847 4692 953 4748 frustra
967 4665 1105 4750 laborare*
1119 4695 1280 4770 doctrinae,
1307 4693 1336 4747 11
1363 4701 1405 4748 333
1424 4694 1600 4765 propheticas
1619 4703 1646 4750 st
1667 4696 1837 4768 apostolicas
1856 4697 1953 4754 doctri·

258 4783 431 4847 asserebant,
457 4783 505 4855 qui
523 4783 552 4835 in
569 4780 655 4835 sacris
675 4780 761 4836 literis
779 4778 923 4835 scientiam
939 4779 1024 4834 ullam
1044 4730 1185 4850 antinus,
1209 4796 1243 4834 sa
1270 4779 1342 4833 snim
1367 4780 1425 4834 sola
1450 4785 1492 4836 sst
1514 4780 1642 4838 immotae
1661 4798 1694 4837 33
1713 4789 1866 4853 perpetuas
1885 4784 1952 4840 veri·

258 4870 442 4942 cognitionem
468 4866 685 4940 investigabant,
709 4883 771 4922 cnm
793 4866 954 4937 praesertim
977 4883 995 4921 a
1015 4838 1191 4937 Chri-itatis.
1227 4866 1343 4936 Oportet
1362 4865 1447 4936 igitur
1465 4866 1599 4921 unitatem
1618 4865 1695 4935 fidei,
1716 4884 1787 4939 quas
1806 4876 1850 4925 sst
1867 4871 1952 4927 eccls-

257 4956 355 5011 stisnis
373 4955 449 5009 Dens
466 4954 535 5009 nihil
554 4959 664 5024 praeter
684 4968 768 5023 opera
787 4952 859 5007 bons
879 4952 1008 5025 requirat.
1036 4952 1092 5007 lta·
1104 4940 1107 4987 ³
1119 4953 1175 5007 3133
1198 4958 1277 5020 nom,
1302 4950 1353 5005 niti
1376 4969 1431 5006 uno
1452 4952 1594 5007 doctrinas
1616 4959 1644 5007 st
1666 4953 1838 5023 apostolicae
1856 4956 1953 5011 lunda·

180 5035 183 5041 ’
258 5059 312 5115 que
329 5040 449 5112 aliquem
467 5039 586 5111 simplici
604 5039 723 5109 rudique
741 5038 831 5092 animo
844 5037 1000 5094 institutum
1012 5055 1091 5093 suum
1104 5000 1106 5095 i
1119 5043 1229 5107 mento,
1256 5038 1330 5092 unde
1357 5038 1474 5093 ecclesia
1492 5038 1593 5093 dicitur
1611 5041 1851 5108 superaedificata
1871 5060 1953 5113 serpes

258 5129 387 5199 persequi
407 5127 504 5182 melius
525 5143 592 5194 esse,
610 5143 693 5197 quam
712 5124 826 5180 multam
840 5141 934 5179 curam
949 5125 977 5178 in
990 5140 1091 5195 cogno·
1116 5125 1331 5190 fundamentum
1345 5125 1550 5195 prophetorum
1571 5133 1595 5178 et
1608 5127 1801 5194 apostolorum
1814 5126 1916 5200 Ephes.
1929 5136 1952 5200 3,

259 5215 367 5269 scandis
389 5213 505 5268 decretis
524 5221 553 5267 et
570 5211 691 5266 scientiis
710 5228 818 5282 ponere.
857 5210 988 5281 Papistae
1013 5209 1092 5265 iaicis
1117 5228 1143 5262 v.
1163 5215 1203 5265 20.
1224 5226 1257 5263 ac
1277 5210 1312 5266 de
1330 5209 1442 5265 coelesti
1460 5209 1655 5282 Hierosolyma
1673 5212 1783 5277 dicitur,
1801 5216 1882 5283 qaod
1898 5234 1952 5269 mn·

130 5353 159 5396 ⁸
180 5352 235 5394 cm
258 5298 428 5355 interdicunt
447 5297 652 5368 scripturarum
668 5296 784 5353 lectione
799 5304 827 5352 et
840 5297 963 5352 ordinem
976 5295 1091 5351 fratrum
1104 5328 1106 5351 .
1117 5313 1167 5348 rus
1196 5295 1276 5349 illins
1300 5296 1401 5349 131333
1426 5297 1615 5361 fundamento
1633 5297 1782 5352 duodecim
1800 5306 1828 5353 et
1845 5301 1876 5353 in
1895 5300 1953 5354 illis

132 5380 219 5447 sss'sno·
235 5370 445 5457 ‘ignorantium
479 5384 682 5440 statuerunt.**
734 5387 779 5437 35.
807 5382 1106 5452 Christianoeetepori'
1119 5383 1232 5435 nomino
1250 5384 1396 5437 duodecim
1415 5383 1606 5453 apostolorum
1624 5384 1699 5452 apri,
1717 5383 1860 5455 Apoeil,
1873 5403 1899 5440 v.
1916 5392 1955 5443 lt.

132 5459 224 5548 ξζξξξ
258 5467 426 5540 imaginibus
449 5468 558 5524 divinos
579 5467 696 5524 honores
718 5467 904 5523 decernebant
923 5484 1011 5540 eoqns
1031 5466 1090 5523 3111-
1102 5430 1106 5506 i
1119 5468 1184 5524 inds
1202 5468 1315 5523 Zachar.
1336 5474 1366 5536 8,
1385 5485 1410 5524 v.
1434 5475 1472 5525 19.
1491 5471 1596 5523 ueritas
1615 5477 1642 5524 et
1656 5486 1719 5540 pce
1737 5472 1954 5546 conjunguntur,
