4004 6022
293 309 352 366 sos
862 271 1204 360 amoveamus
1223 300 1423 360 monnone

291 462 434 521 vocarunt,
456 455 503 510 illo
521 461 644 527 tempore
660 456 847 527 integritatem
865 456 931 512 fidei
948 457 1040 512 adhuc
1051 461 1126 512 tene
1153 456 1188 512 de
1205 454 1373 528 quaestione,
1393 472 1475 527 qnam
1492 463 1560 512 tunc
1575 456 1723 522 hamsbm,
1740 456 1881 515 videlicet
1895 457 1999 529 deu·

292 540 373 608 hant,
393 541 476 597 hodie
495 559 560 597 vero
577 542 714 612 quaedam
735 558 767 596 ex
785 543 840 596 illis
857 545 940 614 plane
959 542 1126 610 defecerunt,
1152 541 1357 614 rebaptizandis
1382 542 1429 610 iis,
1453 543 1500 614 qui
1524 543 1561 598 ah
1574 543 1730 605 haereticis
1755 543 1900 616 baptisati
1922 532 2001 617 Μ’

294 644 365 698 quae
383 628 475 682 adhuc
494 635 650 698 supersunt,
667 627 704 682 ab
723 628 882 701 integritate
901 629 1018 700 pristina
1032 634 1061 684 et
1072 629 1127 685 fide
1153 643 1204 680 uec
1224 627 1313 697 primo
1325 643 1359 681 ac
1372 627 1561 698 principalitar
1571 629 1608 683 ad
1620 629 1768 685 eoeleeiam
1782 636 1927 700 provocat
1941 629 1982 688 d

293 712 427 768 catholica
446 719 473 768 et
490 714 642 785 apostolica
656 714 815 786 longissime
827 721 1007 770 recesserunt
1033 722 1055 771 2.
1067 715 1127 772 Nec
1153 719 1299 784 postquam
1323 729 1356 767 ex
1374 711 1676 783 scripturis-ecclesias
1694 716 1867 771 mamutium
1886 716 1982 773 densa

292 803 500 869 omuespatres,
517 800 750 855 necinomnibus
764 801 980 872 quaestionibus,
997 818 1048 857 nec
1063 818 1127 856 con·
1152 803 1296 853 enaverat.
1335 799 1465 862 momen
1483 799 1596 870 (inquit)
1615 801 1700 870 trojus
1717 801 1764 854 rei
1780 803 1817 856 de
1839 802 1982 874 script-is

293 889 336 938 tra
366 884 478 954 quosvis
509 884 681 940 adversarios
711 885 884 956 disputantes
915 887 952 940 ad
983 870 1365 952 ecclesiamicononioisnon
1374 887 1718 955 proferatureeemptum,
1735 889 1981 943 mandentum

292 974 455 1039 provocant,
481 969 547 1041 quia
564 971 647 1042 longe
664 971 758 1042 plures
777 977 871 1042 patres
890 979 917 1028 et
935 972 1031 1041 iidem,
1060 989 1125 1044 quo·
1155 971 1369 1040 scripturarum
1384 973 1467 1025 etiam
1483 973 1747 1029 hacinreanohis
1759 973 1980 1030 teneturoeritsa

292 1072 352 1108 rum
378 1055 537 1129 testimonie
562 1055 752 1126 adducuntur,
779 1058 889 1128 saepius
912 1059 948 1112 ad
970 1057 1125 1130 Scripturas
1152 1054 1241 1125 Epist.
1263 1062 1317 1112 llll.
1337 1056 1459 1127 loquitur
1477 1057 1512 1112 de
1530 1057 1614 1113 rebus
1634 1057 1812 1130 adiaphoris,
1841 1059 1873 1115 in
1892 1059 1979 1132 qmlm

291 1146 459 1212 provocant,
489 1145 521 1194 ut
546 1141 574 1194 in
598 1142 760 1211 quaestione
784 1141 819 1195 de
846 1144 918 1198 notis
945 1144 1078 1199 ecclesiae
1094 1160 1126 1198 ex
1153 1159 1324 1196 communem
1343 1142 1477 1198 ecclesiae
1496 1144 1724 1200 consuetudinem
1741 1145 1915 1216 sequendam
1929 1160 1977 1200 cue

291 1227 401 1281 illorum
425 1226 507 1281 dictis
530 1227 685 1298 apparebit.
731 1228 848 1293 Quando
868 1229 1012 1303 disputant
1030 1235 1126 1284 contra
1153 1246 1207 1282 non
1226 1245 1420 1299 repugnamus.

291 1331 352 1378 eos,
384 1312 430 1384 qni
457 1329 590 1367 canonem
615 1313 818 1385 scripturarum
838 1315 880 1370 vel
898 1315 1052 1387 negabant,
1081 1315 1124 1367 rel
1190 1319 1246 1370 123,
1283 1314 1340 1369 Sub
1363 1314 1445 1370 linem
1464 1315 1562 1388 capitis
1582 1316 1769 1371 Bellarminus
1788 1315 1854 1370 vult
1868 1313 1975 1387 probae

291 1398 518 1470 corrumpebant,
543 1405 610 1454 tuuc
628 1407 780 1470 provocant
796 1402 832 1455 ad
851 1401 995 1465 ecclesias,
1018 1403 1047 1457 in
1067 1401 1125 1472 qni-
1153 1402 1231 1469 quod
1249 1401 1367 1454 ecclesia
1387 1403 1628 1469 repraesentativa
1645 1418 1701 1455 non
1719 1401 1811 1472 possit
1829 1417 1923 1457 errare
1947 1398 1975 1455 a·

292 1486 345 1541 hus
370 1485 435 1539 illae
458 1501 508 1554 per
531 1486 733 1540 successionem
757 1485 793 1540 ab
817 1487 950 1556 apostolis
975 1493 1041 1541 sant
1063 1503 1125 1541 con·
1153 1504 1246 1541 omnm
1263 1487 1388 1557 episcopi
1404 1496 1550 1555 errarent,
1570 1495 1629 1543 tota
1645 1489 1768 1542 ecclesia
1784 1487 1971 1556 moraturis

292 1578 424 1638 servatae,
444 1570 493 1625 sed
511 1571 623 1642 quando
643 1571 788 1642 disputant
804 1579 901 1628 contra
919 1590 973 1641 eos,
992 1572 1040 1644 qui
1056 1572 1126 1630 Scri·
1153 1579 1258 1625 tenetur
1270 1573 1395 1641 populus
1411 1575 1492 1641 sequi
1507 1591 1572 1628 suos
1594 1581 1727 1643 pastores
1742 1575 1857 1629 dicem
1869 1571 1971 1629 Destino

291 1663 391 1727 pturae
408 1672 541 1711 muonem
558 1673 610 1711 uec
626 1657 742 1724 tollunt,
768 1675 819 1712 nec
839 1666 1030 1729 corrumpunt,
1053 1659 1125 1729 prin·
1153 1657 1221 1711 Luc.
1253 1663 1298 1712 to:
1327 1657 1382 1719 Qui
1399 1676 1448 1711 oos
1466 1660 1561 1725 audit,
1589 1677 1632 1713 me
1651 1660 1749 1727 audit,
1780 1666 1809 1714 et
1827 1657 1918 1715 llstth.
1934 1662 1969 1713 ll:

291 1742 419 1813 cipaliter
450 1743 487 1796 ad
517 1741 676 1812 Scripturas
705 1751 870 1814 provocant,
900 1745 1063 1800 secundario
1093 1762 1126 1799 ac
1156 1743 1339 1811 Quaecunque
1369 1745 1492 1798 dixerim
1516 1744 1614 1808 facite.
1656 1746 1693 1799 In
1724 1743 1849 1812 epistota
1879 1743 1971 1800 martiii

291 1827 382 1882 minus
399 1826 589 1898 principaliter
607 1828 741 1883 ecclesias
759 1829 945 1884 testimoninm
959 1831 1125 1902 adjungunt.
1155 1829 1293 1897 Ephesini
1310 1830 1351 1882 ad
1368 1830 1531 1883 Nestorium
1550 1831 1660 1900 copitar
1677 1830 1845 1897 Nestorius,
1861 1830 1889 1884 si
1902 1827 1969 1882 cecis

292 1912 467 1985 Augustinus
487 1912 546 1969 libr.
568 1919 591 1968 3.
610 1920 676 1969 cont
700 1914 813 1968 Maxim.
832 1915 928 1971 Ariau.
948 1934 972 1971 c.
995 1922 1038 1972 14:
1068 1919 1127 1970 Nee
1153 1914 1214 1967 siae
1231 1916 1398 1977 sotmfaeere
1416 1916 1497 1983 uelit,
1520 1915 1685 1981 juramento
1703 1916 1884 1984 confimari,
1899 1931 1925 1969 ss
1938 1913 1970 1967 its

293 2016 344 2070 epo
365 2000 532 2062 Nicaennm,
557 2016 608 2052 nec
632 2007 662 2052 tu
685 2001 862 2055 Ariminense
886 2003 968 2055 debes
992 2010 1126 2070 tanquam
1154 2000 1271 2067 sentire,
1297 2008 1328 2053 ut
1351 2002 1473 2054 sentiunt
1498 2000 1615 2055 omentis
1638 2009 1664 2054 et
1684 2002 1843 2057 eruamus
1860 1999 1970 2071 epicopi

290 2085 544 2154 praejudicatarum
560 2087 697 2154 proferre
714 2088 876 2151 concilium,
899 2106 948 2142 nec
966 2105 1017 2156 epo
1035 2089 1127 2156 hujus,
1155 2087 1330 2156 Aepustinus
1351 2086 1398 2142 tit.
1421 2089 1445 2142 1.
1464 2089 1499 2141 de
1517 2087 1594 2156 hapt.
1612 2104 1634 2142 c.
1654 2089 1695 2140 18.
1721 2089 1867 2142 decretrm
1880 2085 1972 2143 condiit'

293 2187 343 2224 nec
368 2178 398 2223 tu
422 2171 502 2224 itlius
519 2173 684 2228 auctoritate
702 2174 818 2242 teneris,
845 2175 1060 2244 scripturarum
1078 2193 1126 2227 ass
1153 2173 1295 2240 generatos
1320 2181 1400 2225 occa
1424 2173 1571 2225 universae
1604 2173 1738 2226 eccleciae
1766 2178 1972 2236 camma

294 2256 478 2325 claritatibus,
493 2276 549 2312 non
558 2275 782 2329 quorumcunque
792 2261 995 2329 propriassit
1005 2262 1127 2329 utrisque
1154 2258 1266 2325 merito,
1289 2275 1356 2310 nam
1380 2258 1498 2312 eccloeia
1524 2276 1581 2311 non
1596 2260 1747 2313 decumae
1766 2257 1973 2328 dormiret

292 2343 481 2398 communibus
505 2345 619 2398 testibus
636 2362 682 2398 res
700 2363 761 2399 cum
779 2363 824 2415 re,
848 2363 935 2400 causa
952 2365 1013 2400 arm
1030 2364 1127 2404 causa.
1154 2362 1239 2412 quam
1255 2343 1314 2397 ns'si
1325 2360 1380 2412 per
1397 2362 1463 2397 assos
1479 2352 1617 2415 pastores,
1637 2344 1711 2396 sicrst
1728 2344 1876 2413 quodlibet
1891 2360 1974 2413 corpas

293 2429 369 2483 ratio
388 2447 451 2483 cum
463 2431 573 2484 ratione
586 2439 730 2485 concelet.
751 2430 813 2488 Lib.
828 2438 851 2487 4.
871 2437 943 2486 cont.
963 2432 1127 2502 duasepist.
1151 2447 1204 2498 per
1221 2448 1301 2482 suum
1318 2438 1413 2498 capnt,
1431 2432 1506 2484 unde
1526 2434 1549 2484 1.
1568 2431 1640 2498 Rep.
1658 2432 1681 2482 8.
1699 2432 1884 2499 conprepatio
1900 2444 1975 2484 sam·

292 2516 390 2587 Pelag.
411 2531 434 2568 c.
460 2521 488 2570 8:
527 2515 596 2569 them
621 2517 842 2586 Pdapianorum
862 2519 1009 2586 profanae
1031 2535 1127 2570 uocum
1155 2518 1251 2568 dotum
1278 2523 1304 2568 et
1331 2515 1469 2569 seniorum
1496 2523 1612 2569 oocatm
1635 2515 1726 2569 annis
1750 2516 1872 2570 sechia
1892 2512 1977 2570 iered.

291 2603 430 2656 novitates
449 2601 569 2655 aecimis
590 2602 696 2656 Christi
713 2610 739 2656 et
759 2603 943 2657 occidentalis
963 2611 989 2655 et
1008 2603 1128 2657 oriente-
1154 2601 1378 2671 Respondemus:
1416 2607 1437 2656 t.
1472 2617 1523 2671 per
1557 2601 1701 2656 ecclesiam
1730 2602 1978 2676 repraesentamur

292 2689 329 2741 tis
348 2688 495 2754 torruerit,
516 2689 557 2740 asi
574 2705 671 2740 euram
691 2696 816 2742 nostram
836 2690 961 2744 existimo
979 2691 1128 2758 pertinere,
1154 2686 1293 2742 Pontificii
1310 2686 1471 2757 intelligunt
1487 2686 1676 2756 episcopusin
1693 2688 1822 2742 conciliis
1840 2701 1978 2761 congrega·

291 2791 348 2827 non
379 2773 469 2827 solum
494 2774 660 2841 Scripturas
683 2782 796 2828 sanctas
821 2776 972 2829 canonicas
991 2778 1127 2829 edomans
1154 2783 1211 2841 tos,
1235 2789 1302 2844 ergo
1325 2772 1393 2827 haec
1413 2773 1539 2843 quaestio
1555 2773 1592 2826 ad
1611 2774 1830 2829 conhoversiam
1851 2775 1889 2830 de
1904 2771 1979 2829 couci

292 2876 339 2912 eos
357 2866 438 2912 ustas
458 2859 600 2922 adhihere,
618 2861 695 2928 quod
705 2860 771 2927 jam
788 2862 859 2913 satis
877 2861 1015 2930 ferinum·
1033 2879 1127 2916 uerum
1154 2860 1198 2914 liis
1221 2859 1330 2929 proprie
1354 2859 1482 2928 pertinet.
1519 2863 1542 2914 2.
1567 2858 1720 2930 Episcopus
1737 2859 1766 2914 in
1789 2861 1914 2916 ccndhis
1928 2876 1980 2914 con-

292 2946 377 3000 etiam
402 2947 437 2999 do
459 2953 619 2999 sanctorum
639 2946 743 3017 lirae,
769 2948 819 3016 qui
836 2965 884 3001 eos
904 2956 968 3002 ante
986 2950 1067 3010 sama
1086 2966 1128 3001 ee·
1155 2954 1298 3017 gregatos,
1318 2945 1370 3000 hoc
1387 2952 1429 3000 cst
1450 2945 1593 3000 ecclesiam
1611 2947 1887 3016 repraesentativum,
1904 2961 1982 3002 mate

293 3031 442 3085 lebsrrs'ma
470 3039 495 3085 et
520 3032 629 3100 inperiti
652 3033 747 3100 pluria
777 3041 988 3096 tractaverunt,
1029 3035 1127 3104 aliqua
1156 3049 1243 3101 posse,
1261 3049 1297 3086 ue
1315 3031 1374 3103 ipse
1388 3032 1500 3102 quidem
1512 3032 1695 3087 Bellarmiuns
1714 3039 1811 3105 negat,
1830 3033 1982 3100 diciteuiu,

293 3119 459 3172 documenta
472 3118 622 3186 proferre,
640 3136 697 3171 non
714 3135 768 3188 quo
787 3120 929 3173 canonicis
947 3121 1028 3174 libris
1046 3138 1064 3172 a
1081 3138 1129 3180 uo·
1154 3128 1220 3172 tunc
1237 3120 1345 3171 demum
1356 3119 1478 3172 concilia
1491 3136 1546 3171 non
1559 3135 1657 3172 errare
1669 3120 1697 3172 ss'
1705 3122 1826 3174 accedat
1839 3120 1984 3186 instructio,

295 3204 336 3257 his
355 3204 442 3257 nitius
461 3205 648 3273 disputatoris
666 3213 800 3274 aequetur
815 3207 977 3275 auctoritas,
996 3213 1128 3275 tanquam
1155 3205 1330 3274 confirmatio
1355 3212 1380 3257 et
1399 3205 1553 3257 auctoritas
1572 3205 1694 3259 Romani
1706 3206 1871 3275 pontificis,
1893 3204 1982 3261 rectius

294 3291 405 3345 omnino
431 3310 484 3344 non
508 3291 558 3354 sit,
585 3293 662 3360 quod
686 3292 785 3344 metius
804 3309 852 3344 seu
868 3292 962 3345 verim
979 3293 1014 3345 ab
1033 3293 1129 3361 atiquo
1156 3306 1222 3360 ergo
1245 3289 1350 3344 faceret
1367 3289 1551 3344 Bellarminus
1574 3299 1602 3344 et
1618 3290 1852 3360 compendiosiori
1873 3290 1933 3346 vise
1949 3289 1982 3343 in·

296 3377 452 3437 Catholioo,
470 3393 553 3444 qoam
571 3377 607 3430 ab
626 3377 686 3431 atio
705 3378 801 3432 itidem
821 3378 966 3432 Catholico
985 3379 1128 3431 sentiatur.
1156 3376 1282 3440 sisteret,
1319 3376 1342 3428 si
1377 3376 1483 3445 absque
1513 3374 1566 3428 illis
1597 3375 1763 3447 ambagibus
1793 3376 1831 3430 ad
1864 3377 1983 3432 scrinium

293 3465 345 3516 sed
368 3470 399 3515 ut
417 3464 638 3526 admoneantur,
658 3464 709 3532 qui
725 3472 849 3531 putant,
870 3464 938 3516 istos
955 3464 1068 3532 aliquid
1087 3464 1129 3517 di·
1157 3462 1274 3532 pectoris
1299 3462 1406 3532 papalis
1430 3479 1480 3515 nos
1498 3461 1655 3516 remitteret.
1691 3468 1715 3516 3.
1737 3462 1856 3518 Falsum
1875 3468 1927 3527 cst,
1950 3470 1983 3516 to

295 3565 364 3609 cere,
383 3549 616 3616 quemadmodum
635 3551 671 3602 de
687 3550 731 3602 his
748 3550 830 3602 rebus
850 3557 913 3601 ante
929 3567 1001 3602 noea
1015 3550 1130 3602 istorum
1156 3557 1213 3602 tam
1234 3549 1378 3602 ecclesiam
1396 3565 1502 3615 errare,
1521 3549 1548 3600 si
1564 3549 1690 3617 episcopi
1707 3548 1738 3601 in
1751 3550 1984 3613 romainmsna

293 3633 458 3701 vaniloquia
483 3634 617 3686 catholici
639 3635 779 3687 antistites
797 3635 896 3687 diuina
914 3635 1028 3703 etoquia
1044 3636 1132 3688 sceui
1157 3633 1223 3705 quia
1248 3634 1284 3687 ad
1308 3634 1452 3688 ecclesiam
1479 3635 1562 3689 etiam
1585 3633 1704 3703 pertinet
1728 3636 1910 3707 congregatio
1924 3632 1984 3688 fids·

293 3719 351 3772 sint
370 3725 395 3770 et
412 3718 518 3781 emant,
546 3738 565 3770 a
583 3720 663 3772 nobis
682 3728 789 3773 rectam
807 3728 834 3772 et
853 3721 1008 3789 antiquitus
1023 3722 1128 3786 funda·
1157 3721 1223 3775 lium
1240 3738 1273 3775 ac
1293 3727 1385 3789 potest
1401 3720 1478 3776 Deus
1496 3719 1549 3774 sibi
1566 3736 1675 3775 servare
1696 3737 1790 3775 semen
1808 3728 1934 3776 sanctum
1950 3725 1983 3773 st·

294 3813 352 3857 tam
378 3805 545 3857 catholicam
565 3806 654 3874 fidem
677 3814 776 3859 contro
799 3815 934 3859 recentem
959 3807 1130 3876 Pelopiano·
1157 3824 1211 3878 que
1236 3807 1344 3877 aliquos
1364 3807 1467 3862 electos
1483 3806 1674 3878 vementibus
1694 3807 1779 3860 etiam
1797 3807 1918 3877 publicis
1934 3821 1984 3861 cor

294 3910 357 3945 rum
402 3892 606 3945 haereseorum
645 3893 885 3960 praesumtionem
922 3894 1130 3962 pernicienque
1156 3892 1271 3962 ruptclis
1298 3892 1327 3946 in
1354 3892 1470 3947 risibilis
1500 3893 1632 3946 ecclesiae
1654 3891 1813 3947 ministerio.
1859 3893 1984 3947 Pseriorss

295 3978 420 4047 defendi.
445 3977 508 4033 Lib.
525 3984 547 4032 2.
565 3984 661 4032 contra
673 3977 836 4033 Donatistae
850 3996 875 4034 c.
887 3985 916 4034 3:
936 3980 1003 4043 Quis
1015 3982 1130 4048 neseiat,
1156 3981 1324 4048 quandoque
1345 3986 1410 4031 munt
1427 3995 1511 4031 ouras
1531 3979 1720 4044 audientium,
1744 3994 1830 4045 quam
1850 3978 1926 4032 lotia
1941 3978 1983 4030 do

293 4072 419 4117 sanctam
441 4064 618 4132 §cripturam
639 4064 803 4117 canonicam
825 4072 882 4117 tam
902 4064 931 4120 V.
950 4082 1033 4134 quam
1047 4067 1083 4121 N.
1099 4066 1128 4117 Τ.
1156 4065 1283 4120 centium.
1328 4071 1350 4118 4.
1377 4062 1500 4133 Populus
1534 4068 1643 4117 tenetur
1669 4061 1748 4132 aequi
1777 4079 1843 4117 suos
1869 4068 1983 4135 pastore

294 4151 378 4202 certis
404 4151 463 4202 suis
488 4151 613 4203 terminis
636 4151 775 4204 contineri
799 4167 913 4220 eamque
936 4151 1061 4205 omnihus
1078 4168 1129 4220 po·
1156 4167 1210 4205 non
1229 4150 1357 4205 absolute
1372 4157 1401 4204 et
1418 4148 1578 4219 simpliciter
1594 4148 1624 4202 in
1638 4146 1775 4211 omnibns,
1793 4148 1984 4220 sedqnateuus

293 4234 459 4288 nteriorihsur
484 4236 676 4304 episcoporum
697 4236 790 4290 literis
807 4237 849 4288 ito
864 4237 1021 4306 praeponi,
1046 4245 1076 4290 nt
1095 4239 1129 4290 do
1157 4243 1280 4307 pastores
1297 4240 1450 4305 uqunutur
1467 4251 1561 4288 vocem
1580 4233 1681 4289 Christi
1700 4233 1907 4306 ἀρχιποιμένος.
1924 4234 1985 4303 quia

294 4320 347 4373 ttto
367 4321 479 4373 omnino
499 4321 628 4374 dubitari
645 4331 670 4375 et
685 4323 844 4390 disceptari
854 4340 909 4375 non
917 4323 1018 4391 possit,
1037 4330 1129 4376 atrum
1158 4340 1220 4378 oves
1240 4322 1347 4376 Christi
1366 4337 1459 4374 esocem
1482 4322 1543 4389 ejus
1567 4321 1688 4373 audiunt
1705 4327 1730 4372 et
1750 4329 1904 4388 sepnnmr
1922 4337 1985 4382 ean,

294 4422 389 4460 serum
406 4407 450 4459 oet
469 4414 572 4459 rectum
590 4407 635 4474 eit,
657 4408 798 4475 quidquid
816 4408 845 4460 in
865 4424 899 4460 ca
911 4408 1051 4477 ,sumptum
1071 4425 1129 4462 esse
1157 4410 1280 4462 alienum
1299 4424 1439 4462 veronen
1456 4408 1576 4460 erudiunt
1594 4405 1657 4462 Joh.
1678 4411 1724 4471 lll,
1746 4421 1773 4458 ν.
1793 4411 1834 4461 st.
1871 4414 1895 4460 h.
1912 4405 1984 4460 Hace

295 4492 458 4546 eonstiterit.
484 4492 902 4561 Episcoporumautemiiteras
911 4501 1130 4562 orsaeposteon·
1158 4493 1283 4549 limitatio
1310 4509 1344 4548 ex
1372 4492 1447 4547 dicto
1468 4491 1566 4547 March.
1589 4497 1634 4559 23,
1662 4509 1687 4544 v.
1718 4497 1742 4546 2.
1768 4491 1985 4547 manifestissimo

294 4579 435 4642 firmatum
460 4594 594 4632 canonem
617 4578 659 4631 oet
681 4577 803 4647 scriptae
824 4587 889 4632 sant
908 4579 952 4632 oet
972 4579 1130 4634 scribuntur
1157 4579 1305 4642 evincitur,
1332 4578 1438 4634 scribae
1466 4578 1539 4633 enim
1567 4583 1594 4633 et
1621 4576 1777 4646 Pharisaei,
1804 4594 1876 4648 quos
1898 4577 1987 4633 andire

295 4671 321 4717 et
335 4681 389 4733 per
404 4680 557 4717 emmonem
573 4665 651 4726 forte
668 4663 866 4731 sapientiorem
885 4665 1034 4733 cujuslibet
1050 4667 1079 4719 in
1097 4683 1130 4720 ea
1157 4665 1281 4721 Christus
1308 4663 1404 4734 jubet,
1441 4664 1593 4719 sinceritati
1623 4661 1767 4718 doctrinae
1796 4662 1936 4719 Moesicae
1958 4679 1988 4718 ac

293 4767 325 4803 re
340 4750 488 4818 peritioris
510 4757 536 4802 et
549 4765 604 4818 per
624 4750 749 4802 aliorum
765 4751 960 4819 episcoporum
971 4753 1129 4820 paverem
1157 4749 1333 4821 propheticae
1352 4750 1543 4805 admiscebant
1557 4751 1727 4813 fermentum
1746 4765 1876 4803 errorum
1889 4765 1922 4804 ac
1936 4766 1988 4804 cor·

294 4837 488 4890 auctoritatem
513 4837 710 4906 doctorumque
724 4838 909 4905 prudentiam
928 4847 953 4891 et
969 4855 1023 4907 per
1040 4840 1130 4892 conci
1156 4836 1334 4908 ruptelarum‚
1353 4853 1370 4890 a
1387 4854 1442 4907 quo
1459 4836 1585 4892 Christus
1604 4834 1686 4907 jubet
1709 4850 1809 4888 canere
1832 4834 1931 4890 Matth.
1955 4840 1989 4902 li,

292 4925 336 4977 tia
348 4923 433 4978 ticere
445 4924 622 4992 reprehendi,
640 4925 668 4978 si
681 4926 753 4993 quiri
760 4925 790 4977 in
799 4926 840 4977 eis
848 4926 949 4989 fortea
959 4925 1074 4980 ueritate
1085 4928 1130 4980 de·
1156 4942 1182 4979 v.
1204 4929 1240 4978 ll.
1261 4927 1376 4976 eatenus
1393 4922 1479 4995 igitur
1493 4921 1555 4976 illos
1573 4921 1669 4976 audac
1685 4919 1776 4990 jubet,
1796 4925 1935 4992 quatenns
1952 4934 1989 4974 se

293 5012 398 5063 vietum
416 5010 453 5062 sit
470 5016 522 5067 etc.
550 5010 775 5065 &Tertullianus
790 5010 852 5065 libr.
868 5011 1129 5082 depraescript.di·
1157 5010 1225 5065 dent
1243 5024 1326 5078 snper
1344 5008 1504 5065 cathedram
1521 5006 1640 5077 Moysis,
1657 5005 1710 5061 hoc
1729 5011 1771 5060 est
1791 5013 1930 5078 quatenns
1947 5006 1989 5060 dc

293 5112 366 5165 cens,
387 5098 448 5171 Ape
469 5113 562 5149 omnes
574 5090 709 5151 eec'tmiae
720 5099 877 5153 erraverint
890 5105 944 5155 etc.
963 5099 1084 5169 loquitur
1096 5099 1130 5153 de
1157 5101 1221 5151 cent
1243 5094 1396 5152 conformis
1420 5092 1562 5151 domum
1591 5091 1739 5148 Moesicae.
1784 5092 1847 5147 Bisl
1873 5100 1897 5148 t.
1926 5095 1990 5147 sent

292 5182 425 5249 ecclesiis,
434 5198 506 5253 quae
518 5180 554 5234 ab
567 5182 701 5251 apostolis
710 5182 844 5239 fundatae
855 5183 1129 5254 apostolicnadoctri·
1158 5181 1220 5237 dist.
1252 5186 1274 5236 l.
1305 5197 1351 5253 qa.
1378 5189 1402 5238 4.
1433 5181 1483 5235 art
1509 5182 1539 5230 3:
1578 5180 1644 5231 Non
1673 5178 1739 5231 licet
1767 5195 1900 5248 spernere
1931 5195 1991 5233 eon

292 5283 345 5321 uae
363 5267 550 5339 integritatem
568 5267 659 5322 adhuc
679 5268 895 5332 conservabant,
922 5274 954 5322 ut
972 5286 1005 5323 ex
1023 5268 1131 5339 integro
1157 5268 1253 5322 silium
1277 5267 1418 5336 praelati,
1436 5262 1512 5335 quod
1527 5276 1624 5316 verum
1641 5271 1695 5331 cst,
1716 5265 1774 5318 nisi
1789 5273 1889 5319 contra
1907 5267 1993 5335 tepere

293 5356 422 5406 contextu
446 5352 621 5408 manifestum
645 5359 696 5406 est
743 5351 918 5423 Augustinus
939 5353 986 5408 tib.
1010 5358 1033 5409 l.
1057 5358 1130 5411 cont.
1158 5353 1281 5408 ‹ticinom
1306 5353 1443 5415 dramni,
1464 5346 1532 5416 quia
1546 5349 1587 5402 sic
1601 5351 1809 5420 praecipiendo
1828 5367 1884 5404 non
1899 5353 1994 5405 sedent

293 5433 463 5492 crassati.
473 5438 604 5507 scribens,
613 5438 758 5492 materiam
766 5440 965 5493 consulendam
972 5455 1040 5507 esse,
1047 5454 1130 5508 quam
1156 5456 1242 5511 super
1261 5437 1424 5493 mnemon
1444 5433 1567 5502 Moysis,
1590 5452 1646 5489 non
1666 5439 1739 5491 enim
1755 5438 1825 5492 haec
1837 5439 1994 5507 procedunt

295 5521 422 5592 mserum
433 5522 647 5592 &repriorarem
655 5525 827 5579 commendet
836 5524 1131 5599 amerinaloqnitur
1157 5528 1194 5582 de
1205 5524 1351 5591 masdra
1367 5522 1403 5577 id
1412 5526 1454 5575 ssi
1466 5520 1598 5576 doctrina
1608 5522 1726 5593 Moysis,
1744 5526 1798 5579 sed
1809 5526 1845 5581 dc
1857 5523 1994 5579 cathedra
