4004 6022
785 321 838 377 Du
857 322 1048 381 auctuum.
1698 333 1759 389 stt

63 476 172 531 scribit.
209 475 282 531 Num
301 492 367 531 vero
384 475 437 530 hoc
454 478 588 547 probatur
599 477 770 534 Pontifieiisl
790 477 902 531 minime
928 478 1013 531 morti
1040 479 1161 546 Gbristi;
1200 484 1224 532 2.
1251 480 1373 532 remittat
1398 487 1545 546 peceatum
1571 479 1712 545 originale
1738 486 1764 530 et

62 579 146 627 vero,
175 563 228 629 sed·
251 562 427 618 Meldonatus
452 563 515 620 (1.1.
543 564 635 619 addit:
669 567 748 619 Haec
771 564 902 618 doctrina
927 563 1040 631 reliqua
1064 565 1158 618 omnia
1182 565 1210 618 si
1228 582 1300 635 quoe
1317 573 1381 618 suist
1398 565 1562 628 commissa‚·
1594 568 1622 616 3.
1641 564 1764 616 remittat

64 665 161 702 eorum
172 649 368 714 nimisaffinis
382 651 658 720 estPelapianorum
670 653 769 705 errori.
797 650 902 704 Caveat
928 665 1034 703 omnem
1057 667 1182 718 poenam
1205 659 1325 720 peceato
1355 651 1476 703 debitam
1502 658 1560 703 tam
1582 649 1764 718 temporalem

63 735 163 799 lector,
182 736 211 789 si
228 733 453 802 Chrysostomum
471 737 501 789 in
520 738 593 790 hune
610 738 703 792 locum
720 738 803 805 legat,
822 753 854 790 ne
872 737 902 788 in
927 752 1011 802 quam
1044 745 1205 804 ueterem,-
1234 736 1345 792 interim
1374 741 1467 791 tamen
1490 735 1569 791 addit
1593 735 1675 799 baec,
1707 754 1763 788 non

63 822 288 890 Pelagianorum
310 822 441 876 haeresin
464 824 583 880 ineidat.
617 824 731 879 Toletus
754 824 781 880 d.
800 823 817 878 l.
837 821 901 877 sub
927 835 985 873 esee
1012 837 1099 889 aeque
1128 830 1218 888 certa,
1245 840 1307 877 eum
1341 821 1502 877 Ledesmius
1526 828 1554 875 et
1579 820 1626 875 alii
1649 821 1763 890 quidam

60 907 171 978 jungit:
199 909 375 976 Aupeutinus
400 910 487 962 mullo
516 911 601 963 aliter
625 929 707 980 quam
732 911 793 976 isti,
821 912 902 962 eloeet
927 903 1050 976 theologi
1068 912 1208 976 statuant,
1230 908 1395 976 martyrium
1417 927 1473 960 non
1491 909 1623 970 conferre
1639 905 1763 975 gratiam

64 995 148 1061 enim
168 1011 187 1046 a
204 996 267 1048 Deo
286 995 366 1048 nobis
384 994 453 1048 dari
470 1014 526 1049 non
545 999 628 1050 modo
646 996 777 1065 qratiam,
796 1004 827 1049 ut
845 1011 901 1048 ere·
927 1008 1062 1061 caepere
1082 1003 1212 1062 operato,
1237 997 1290 1048 ssd
1313 1012 1346 1047 eo
1369 1012 1452 1062 opere
1477 994 1635 1062 operantu,
1661 992 1763 1047 assub

65 1084 136 1136 dere
151 1083 309 1152 possimus,
324 1099 420 1137 oerum
437 1085 521 1136 etiam
539 1093 568 1137 ut
585 1085 715 1151 velimus,
734 1085 832 1138 inlice
850 1083 901 1150 ἐφ’·
926 1075 1010 1133 tinem
1038 1078 1139 1149 capitis
1165 1087 1273 1148 monet,
1303 1082 1470 1149 martyrium
1498 1099 1554 1134 non
1582 1096 1641 1132 cese
1666 1096 1763 1132 sacra

64 1175 113 1221 tur
126 1169 273 1236 praedicti
289 1176 417 1223 meetorse
435 1188 490 1223 non
500 1172 667 1239 probantur.
699 1171 827 1225 Pererius
838 1168 865 1224 d.
882 1168 901 1225 l.
928 1172 1055 1220 mentum.

64 1252 204 1308 annectit:
231 1255 367 1316 Profecto
395 1256 450 1309 illa
477 1257 608 1309 doctrina
628 1259 774 1309 contraria
791 1255 903 1309 ridetur
963 1256 1020 1306 206.
1058 1251 1185 1306 Ceterum
1213 1260 1245 1306 ut
1270 1253 1454 1308 Bellmmiuus
1478 1259 1610 1322 provocat
1636 1252 1672 1305 ad
1699 1268 1762 1305 con·
1775 1247 1885 1339 22⁰2&

64 1339 112 1404 iis‚
130 1356 202 1408 qrsoe
221 1340 251 1392 in
272 1340 324 1393 boe
342 1341 403 1394 loeo
422 1341 549 1410 disputat
568 1343 721 1410 apostolus.
759 1340 903 1396 Sententia
928 1335 1075 1391 sessionem
1102 1345 1237 1402 nostram,
1265 1338 1339 1409 quod
1361 1339 1497 1410 quaedam
1522 1338 1654 1409 dogmata
1676 1339 1762 1392 eeete-
1776 1351 1859 1390 ussto-

66 1425 223 1494 Anpnstini
239 1433 279 1478 est
297 1427 444 1480 domam
461 1428 551 1480 Paesti
568 1429 781 1481 convenientior.
808 1428 903 1496 Agna
928 1423 987 1476 siae
1005 1423 1147 1478 Romanae
1167 1426 1195 1477 in
1215 1424 1326 1494 seriptis
1345 1431 1455 1494 patrum
1473 1430 1628 1486 occumant,
1647 1422 1687 1477 ita
1706 1440 1762 1477 me·
1776 1406 1902 1503 ἷζᾎῗῗοᾱ

66 1519 150 1565 scunt
169 1511 267 1582 igitur,
296 1512 325 1567 in
351 1512 474 1583 antiquis
494 1513 620 1583 patribus
639 1515 807 1585 primaevam
834 1486 916 1577 anti-l
929 1507 989 1561 lieri
1014 1510 1078 1578 jure
1105 1509 1141 1564 ad
1164 1510 1372 1565 Pontificiorum
1392 1510 1591 1565 contessionem
1612 1525 1763 1580 provocare
1776 1506 1870 1545 ΜΝ·

67 1596 204 1667 quitatem
227 1604 255 1651 et
277 1615 342 1653 vere
369 1600 551 1668 apostolicam
574 1605 718 1655 veritatem
737 1601 903 1671 quandoque
914 1582 917 1673 Ι
928 1611 1088 1667 pessumus,
1114 1597 1187 1666 quod
1207 1596 1318 1666 ipsimet
1336 1604 1504 1668 agnoscant,
1522 1597 1610 1650 multa
1628 1593 1694 1650 fidei
1713 1613 1762 1665 ps·
1775 1557 1866 1649 illitus

68 1682 235 1748 taibani,
260 1683 379 1755 ideoque
404 1685 572 1740 taussimum
600 1704 660 1741 esse
685 1687 721 1741 ad
748 1678 1045 1750 dmuinamlpisticae
1070 1681 1202 1751 dogmata
1226 1699 1342 1737 assensu
1361 1689 1485 1737 veterum
1508 1689 1617 1753 patrum
1639 1659 1889 1761 praeter-W?

68 1766 249 1838 apostolicam
275 1768 303 1822 in
330 1768 480 1839 Scripturis
510 1772 682 1842 propositam
708 1788 849 1827 recurram
876 1776 905 1825 et
929 1763 978 1818 tim
1010 1782 1121 1830 eorum,
1160 1768 1208 1837 qui
1238 1768 1408 1838 temporibus
1437 1767 1623 1838 apostolorum
1651 1768 1764 1822 suerunt

67 1868 103 1906 ex
129 1868 163 1906 ea
188 1853 224 1908 de
249 1854 360 1925 seriptis
383 1861 494 1926 patrum
519 1856 636 1912 liberum
658 1858 795 1927 judicium
822 1858 902 1912 ferre.
928 1851 1062 1920 proximi,
1082 1853 1163 1922 plane
1182 1854 1304 1911 destitui.
1341 1854 1524 1908 Exordiamur
1540 1854 1576 1909 ab
1594 1854 1712 1908 articulo
1729 1853 1764 1908 de

69 1938 200 1994 Secundo
218 1939 253 1995 de
272 1941 377 1996 meritis
395 1959 507 2013 operum
528 1945 694 2014 quandoque
714 1943 903 2015 indulgentius
930 1936 1075 2007 Scriptura
1093 1956 1174 1994 sacra
1192 1939 1275 1993 unico
1294 1940 1358 1995 fidei
1378 1940 1575 1995 fundamento:
1607 1947 1629 1997 t.
1648 1940 1764 1996 Librum

69 2025 222 2094 loquuntur
245 2031 351 2080 veteres
378 2029 540 2098 praesertim
561 2029 590 2083 in
612 2029 731 2083 homiliis
751 2030 903 2084 exhortato-
931 2022 1045 2088 Tobiae,
1063 2024 1172 2088 iudith,
1192 2025 1360 2095 Sapientiae,
1379 2026 1582 2095 Ecclesiaste,
1601 2029 1672 2082 duos
1690 2027 1765 2081 Mae·

68 2110 118 2163 riis
134 2110 171 2164 ad
189 2113 330 2181 populum.
365 2112 531 2184 Agnoscunt
554 2113 606 2168 hoc
629 2115 742 2185 ipsimet
759 2114 903 2171 Pontifieii.
930 2109 1095 2165 sabaeorum
1122 2119 1174 2169 ete.
1203 2131 1258 2168 non
1287 2114 1435 2183 recipimus
1459 2114 1488 2167 in
1513 2131 1647 2168 canonem
1673 2113 1708 2168 V.
1731 2113 1764 2166 Τ.

68 2195 151 2267 Vaga
172 2197 218 2252 lib.
240 2202 264 2252 8.
287 2198 323 2251 de
342 2199 431 2269 justit.
456 2215 480 2252 e.
499 2205 523 2254 8.
541 2217 569 2268 p.
589 2205 651 2255 tes:
676 2202 742 2253 Non
759 2218 802 2254 me
814 2202 904 2269 fimet,
929 2195 1017 2266 Atqui
1037 2197 1140 2252 fatetur
1160 2199 1220 2268 ipse
1240 2199 1423 2253 Bellarrninus
1440 2199 1488 2254 lib.
1511 2206 1532 2254 l.
1553 2200 1589 2254 de
1608 2199 1692 2254 verbo
1711 2199 1765 2254 Dei

67 2285 206 2351 eseurpari
224 2288 304 2353 apud
319 2293 418 2352 patres
436 2303 537 2339 nomen
558 2287 664 2354 meriti,
690 2288 739 2339 ubi
760 2288 841 2339 neella
864 2297 904 2340 est
929 2299 953 2335 c.
970 2288 1011 2339 20.
1033 2280 1060 2356 ξ.
1080 2284 1126 2338 Ad
1145 2285 1269 2352 alteram,
1290 2286 1492 2354 Epiphaniam,
1511 2287 1658 2338 Hilarium
1671 2294 1696 2339 et
1707 2288 1766 2339 Ru·

68 2370 145 2423 ratis>
163 2371 265 2436 meriu,
285 2387 372 2438 neque
390 2373 426 2422 de
445 2388 577 2439 congruo,
594 2388 683 2441 neqeee
702 2374 737 2425 de
754 2373 902 2442 condigno.
928 2369 1015 2430 linum
1042 2371 1072 2422 in
1099 2374 1261 2439 exponendo
1289 2371 1504 2440 Serepuerarum
1535 2389 1641 2425 conone
1667 2378 1765 2440 aperte

69 2454 221 2526 Stapteton.
246 2456 275 2510 in
300 2462 398 2526 promt
420 2456 493 2511 cath
512 2456 563 2513 fer.
583 2463 608 2513 5.
631 2464 695 2527 post
717 2474 790 2528 pass.
809 2458 903 2512 Dona:
929 2462 1037 2508 semeles
1057 2472 1117 2509 esee
1136 2457 1290 2512 Hebraeae.
1326 2457 1395 2509 Jam
1419 2474 1484 2510 uero
1504 2457 1551 2510 illi
1567 2457 1638 2511 libri
1653 2458 1690 2511 ab
1707 2458 1764 2510 He·

70 2542 179 2604 Quaelsi
200 2542 306 2610 aliquis
331 2550 452 2595 suerum
479 2543 613 2595 uocabulo
637 2544 822 2611 promerendi
837 2562 904 2597 eveus
930 2540 1023 2593 braeis
1040 2541 1210 2610 rejiciuntur
1229 2548 1301 2596 teste
1318 2543 1418 2596 eodem
1438 2543 1486 2598 lib.
1507 2550 1527 2598 1.
1546 2559 1570 2597 c.
1593 2548 1631 2598 tu.
1657 2543 1686 2597 in
1703 2542 1765 2599 init.

68 2635 123 2687 est,
156 2645 213 2680 non
239 2628 324 2681 aliter
348 2628 485 2681 intellexit
511 2646 596 2697 meam
624 2631 842 2683 consecutionem
869 2631 904 2683 de
931 2624 1031 2680 Meleh.
1049 2626 1143 2681 Canus
1162 2626 1209 2681 lib.
1225 2634 1248 2683 2.
1267 2627 1318 2682 loc.
1336 2627 1457 2698 theolog.
1475 2644 1499 2684 e.
1524 2635 1567 2682 10:
1586 2629 1697 2692 Melita,
1716 2631 1766 2698 qui

67 2716 156 2777 faeta.
197 2713 277 2768 Haec
303 2713 349 2768 ille
377 2714 546 2784 rectissime,
571 2716 620 2770 esd
648 2733 681 2771 ex
707 2715 760 2770 hon
784 2735 835 2771 usu
859 2717 904 2771 vel
931 2715 973 2765 ad
995 2712 1127 2767 orientem
1152 2714 1235 2782 hujus
1259 2714 1303 2766 rei
1320 2715 1511 2768 sciscitandos
1528 2732 1615 2768 causa
1629 2715 1765 2784 perrexit,

68 2798 162 2869 petitu
180 2799 270 2854 abusu
282 2799 411 2854 vocabuli
429 2800 583 2882 perniciosa
601 2800 722 2856 haeresis
739 2802 775 2857 de
789 2820 904 2872 operum
930 2802 1045 2853 tandem
1068 2800 1199 2867 affluenti
1223 2800 1432 2868 investigatione
1455 2802 1575 2870 reperit,
1601 2802 1652 2854 bos
1668 2819 1726 2855 esse
1746 2821 1766 2854 a

68 2884 175 2940 meritis
205 2886 316 2956 proprie
346 2886 387 2939 sie
412 2885 494 2940 dietis
520 2886 655 2957 originem
683 2894 779 2957 postea
804 2889 903 2960 coepit.
936 2887 965 2940 V.
986 2888 1017 2939 T.
1036 2903 1143 2941 conone
1163 2889 1323 2957 ejiciendos.
1360 2889 1440 2941 Idem
1456 2889 1592 2957 Origenes
1610 2890 1716 2955 statuit,
1734 2897 1766 2942 ut

68 2971 165 3026 Tertio
191 2971 220 3025 in
248 2972 388 3026 coelibatu
418 2972 576 3027 extollendo
602 2979 711 3028 veteres
736 2974 904 3046 quandoque
930 2981 1030 3026 arcator
1053 2981 1093 3026 est
1120 2974 1260 3026 Ernebius
1282 2973 1330 3027 lib.
1350 2981 1373 3028 «t.
1397 2990 1420 3029 e.
1440 2980 1482 3028 26.
1505 2975 1580 3027 idem
1598 2975 1658 3043 epse
1676 2976 1765 3027 Euss-

68 3056 169 3112 nimios
181 3056 268 3113 tuisse
280 3056 459 3112 modestiores
472 3056 612 3140 Pontifiqii
628 3067 790 3130 agnetem
823 3061 904 3115 Eras-
931 3059 991 3110 bius
1010 3058 1057 3114 lib.
1077 3065 1100 3113 e.
1120 3077 1143 3114 e.
1165 3064 1202 3114 lt.
1226 3077 1275 3113 nec
1295 3061 1330 3111 ab
1348 3060 1401 3112 bae
1419 3059 1555 3113 sententia
1573 3061 1685 3113 alienus
1700 3061 1765 3125 suit

70 3160 133 3195 mus
153 3142 215 3197 adv.
235 3143 343 3199 Albert.
363 3142 445 3214 Pigg.
465 3143 500 3198 de
519 3144 605 3215 virg:
632 3145 822 3213 Hieronymus
840 3150 905 3215 ser·
931 3146 1106 3198 Atbonosius
1125 3153 1150 3197 et
1170 3147 1377 3210 Dansoseenus,
1401 3163 1469 3213 quos
1488 3146 1611 3214 theologi
1627 3147 1708 3198 multi
1724 3164 1765 3199 se·

69 3230 137 3282 eido
155 3231 278 3298 modam
294 3234 398 3299 affeetu
415 3231 456 3282 ita
474 3232 614 3283 interilum
630 3233 794 3301 rapiebatur
811 3235 842 3286 in
854 3237 905 3286 oel-
931 3232 989 3284 cuti
1010 3240 1081 3286 ment.
1116 3229 1254 3300 Agnoscit
1280 3248 1346 3301 erge
1370 3230 1478 3293 Canus,
1503 3247 1554 3284 nos
1577 3231 1605 3284 in
1629 3231 1681 3285 bac
1701 3248 1766 3285 eon-

10 3323 57 3368 ω.
71 3316 250 3370 ηιὲναιίοποηι
269 3316 454 3386 virginitatis,
480 3326 510 3370 ut
530 3319 592 3386 piis
612 3319 696 3371 etiam
712 3319 781 3371 uires
798 3321 906 3374 uidere·
930 3317 1063 3372 troversia
1091 3317 1342 3386 praestantissimos
1373 3334 1405 3370 ac
1436 3316 1637 3372 vetustissimos
1672 3324 1763 3387 patres

71 3411 119 3454 tur
144 3403 257 3456 laedere
279 3404 496 3459 matrimonium.
535 3404 579 3457 Sit
595 3405 647 3457 boc
665 3422 781 3473 vantem,
805 3406 862 3459 nisi
876 3408 906 3459 in
932 3401 1033 3457 habere
1058 3402 1233 3475 ὁμοψήφους.
1272 3405 1472 3471 Hieronymum
1497 3404 1596 3456 itielem
1620 3405 1766 3471 innostra

71 3489 241 3555 Hieronymi
256 3490 372 3557 emptis
391 3490 568 3543 inveniantur
589 3506 622 3542 ea
641 3492 734 3554 uerba,
754 3509 825 3558 qnare
843 3500 906 3545 erent
932 3489 1018 3544 tuisse
1036 3490 1173 3544 sententia
1190 3488 1513 3560 agnoseitBellaiminus
1531 3489 1578 3543 lib.
1596 3496 1617 3544 1.
1634 3491 1669 3545 de
1680 3491 1766 3546 verbo

71 3577 153 3643 apud
181 3574 388 3628 Tertullianum
417 3592 448 3628 eo
479 3576 587 3628 nomine
613 3578 755 3629 damnato.
802 3577 907 3631 Acesta
932 3574 987 3630 Dei
1002 3592 1025 3629 a.
1047 3581 1087 3630 tu.
1113 3577 1230 3630 eoreor'lii
1251 3567 1436 3630 Laodicensie
1458 3574 1623 3647 suffragium
1647 3577 1767 3649 largitur

70 3659 119 3715 lib.
142 3665 163 3714 2.
183 3660 218 3714 de
237 3659 347 3714 Christo
369 3660 454 3716 revel.
473 3676 496 3713 c.
518 3665 564 3714 2οε
589 3662 777 3727 Hieronymus
794 3664 906 3717 videtur
933 3661 1013 3715 nobis
1040 3661 1148 3716 Ederus
1170 3679 1272 3716 aecum
1297 3660 1364 3716 bibl.
1385 3661 1433 3715 lib.
1456 3668 1477 3716 1.
1500 3681 1528 3732 p.
1551 3669 1591 3717 22.
1614 3680 1665 3718 nee
1683 3663 1766 3718 altius

70 3745 227 3814 aliqseando
252 3747 431 3800 matrimonio
457 3746 590 3815 iniquior.
634 3746 739 3810 Quarto
769 3747 803 3802 de
829 3726 1014 3818 satis-iquem
1052 3764 1085 3802 ex
1120 3747 1237 3802 coneilio
1273 3747 1485 3819 Carthaginensi
1516 3747 1569 3802 111.
1605 3748 1767 3803 eanonicam

69 3832 191 3886 factione
215 3831 416 3886 incommodius
441 3832 609 3902 quandoque
627 3833 734 3887 locutos
755 3851 814 3888 esse
832 3816 921 3888 vete-t
932 3832 1064 3887 librorum
1089 3833 1197 3888 illorum
1225 3834 1446 3905 apocryphorum
1464 3835 1657 3890 auctoritatem
1677 3850 1767 3890 arces

69 3936 114 3974 res
131 3918 192 3988 ipse
210 3919 395 3974 Bellsrminus
413 3920 549 3991 agnoscit,
567 3919 606 3973 sie
625 3921 697 3974 enim
710 3920 807 3975 scribit
822 3921 867 3975 lib.
881 3891 1010 3988 bisunt,
1039 3921 1114 3991 quod
1140 3927 1233 3976 umen
1261 3920 1387 3976 canonici
1413 3920 1601 3991 appellatione
1627 3921 1712 3975 utitur
1738 3921 1767 3974 in

70 4006 106 4059 de
118 4006 220 4074 poenit.
238 4022 262 4060 e.
280 4011 301 4060 1.
320 4002 348 4076 ᾖ.
369 4006 433 4061 lam
452 4006 551 4077 igitur:
572 4007 740 4075 Satissaetio
755 4027 811 4061 non
824 4011 904 4078 offer·
918 4005 1054 4132 'generali
1080 4005 1294 4077 significatione,
1317 4025 1368 4077 pro
1392 4006 1519 4061 omnibus
1545 4005 1637 4075 libris,
1663 4006 1712 4078 qui
1737 4008 1766 4062 in

69 4099 116 4144 tur
142 4110 197 4160 pro
224 4093 324 4161 eulpa,
354 4096 406 4146 scel
432 4111 488 4162 pro
515 4110 618 4162 poena.
669 4093 778 4154 erodsl
803 4090 1050 4163 aetermecctesia
1074 4093 1110 4145 ad
1138 4092 1357 4148 aedificationem
1383 4093 1437 4164 legi
1463 4098 1592 4162 possunt,
1621 4092 1686 4147 licet
1711 4110 1766 4147 non

65 4186 169 4247 patres
189 4179 331 4231 interdum
356 4179 510 4231 actionibus
531 4179 659 4231 humanis
679 4180 799 4232 tribuere
819 4181 851 4231 iel
865 4168 988 4251 oi-isint
1017 4177 1141 4248 aequalis
1172 4179 1359 4246 auctoritatis,
1388 4194 1445 4249 qua
1474 4179 1510 4232 de
1537 4195 1566 4234 re
1590 4178 1656 4234 alibi
1676 4177 1764 4248 plura

71 4265 186 4330 dentem
211 4271 240 4315 ut
260 4281 315 4332 pro
338 4264 481 4331 expianda
499 4266 584 4334 eulpa
600 4266 797 4332 satisfaciant,
822 4267 904 4318 inter·
933 4268 953 4316 24
974 4262 1016 4317 Ex
1034 4264 1099 4318 solis
1120 4263 1270 4334 Scripturis
1290 4263 1463 4318 definiendas
1484 4280 1544 4319 esee
1569 4263 1635 4318 fidei
1658 4272 1765 4318 conuo-

65 4351 208 4418 pretendi
225 4359 289 4402 eunt
311 4351 347 4402 de
368 4350 564 4415 satisfactione
588 4368 620 4403 ee
638 4340 773 4420 coriario.
798 4370 853 4404 non
873 4369 906 4404 ee
932 4349 1036 4402 versiae
1053 4349 1207 4405 statuimus.
1243 4351 1368 4405 Eandem
1386 4368 1446 4405 esse
1464 4357 1587 4406 veterum
1600 4349 1765 4405 sententiam

69 4437 218 4502 condiano.
255 4435 342 4505 Atqui
361 4436 430 4490 haee
450 4435 591 4491 distinctio
608 4439 749 4492 vstenbus
767 4445 809 4492 est
822 4438 905 4507 plane
932 4433 1072 4488 Pontiheii
1092 4436 1204 4505 quidam
1223 4442 1387 4506 agnoscunt.
1421 4436 1483 4492 lae.
1508 4437 1599 4490 Faber
1618 4434 1766 4505 stapulen-

68 4522 221 4592 incognita.
257 4521 361 4586 Quinto
386 4523 550 4591 martyrium
577 4523 715 4592 baptismo
741 4531 905 4592 exaequant,
931 4519 969 4572 sie
995 4521 1110 4590 praefat.
1130 4521 1159 4575 in
1177 4522 1313 4593 evangel:
1340 4523 1492 4576 Primitiae
1515 4523 1633 4575 molesia
1657 4521 1766 4575 nullam

66 4608 124 4662 imo
149 4607 230 4661 etiam
257 4608 431 4676 praeferunt,
459 4624 548 4679 eoque
571 4615 688 4678 peecata
705 4607 780 4662 ablui
799 4609 904 4678 dieunt,
931 4608 1060 4674 rapulam
1078 4608 1167 4662 <stiam
1184 4609 1275 4677 nonu,
1299 4610 1407 4661 utinam
1429 4610 1497 4663 liaeo
1517 4611 1669 4663 obtineret!
1705 4608 1766 4663 Bel-

66 4693 116 4747 sed
139 4693 167 4746 in
185 4708 217 4747 eo
235 4692 424 4764 bucinatorem
449 4693 590 4764 quandam
610 4694 725 4749 subesse
742 4711 823 4748 nemo
843 4694 904 4748 inii·
916 4692 918 4772 l
931 4691 1063 4746 terminus
1082 4692 1130 4747 lib.
1144 4701 1169 4749 4.
1191 4695 1225 4748 de
1244 4694 1329 4750 verbo
1346 4695 1400 4748 Dei
1419 4712 1443 4750 e.
1459 4701 1498 4753 11.
1517 4693 1680 4750 testimoniis
1692 4699 1766 4749 vete·

66 4779 125 4834 cias
150 4778 189 4833 ire
214 4779 328 4849 poterit,
357 4779 409 4832 nisi
441 4784 565 4834 statuere
591 4780 671 4844 velit,
702 4781 819 4835 eandem
845 4798 904 4835 esse
930 4795 991 4832 rum
1010 4795 1121 4848 pressus
1138 4781 1279 4843 coneedit,
1299 4783 1376 4849 quod
1393 4789 1498 4834 ueteres
1514 4788 1653 4846 statuant,
1672 4781 1766 4833 omnia

65 4864 211 4935 sanguinis
230 4864 331 4918 Christi
359 4873 387 4920 et
406 4864 549 4935 sanguinis
569 4872 721 4935 martyrum
742 4866 903 4931 efficaciam,
930 4867 1092 4918 necessaria
1116 4881 1179 4919 esse
1197 4868 1318 4934 saepto,
1342 4884 1429 4935 posse
1451 4885 1502 4921 nos
1527 4867 1606 4919 eirca
1631 4868 1766 4932 dogmata

65 4950 184 5004 medem
213 4966 272 5005 esse
299 4950 434 5005 rationem
459 4952 544 5004 nostri
572 4951 658 5005 officii
682 4958 711 5007 et
736 4952 861 5008 beneficii
886 4971 904 5008 a
925 4952 1015 5020 plone
1042 4961 1067 5004 et
1088 4953 1175 5022 plene
1199 4954 1309 5005 institui
1332 4971 1364 5005 es
1384 4954 1556 5022 Sareptaris,
1580 4953 1690 5006 nullum
1707 4970 1765 5005 esse

65 5035 177 5090 Christo
196 5036 223 5088 in
244 5036 383 5105 baptismo
401 5035 525 5091 exhibiti.
562 5037 671 5100 Quanto
691 5039 793 5092 rectius
806 5039 904 5110 Augu·
929 5037 1035 5100 uitium,
1055 5041 1096 5091 acl
1112 5041 1190 5107 quod
1208 5041 1368 5091 sanandum
1388 5058 1442 5091 non
1462 5039 1620 5092 inveniatur
1637 5040 1668 5092 in
1688 5039 1766 5093 Scri·

65 5122 155 5176 atinus
173 5121 220 5176 lib.
240 5128 265 5176 2.
285 5128 382 5176 eontm
400 5122 545 5176 lulianum
566 5129 665 5193 negat,
693 5124 782 5177 ullius
800 5135 902 5194 marty·
925 5125 1022 5194 pluris
1053 5125 1173 5194 aliqeeod
1203 5126 1357 5178 remedium
1386 5133 1438 5180 etc.
1483 5131 1498 5180 3
1532 5125 1566 5178 In
1588 5123 1622 5178 V.
1647 5124 1679 5180 T.
1707 5125 1763 5181 He-

64 5210 107 5262 ris
125 5209 290 5276 sanquinem
311 5209 341 5260 in
364 5209 556 5261 remissionem
576 5216 760 5278 peecatorum
779 5227 836 5264 esse
848 5214 902 5279 su-
929 5210 1059 5278 braeum,
1083 5210 1112 5264 in
1137 5210 1171 5266 N.
1197 5210 1336 5266 Graecum
1361 5216 1466 5265 textum
1493 5210 1611 5264 dicimus
1637 5227 1697 5266 esse
1715 5221 1874 5266 ιιι-11111.

63 5313 133 5348 sum.
169 5294 355 5348 Bellarminus
377 5295 489 5365 quidem
514 5295 563 5351 tib.
587 5302 607 5350 1.
635 5296 671 5350 de
693 5295 769 5365 bapt.
796 5313 858 5368 esp.
878 5304 899 5352 6.
927 5296 1089 5351 theatinum.
1127 5296 1161 5350 Id
1185 5296 1276 5366 ipsum
1300 5312 1332 5350 ex
1358 5295 1451 5349 multis
1471 5303 1581 5366 patrum
1599 5297 1762 5352 testimoniis

63 5380 174 5447 statuit,
200 5382 367 5448 martyrium
384 5390 466 5434 reete
490 5383 550 5434 diei
569 5390 594 5434 et
614 5398 671 5434 esse
692 5384 836 5451 qrtoeldam
855 5386 900 5437 bo·
928 5382 1073 5437 confirmat
1097 5382 1202 5439 Bened.
1227 5382 1309 5436 Arias
1330 5382 1478 5436 Montanus
1504 5400 1574 5436 unus
1596 5401 1629 5438 ex
1653 5384 1762 5439 concilii

58 5467 186 5537 plasma,
221 5468 288 5536 quia
322 5469 467 5522 conueniat
498 5486 559 5520 eum
590 5469 728 5537 baptismo
756 5470 787 5521 in
812 5471 901 5524 tribus
927 5468 1084 5523 Tridentini
1103 5467 1233 5538 patribus
1252 5468 1280 5521 in
1297 5467 1414 5538 praefat.
1433 5485 1516 5539 super
1534 5469 1763 5539 opusbiblieum;

63 5552 184 5622 effectis,
217 5553 294 5622 quod
324 5556 349 5608 1.
373 5551 526 5622 configuret
555 5554 693 5609 bominem
715 5555 848 5623 passioni
873 5564 901 5610 et
930 5555 1037 5612 Ludos.
1057 5553 1143 5610 Vires
1160 5554 1189 5608 in
1208 5554 1255 5611 lib.
1277 5561 1315 5611 14.
1335 5554 1456 5627 Augsut.
1476 5554 1511 5610 de
1528 5555 1602 5613 sirit.
1621 5555 1675 5613 Dei
1694 5573 1717 5612 c.
1738 5562 1762 5612 8.
