4004 6022
825 223 877 287 DE
893 223 1085 283 sechenia
1735 235 1796 293 set

97 373 240 432 Ponufisii
258 375 355 433 itidem
371 378 509 445 intingunt
519 379 682 447 baptisatus,
702 386 732 434 st
745 379 830 434 oona
843 377 935 448 Spiri-
965 377 1019 434 bus
1035 376 1135 436 affines
1150 385 1216 437 sunt
1235 380 1445 451 Agrippins'ans'
1461 380 1497 437 ab
1515 380 1673 453 Agrippino
1682 380 1798 437 Cartba-

100 470 146 517 tsss
158 480 180 518 s.
191 463 296 532 repleti
312 464 375 516 Deo
393 472 421 517 et
438 465 594 520 bominibus
606 466 803 535 pacificentur,
821 465 861 519 ait
881 465 936 519 Du·
964 464 1071 535 ginensi
1090 466 1277 538 episcopusin
1295 465 1369 529 dicti,
1390 467 1439 538 qui
1456 467 1609 523 censebant
1624 467 1798 538 rebaptizan-

98 546 204 603 randns
229 547 275 603 lih.
299 554 324 605 b.
350 549 449 605 ration.
474 567 497 604 c.
526 556 567 605 62.
602 551 755 605 Marcosios
779 551 854 623 apud
871 550 937 620 Epi·
964 549 1014 604 dos
1032 566 1088 620 eos,
1107 551 1155 621 qui
1174 552 1210 606 ab
1228 552 1346 607 eeclesia
1364 551 1501 609 catholica
1512 552 1671 608 deficientes
1685 553 1721 608 ad
1733 552 1797 609 hae·

98 632 236 703 pharium
263 633 370 691 haeres.
400 639 441 691 tt.
466 636 575 705 pocula
601 638 665 691 cino
688 637 775 690 mirra
799 636 937 689 simulans
963 635 1062 690 reticos
1080 636 1116 691 ab
1137 636 1170 691 iis
1188 652 1257 692 sana
1275 643 1367 692 mente
1386 643 1498 708 recepta
1515 637 1553 692 sd
1572 637 1717 693 ecelesiam
1736 637 1797 694 red·

98 735 130 773 se
148 720 261 786 gratias
280 737 366 790 agere
384 729 411 774 et
431 722 538 775 diritius
558 725 705 777 retendens
721 738 875 776 sermonem
894 722 935 772 in·
962 719 1073 790 iissent,
1101 722 1215 793 Pappus
1240 723 1268 777 in
1294 723 1359 792 epit.
1386 722 1449 780 hist.
1470 724 1569 780 eccles.
1588 742 1614 794 p.
1634 730 1694 780 260.
1730 723 1797 780 illos

97 806 256 859 vocationis
272 809 421 876 perparca
440 808 636 863 mrubicnnslo
647 824 789 877 apparere
801 807 936 875 faciebat,
963 804 1061 861 imitati
1080 815 1145 861 sunt
1162 808 1275 879 quidam
1292 826 1325 864 ex
1343 807 1511 875 Pontificio,
1536 809 1585 879 qui
1604 809 1633 864 in
1653 808 1751 879 Belgio
1769 813 1798 865 et

97 898 131 944 est
144 898 298 960 potaretur
312 892 409 960 gratia
421 893 458 945 ab
470 893 521 949 iris.
542 909 614 962 qaas
625 903 689 946 sunt
701 910 787 963 saper
797 893 936 958 anincrso,
963 890 1057 947 Gallia
1081 894 1214 962 superiori
1238 895 1332 950 seculo
1356 894 1476 950 infantes
1500 911 1520 949 a
1536 894 1667 949 ministris
1686 893 1797 949 illarum

97 978 264 1044 sangninem
280 995 363 1031 smum
381 977 523 1031 instillare
542 979 570 1031 in
589 980 666 1033 iilud
679 979 814 1047 poculum
828 995 882 1047 per
895 978 935 1029 in·
964 977 1142 1033 ecclesiarum
1176 980 1334 1050 baptizatos
1363 980 1582 1051 rebaptizarent
1631 978 1796 1035 Donatistae

97 1063 269 1117 uocationem
284 1063 384 1132 ἱρήια,
407 1062 477 1134 maim
497 1063 720 1137 peregrinantes
736 1063 821 1124 sitis
837 1066 936 1137 τὸμὲν
963 1064 1108 1118 ecclesiam
1126 1071 1201 1120 certo
1219 1066 1281 1122 loeo
1300 1067 1463 1138 alligabant.
1499 1065 1577 1120 idem
1595 1063 1796 1135 iaciuntPapi·

97 1149 222 1216 ἐρυθρὸν
241 1147 277 1207 ὡς
289 1144 367 1218 αἷμα.
403 1149 535 1219 Papistae
547 1151 630 1206 etiem
642 1149 781 1206 finxerunt
794 1149 936 1206 transsub-
962 1156 1030 1215 stae,
1049 1152 1161 1222 quando
1178 1169 1228 1221 pro
1242 1153 1361 1208 ecelesia
1372 1152 1518 1216 catholica,
1537 1167 1608 1222 quae
1619 1157 1663 1206 est
1673 1150 1796 1205 omnium

98 1234 303 1290 stantirtionem
332 1234 411 1304 panis
438 1242 467 1289 et
495 1235 554 1289 vini
582 1243 609 1291 et
637 1236 757 1306 gratiam
786 1235 937 1306 alligarunt
963 1237 1092 1298 locorum,
1109 1237 1264 1293 Romanam
1282 1246 1428 1308 reponunt.
1464 1237 1628 1293 Donatistae
1646 1236 1702 1291 vim
1717 1234 1796 1292 verbi

49 1343 61 1354 ·
98 1319 334 1376 sisersmentis.itit
376 1325 417 1376 24.
438 1319 481 1375 De
504 1322 739 1375 Priscillianirtis
761 1320 845 1377 refert
869 1320 935 1390 Epi·
961 1329 991 1377 et
1008 1330 1241 1378 sacramentorum
1260 1340 1278 1377 a
1297 1323 1432 1394 dignitate
1449 1323 1567 1379 ministri
1578 1321 1794 1395 suspendebant

52 1393 80 1469 ,⁰
96 1405 218 1477 phanias
248 1404 352 1462 haeres.
376 1411 417 1462 49.
447 1408 524 1474 qaod
554 1408 740 1461 revelationes
764 1408 873 1463 Christi
891 1407 934 1476 js·
961 1406 1007 1462 Sic
1026 1407 1138 1477 quidam
1156 1426 1189 1462 ex
1206 1408 1360 1463 Pontificiis
1373 1408 1526 1478 disputant,
1543 1408 1654 1461 verbnm
1666 1407 1727 1461 Dei
1739 1407 1797 1461 nisi

97 1491 207 1547 otarint
243 1491 321 1546 Idem
336 1490 364 1544 in
383 1497 490 1560 papatu
507 1492 806 1548 emultisfaetitatum.
830 1491 933 1546 *rsu-
957 1494 1142 1561 praedicetur
1159 1512 1178 1546 a
1197 1494 1326 1547 ministro
1345 1494 1482 1549 catholico
1501 1500 1527 1546 ct
1547 1493 1794 1563 legitimamente,

97 1576 227 1648 gastim
246 1575 292 1631 lih.
314 1575 349 1631 de
367 1575 491 1630 mendac,
511 1594 533 1631 o.
548 1583 571 1633 2.
586 1583 614 1633 et
628 1578 662 1633 de
674 1577 779 1634 haeres.
793 1578 829 1632 ad
842 1577 933 1642 Quod·
960 1597 1016 1633 non
1036 1596 1094 1633 csse
1110 1581 1222 1634 verbam
1239 1581 1312 1647 Dei,
1336 1583 1388 1633 sed
1404 1581 1516 1635 corbam
1535 1579 1658 1645 diaboli,
1685 1596 1719 1633 ao
1738 1596 1794 1633 non

97 1662 185 1717 rnltd
205 1679 227 1716 c.
248 1668 289 1718 10.
309 1662 401 1722 refert,
420 1660 647 1719 Priscillianistas
665 1664 731 1718 olim
749 1664 884 1730 docuisse,
904 1664 933 1716 in
960 1667 1044 1720 medo
1067 1684 1124 1718 non
1151 1667 1283 1730 ammom,
1311 1667 1363 1719 sed
1392 1667 1476 1719 stram
1499 1666 1655 1734 perniciem
1679 1666 1793 1735 afferre

98 1750 183 1802 corde
205 1749 380 1802 retinendam
404 1762 465 1800 csse
485 1751 563 1816 qnod
579 1767 673 1803 ceram
692 1758 749 1816 est,
776 1766 825 1802 ore
842 1757 933 1802 aaran
959 1751 1063 1806 ”Non
1087 1751 1338 1822 praetermittamus
1363 1751 1556 1819 Apostoliecs,
1583 1752 1632 1821 qui
1654 1767 1793 1817 arrogan-

99 1836 141 1888 ad
158 1835 266 1887 alienos
284 1836 418 1902 proferre
433 1837 558 1902 falsum,
583 1836 691 1889 nallrsm
709 1852 768 1889 esse
777 1844 933 1905 peccatam.
959 1838 1065 1891 tissime
1087 1853 1117 1890 ss
1139 1838 1194 1891 isto
1218 1839 1328 1891 nominc
1349 1845 1529 1904 vocaverant,
1558 1836 1597 1891 ait
1618 1835 1793 1906 Augustinus

98 1920 168 1976 Item
189 1923 349 1989 negandum
367 1940 426 1976 esse
445 1921 601 1981 Christum,
627 1930 656 1975 ct
677 1922 768 1991 possit
787 1922 860 1974 inter
879 1921 933 1973 ini·
961 1922 997 1977 (le
1013 1921 1118 1976 haeres.
1137 1939 1161 1977 e.
1183 1929 1223 1980 40.
1245 1923 1275 1975 hi
1294 1924 1323 1974 in
1341 1940 1423 1976 mam
1440 1921 1657 1976 communionem
1677 1940 1733 1975 non
1750 1937 1794 1976 re·

98 2007 183 2060 miros
201 2007 289 2060 latere
305 2009 493 2063 Christianus.
521 2008 933 2069 Priscillianistaestetuebant,
961 2008 1099 2078 cipiebont
1121 2016 1227 2063 rnensss
1251 2009 1416 2077 coningibus
1441 2015 1467 2060 st
1485 2024 1531 2061 res
1546 2008 1685 2077 proprias
1700 2007 1795 2076 possi-

97 2093 181 2146 licero
199 2093 355 2162 &girando
375 2095 497 2159 mentiri,
524 2100 596 2149 teste
612 2093 690 2148 Sixto
708 2093 824 2149 Senensi
842 2093 890 2147 lib.
909 2098 933 2148 3.
961 2097 1065 2160 dentes,
1083 2095 1193 2148 nnllam
1209 2095 1440 2164 spempntabant
1457 2094 1629 2160 sorbebere,
1648 2093 1698 2161 qai
1714 2101 1794 2146 mon·

97 2177 221 2233 biblioth
240 2185 269 2232 et
288 2178 448 2235 hialdouato
468 2197 565 2235 comm.
584 2180 612 2233 in
633 2180 698 2235 Luc.
712 2185 754 2247 24,
772 2198 798 2233 v.
812 2184 855 2234 ³5.
874 2178 935 2232 Aut
960 2191 1006 2236 tor
1023 2182 1114 2249 rebus,
1131 2182 1229 2250 gramis
1248 2181 1307 2249 ipsi
1326 2181 1466 2234 carebant.
1503 2179 1632 2235 Monsohi
1656 2177 1795 2233 Pontifieii

96 2282 164 2337 ergo
181 2265 307 2322 Jesuitae
326 2265 363 2322 ab
383 2266 434 2321 hac
454 2273 527 2322 tetra
546 2267 653 2322 haeresi
672 2267 744 2322 serio
759 2266 932 2336 resipiscant,
960 2267 1184 2338 arrogantissime
1215 2266 1410 2322 commendant
1438 2266 1514 2319 vitae
1536 2282 1603 2321 snae
1625 2283 1713 2336 genus
1735 2270 1794 2319 tan·

96 2357 146 2404 sut
178 2366 240 2405 cum
275 2350 492 2407 Priscillianistis
516 2353 572 2406 sint
600 2352 723 2407 damnati
750 2351 933 2406 haeretici.**
959 2370 1043 2424 quam
1063 2351 1257 2422 apostolicum,
1283 2351 1338 2405 imo
1357 2357 1385 2405 et
1401 2349 1568 2422 angelicum.
1604 2350 1734 2406 Omnium
1751 2366 1794 2405 nr·

98 2436 141 2490 De
165 2437 263 2492 iisdem
281 2437 367 2493 refert
384 2438 559 2509 Augustinus
578 2438 612 2493 de
631 2437 735 2491 haeres.
755 2454 777 2492 c.
799 2444 838 2491 ro.
858 2436 932 2506 quod
959 2439 1114 2508 rogantium
1130 2443 1271 2508 superant,
1290 2437 1337 2507 qui
1355 2454 1411 2491 non
1428 2435 1603 2506 apostoliens,
1620 2435 1670 2489 sed
1683 2441 1793 2505 aposto·

96 2521 125 2577 in
144 2523 200 2576 suis
220 2522 397 2594 dogmatibus
416 2523 564 2579 habuerint
582 2523 652 2578 haec
663 2524 763 2578 verba:
775 2524 857 2591 jora,
866 2541 932 2592 per·
959 2522 999 2577 los
1024 2539 1053 2578 se
1077 2522 1151 2591 ipsos
1174 2522 1353 2576 nominarunt
1370 2521 1399 2575 in
1415 2520 1575 2586 Lusitania,
1596 2526 1626 2574 et
1642 2520 1746 2591 ubique
1764 2537 1794 2575 se

96 2607 179 2675 jara,
202 2618 338 2661 semotam
358 2612 483 2678 prodere
500 2611 570 2664 noli.
607 2609 684 2664 Idem
701 2607 761 2664 fieri
779 2625 797 2663 a
814 2608 931 2664 Jesuitis
958 2608 1081 2663 Jeeuitas
1099 2607 1250 2678 appellant,
1269 2606 1349 2678 quasi
1367 2606 1453 2676 ipsius
1464 2606 1535 2662 «lesu
1552 2605 1651 2660 socios
1687 2607 1793 2661 Dino

97 2698 215 2749 testatur
244 2696 352 2764 praxis,
383 2697 456 2751 unde
489 2696 647 2752 sacerdotes
674 2695 872 2766 Wisbyeenses
902 2693 931 2749 in
955 2695 1078 2763 phrenas
1096 2694 1172 2765 apud
1187 2694 1391 2749 Damasoennnr
1408 2691 1438 2747 in
1457 2691 1538 2747 ostsl.
1551 2690 1658 2748 haeres.
1672 2691 1793 2748 etNioe

97 2779 214 2851 epistola
233 2781 270 2835 ad
290 2781 462 2838 Generosurir
480 2783 620 2854 quendam
641 2781 816 2837 catholicum
835 2779 874 2834 sic
893 2779 931 2834 lo
957 2787 1013 2834 tam
1031 2779 1102 2836 thes.
1121 2778 1193 2835 arth.
1212 2777 1258 2833 fio
1278 2777 1327 2835 lib.
1346 2785 1369 2832 4.
1387 2777 1491 2834 haeres.
1511 2782 1553 2833 42.
1571 2775 1712 2832 habentur
1729 2776 1793 2832 hae

97 2872 235 2936 quuntur:
257 2871 311 2921 Ars
331 2877 372 2922 est
389 2877 550 2923 nostrornm
567 2869 752 2931 Jesaitcran,
769 2866 930 2933 atinjnra
957 2865 1050 2931 retici,
1080 2866 1233 2938 quiscum
1257 2865 1383 2937 gentium
1401 2864 1528 2919 instituta
1545 2869 1739 2935 sequerentur,
1763 2863 1794 2919 in

96 2953 195 3006 mentis
218 2953 277 3006 suis
294 2955 474 3018 nscgistratne
491 2955 623 3009 illudant.
661 2951 930 3007 ”Priscillianistae
957 2951 1019 3008 aliis
1041 2958 1121 3007 erant
1136 2951 1299 3014 Christiani,
1322 2951 1468 3020 gentiiiam
1492 2950 1598 3003 rituum
1617 2957 1644 3003 ct
1659 2950 1794 3019 supersti-

95 3036 180 3091 libros
198 3038 373 3107 apocryphos
389 3038 515 3094 fecerunt
533 3038 659 3109 aequalis
679 3036 850 3093 auctoritatis
868 3052 930 3088 eum
956 3039 1062 3094 tionum
1085 3038 1247 3091 imitatores.
1286 3034 1418 3106 Papistae
1440 3034 1468 3091 in
1492 3034 1619 3090 omnibus
1641 3034 1699 3090 fere
1717 3051 1791 3090 oere-

95 3141 117 3177 ι
142 3122 299 3192 seriptum,
322 3122 497 3194 Augustinus
516 3123 620 3179 haeres.
641 3130 682 3179 to.
716 3120 857 3177 Pontificii
875 3137 930 3174 non
956 3124 1054 3180 moniis
1074 3124 1131 3178 suis
1149 3130 1215 3177 sunt
1232 3123 1458 3193 Ethnophroues‚
1476 3127 1508 3176 ut
1526 3121 1652 3191 superius
1670 3120 1790 3177 ostendi·

94 3209 185 3264 solum
202 3208 288 3263 libros
305 3208 489 3280 apocryphos,
508 3210 558 3265 sed
571 3208 655 3264 etiam
668 3208 832 3263 traditiones
843 3206 929 3261 verbo
955 3227 1024 3265 mus.
1032 3211 1064 3245 *⁴*
1090 3214 1135 3265 25.
1149 3209 1305 3277 Pelagiani
1316 3206 1465 3272 ἐπιβάλλον
1475 3211 1561 3281 μέρος
1571 3205 1646 3262 haud
1658 3207 1789 3277 exiguum
1801 3217 1834 3260 to.
1850 3218 1914 3258 reis·

95 3293 147 3350 Dei
167 3293 330 3351 addunt*
365 3294 593 3352 Priscillianistae
610 3293 928 3364 etismooujugiumceu
954 3296 991 3350 ad
1019 3295 1146 3365 papalem
1169 3294 1253 3351 iidem
1277 3294 1459 3350 contulerunt.
1497 3292 1537 3350 Ut
1555 3293 1627 3348 enim
1647 3292 1790 3363 colligitur
1802 3272 1882 3360 {22¹⁰

93 3387 196 3441 statum
224 3379 361 3436 omnalem
389 3381 588 3450 repudiabant,
616 3382 691 3436 unde
714 3382 847 3451 conjuges
873 3378 929 3433 dis·
955 3398 988 3436 ex
1013 3381 1192 3452 Hieronymi,
1220 3380 1370 3451 Augustini
1399 3387 1428 3435 et
1449 3379 1566 3435 aliorum
1591 3378 1668 3433 libris
1692 3385 1789 3433 contra

89 3465 262 3537 jungebant,
293 3465 468 3537 Augustinus
495 3468 513 3520 l.
541 3467 569 3522 d.
604 3468 799 3536 ”Coajagem
827 3464 926 3534 inquit,
954 3467 1028 3537 ipsos
1056 3467 1138 3522 editis
1166 3467 1321 3521 docueruut
1349 3463 1494 3535 Pelagiani
1522 3465 1611 3534 primo
1638 3471 1788 3534 peccatam

93 3553 192 3620 quibas
211 3552 263 3606 boe
281 3552 386 3606 molam
400 3561 514 3621 poterat
529 3555 722 3622 persuadere,
749 3551 927 3620 &angebat
952 3554 1038 3608 Adae
1060 3570 1117 3606 son
1138 3553 1262 3607 transire
1287 3553 1317 3604 in
1337 3558 1467 3621 posteros
1489 3552 1547 3604 nisi
1567 3558 1676 3604 tamma
1699 3557 1789 3604 reeta.

94 3645 120 3690 et
145 3636 222 3693 ciros
249 3656 267 3690 o
291 3638 447 3692 acerrima
469 3639 585 3701 feminae
610 3646 636 3692 et
653 3639 777 3701 feminas
794 3654 814 3689 a
832 3636 926 3689 noien-
952 3639 1031 3693 Idem
1050 3638 1205 3694 docuerunt
1221 3638 1385 3693 Ambrosius
1397 3637 1509 3694 Gathar.
1522 3635 1571 3693 lib.
1584 3636 1618 3690 de
1631 3636 1700 3706 laps.
1714 3636 1787 3691 hom.
1871 3700 1876 3712 g

92 3723 163 3776 tibus
188 3724 267 3779 sare.
304 3723 488 3780 Bellarminus
511 3724 559 3779 lib.
580 3729 604 3781 2.
630 3725 667 3780 de
688 3722 812 3779 monach.
838 3739 864 3778 o.
884 3727 925 3778 38.
953 3731 982 3780 et
997 3742 1072 3795 pecc
1091 3725 1161 3796 orig.
1181 3741 1206 3783 e,
1226 3732 1251 3782 b.
1269 3740 1342 3778 anno
1365 3729 1440 3779 1542.
1457 3722 1532 3778 edito
1545 3729 1574 3777 et
1590 3721 1706 3794 Piggius
1725 3738 1789 3793 com

92 3810 300 3864 matrimonium
325 3818 418 3865 ratum
440 3830 496 3865 non
520 3819 739 3865 comminatam
761 3826 817 3878 per
836 3809 926 3861 roten
952 3818 1022 3867 trov.
1045 3820 1066 3864 1.
1083 3810 1119 3866 de
1137 3827 1212 3881 peno.
1232 3809 1299 3882 orig.
1320 3809 1368 3865 ubi
1387 3814 1523 3873 statuunt,
1537 3817 1684 3877 peccatam
1703 3809 1789 3875 origi·

91 3912 153 3948 aem
176 3895 323 3964 religionis
343 3897 548 3966 professionem
568 3897 686 3950 alterius
704 3896 865 3965 conjrsginm
883 3895 926 3946 or·-
953 3899 998 3952 ω’,
1027 3915 1081 3951 non
1108 3898 1210 3952 trabere
1238 3914 1334 3951 ceram
1348 3897 1463 3966 peccati
1479 3896 1632 3956 rationem,
1662 3895 1791 3949 cedmae

91 3982 159 4034 remi
175 3999 209 4033 ne
230 3990 432 4050 repugnantem
449 3983 596 4050 conjugem
605 3983 773 4050 posaeoogs',
786 3980 926 4045 visaviai,
953 3993 1062 4039 tantum
1091 3992 1216 4051 rentem,
1244 4001 1298 4051 guo
1324 3982 1436 4051 posteri
1459 3982 1617 4050 primorum
1637 3988 1790 4050 parentum

92 4070 169 4137 qssod
179 4070 283 4134 facere
301 4076 417 4137 tenetur,
434 4068 463 4123 id
481 4075 532 4137 est,
551 4077 583 4124 ut
596 4069 712 4124 liberam
732 4067 854 4122 dimittat
865 4083 926 4137 par·
949 4078 1069 4139 propter
1103 4068 1353 4137 transgressionem
1383 4066 1497 4118 iliomsm
1525 4066 1699 4135 primaevam
1729 4067 1789 4119 sine

91 4161 161 4224 tem,
190 4172 272 4227 quam
297 4155 438 4210 solennem
457 4154 585 4210 vovit.bil
622 4156 664 4209 lta
682 4171 793 4225 quoqne
811 4152 1050 4241 Sirieiuslaliqao
1074 4155 1142 4209 sitio
1164 4153 1286 4223 proprio
1307 4159 1332 4203 st
1349 4151 1510 4205 inhaerente
1528 4158 1648 4203 naturae
1668 4150 1791 4204 deor'scts'

91 4242 251 4313 eonjugium
276 4241 451 4297 sacerdotum
476 4240 664 4311 prohibiturus
681 4257 716 4295 eo
735 4238 927 4294 accommodat
953 4248 1107 4308 teneantur,
1122 4256 1206 4310 quam
1218 4236 1383 4292 sententiam
1392 4234 1575 4291 Bellarminus
1587 4235 1636 4291 lib.
1646 4242 1669 4290 5.
1680 4234 1788 4291 destat

90 4328 240 4384 sententiat
258 4326 432 4396 Scriptum:
459 4326 513 4388 eri
530 4327 559 4380 t'n
577 4343 661 4381 earne
680 4333 757 4392 sam,
782 4326 846 4378 Deo
858 4324 925 4393 pla·
937 4364 940 4413 Ι
952 4343 1028 4398 pace
1043 4343 1067 4381 c.
1077 4332 1102 4383 6.
1119 4324 1280 4380 mollissime
1293 4328 1375 4376 vocat
1386 4322 1476 4375 minos
1487 4329 1603 4376 rectam.
1634 4320 1712 4375 ldem
1724 4329 1788 4379 ante

91 4431 154 4469 cere
178 4432 234 4468 non
255 4421 380 4483 possunt.
419 4412 613 4482 Ooinqninatis
630 4421 657 4465 et
674 4411 834 4480 infidelibus
853 4410 940 4533 nihilq
972 4412 1133 4469 ›atharinum
1146 4408 1317 4480 etPiggium
1331 4407 1537 4463 docuitSootus
1550 4413 1575 4462 4.
1588 4413 1656 4462 sent.
1670 4406 1733 4461 dist
1746 4413 1786 4463 14.

92 4507 133 4555 cst
147 4502 288 4553 mnndum.
323 4498 500 4569 '‘Acepbali
519 4500 594 4569 apud
613 4496 801 4567 Nicephorum
820 4495 867 4551 lib.
885 4500 925 4552 18.
938 4552 939 4559 ,
952 4516 979 4571 q.
1000 4505 1022 4555 1.
1042 4503 1093 4554 art.
1112 4503 1134 4553 1.
1153 4512 1187 4550 so
1205 4494 1291 4549 Gsbr.
1310 4493 1371 4548 Biel
1390 4492 1458 4549 ibid
1476 4511 1502 4563 q.
1525 4499 1547 4549 1.
1567 4498 1617 4550 art
1640 4499 1662 4549 1.
1684 4497 1741 4547 not.
1766 4498 1787 4547 1.

92 4603 114 4640 c.
134 4593 181 4641 45:
204 4585 428 4642 &minsnionem
447 4585 663 4651 (eucharistiam)
682 4603 701 4637 a
715 4583 842 4652 plurimo
860 4562 1001 4681 tem-lubi
1025 4585 1185 4655 disputant,
1215 4583 1320 4634 anderrn
1343 4582 1426 4634 modo
1450 4587 1559 4633 reamm
1588 4595 1697 4648 poenae
1722 4586 1788 4648 post

85 4688 160 4742 pore
179 4680 356 4725 asservatum
375 4671 504 4725 habentes
522 4673 608 4736 seriis
621 4669 806 4741 paschalibus
825 4669 855 4721 in
875 4669 924 4720 mi·
937 4706 940 4747 ι
952 4671 1103 4742 quamlibet
1126 4668 1270 4737 nsssariam
1294 4666 1430 4720 actionem
1453 4667 1483 4718 in
1494 4666 1649 4735 flagitiosis
1669 4665 1785 4718 homini-

90 4759 252 4812 mstiesimas
274 4757 392 4810 incisam
414 4766 513 4825 partes
530 4757 754 4811 convenientibus
773 4756 814 4809 aci
831 4771 861 4807 se
880 4754 1001 4821 iso-:bas
1025 4757 1165 4826 reliquam
1188 4770 1248 4808 esse
1265 4769 1352 4821 neque
1372 4752 1433 4804 alia
1452 4753 1487 4804 ds
1507 4768 1594 4804 cama
1612 4749 1673 4806 dici
1685 4768 1786 4821 pccca-
1870 4772 1872 4777 ·

91 4844 210 4897 minibus
243 4845 388 4897 dederunt.
434 4842 480 4897 Ab
511 4843 577 4914 ipsis
604 4843 762 4898 didicerunt
787 4826 1035 4959 Pontifioiijtores,
1053 4860 1138 4911 qnam
1155 4840 1222 4910 qnia
1240 4847 1370 4893 aeternae
1389 4839 1445 4891 siat
1458 4838 1650 4891 damnationis
1660 4839 1712 4892 rei.
1743 4839 1787 4893 Ao

92 4928 286 4985 eurcharistiam
309 4928 358 4982 diu
383 4945 524 4985 asservare
551 4935 580 4985 et
603 4928 823 4983 communionem
842 4926 1102 5009 seinellDurandus
1130 4927 1165 4981 de
1190 4925 1217 4983 S.
1245 4924 1382 4979 Porciano
1408 4924 1468 4978 sine
1498 4922 1660 4978 circuitione
1689 4923 1786 4979 scribit

91 5015 120 5070 in
137 5032 210 5070 anno
223 5021 331 5070 tanturn
344 5015 447 5086 populo
461 5014 640 5070 communiter
652 5013 782 5070 exhihere
793 5011 867 5066 seriis
880 5028 926 5081 pa-
953 5020 977 5072 2,
1000 5020 1068 5069 sent.
1095 5012 1158 5067 dist.
1184 5017 1225 5066 3ο.
1252 5029 1299 5083 qn,
1326 5016 1351 5066 3,
1380 5010 1514 5081 originale
1541 5015 1686 5081 peccatum
1714 5009 1788 5064 nihii

39 5107 77 5152 tl&
90 5099 285 5156 sehnlibus.iil
314 5104 358 5155 24.
372 5102 544 5155 Donatistae
565 5100 753 5154 iitecelesiam
769 5098 928 5164 obligabant
951 5101 1112 5154 aliudesse
1130 5115 1213 5167 quom
1232 5115 1335 5152 merum
1353 5105 1472 5153 reatum.
1499 5094 1634 5156 Secundo,
1650 5097 1787 5164 parrulos

39 5177 77 5262 ζ’,ζ
86 5187 170 5256 parti
195 5187 305 5240 Donati
327 5188 370 5240 ad
394 5187 578 5240 eccles-monem
606 5186 780 5254 reliqueram
806 5184 1007 5249 omniumgnen
1024 5185 1137 5238 nabere
1152 5200 1203 5238 nec
1219 5183 1320 5237 habere
1339 5182 1543 5250 aparentibus
1560 5180 1703 5249 originale
1722 5198 1786 5249 pec-

91 5281 233 5342 roetoan,·
251 5271 383 5343 Papistse
401 5272 450 5326 soli
471 5273 543 5342 parti
561 5270 699 5342 pontificis
718 5286 817 5325 nomen
829 5275 857 5325 et
868 5286 926 5325 rem
938 5256 940 5302 i
952 5279 1053 5327 entem.
1095 5269 1173 5324 ldcm
1199 5269 1280 5323 docet
1304 5267 1407 5323 Ruard.
1427 5266 1573 5337 Tapperns
1590 5265 1618 5321 in
1638 5273 1689 5323 art.
1707 5271 1732 5321 2.
1751 5267 1786 5323 de

91 5358 222 5415 ecelesiae
245 5358 370 5429 alligant.
415 5356 547 5412 fidemne
572 5355 785 5427 rebaptizabant
806 5355 842 5410 ab
862 5355 1027 5465 haejpeoc.
1046 5352 1115 5426 orig.
1132 5353 1180 5409 ubi
1199 5354 1308 5416 scribit,
1326 5355 1355 5407 in
1369 5354 1494 5423 paronio
1511 5369 1608 5407 recens
1626 5361 1693 5407 anto
1715 5353 1787 5406 nihii

84 5444 184 5513 ⁴reticis
202 5444 366 5517 baptisatus,
384 5443 559 5515 Augustinus
576 5443 611 5498 ds
629 5442 734 5498 haeres.
752 5459 775 5498 n
794 5447 835 5500 bt.
859 5441 925 5508 Qui·
937 5468 940 5498 r
951 5442 1083 5505 sncsns'ri,
1103 5441 1181 5513 qrsod
1195 5457 1260 5497 sere
1277 5448 1303 5494 et
1314 5439 1435 5511 proprie
1447 5440 1561 5512 peccati
1578 5440 1717 5499 rationem
1737 5440 1786 5499 ho·
