<?xml version="1.0" encoding="UTF-8"?>
<!DOCTYPE html PUBLIC "-//W3C//DTD XHTML 1.0 Transitional//EN"
    "http://www.w3.org/TR/xhtml1/DTD/xhtml1-transitional.dtd">
<html xmlns="http://www.w3.org/1999/xhtml" xml:lang="en" lang="en">
 <head>
  <title>
</title>
<meta http-equiv="Content-Type" content="text/html;charset=utf-8" />
  <meta name='ocr-system' content='tesseract 3.04.00' />
  <meta name='ocr-capabilities' content='ocr_page ocr_carea ocr_par ocr_line ocrx_word'/>
</head>
<body>
  <div class='ocr_page' id='page_1' title='image "./lta-11000/locitheologicit03gerhgoog/locitheologicit03gerhgoog_0195.png"; bbox 0 0 4004 6022; ppageno 0'>
   <div class='ocr_carea' id='block_1_1' title="bbox 212 296 1319 369">
    <p class='ocr_par' dir='ltr' id='par_1_1' title="bbox 212 296 1319 369">
     <span class='ocr_line' id='line_1_1' title="bbox 212 296 1319 369; baseline -0.01 0"><span class='ocrx_word' id='word_1_1' title='bbox 212 306 271 369; x_wconf 82' lang='lat' dir='ltr'><strong>tat</strong></span> <span class='ocrx_word' id='word_1_2' title='bbox 814 298 937 359; x_wconf 75' lang='lat' dir='ltr'>LOCUS</span> <span class='ocrx_word' id='word_1_3' title='bbox 954 296 1157 359; x_wconf 64' lang='lat' dir='ltr'><strong>acuamus</strong></span> <span class='ocrx_word' id='word_1_4' title='bbox 1175 299 1319 358; x_wconf 83' lang='lat' dir='ltr'>PRIMUS</span> 
     </span>
    </p>
   </div>
   <div class='ocr_carea' id='block_1_2' title="bbox 86 454 1915 2265">
    <p class='ocr_par' dir='ltr' id='par_1_2' title="bbox 212 454 1906 530">
     <span class='ocr_line' id='line_1_2' title="bbox 212 454 1906 530; baseline -0.002 -16"><span class='ocrx_word' id='word_1_5' title='bbox 212 456 401 515; x_wconf 81' lang='lat' dir='ltr'><strong>Mandacatio</strong></span> <span class='ocrx_word' id='word_1_6' title='bbox 432 461 459 510; x_wconf 86' lang='lat' dir='ltr'><strong>st</strong></span> <span class='ocrx_word' id='word_1_7' title='bbox 486 456 565 527; x_wconf 82' lang='lat' dir='ltr'><strong>patio</strong></span> <span class='ocrx_word' id='word_1_8' title='bbox 589 455 673 526; x_wconf 83' lang='lat' dir='ltr'><strong>bajus</strong></span> <span class='ocrx_word' id='word_1_9' title='bbox 701 457 873 510; x_wconf 73' lang='lat' dir='ltr'><strong>ramaneat</strong></span> <span class='ocrx_word' id='word_1_10' title='bbox 900 464 940 511; x_wconf 83' lang='lat' dir='ltr'><strong>est</strong></span> <span class='ocrx_word' id='word_1_11' title='bbox 968 474 1044 512; x_wconf 81' lang='lat' dir='ltr'><strong>asos.</strong></span> <span class='ocrx_word' id='word_1_12' title='bbox 1072 454 1174 511; x_wconf 79' lang='lat' dir='ltr'><strong>Christi</strong></span> <span class='ocrx_word' id='word_1_13' title='bbox 1194 456 1246 512; x_wconf 89' lang='lat' dir='ltr'><strong>sub</strong></span> <span class='ocrx_word' id='word_1_14' title='bbox 1263 473 1337 527; x_wconf 87' lang='lat' dir='ltr'><strong>pane</strong></span> <span class='ocrx_word' id='word_1_15' title='bbox 1354 473 1414 513; x_wconf 87' lang='lat' dir='ltr'><strong>esse</strong></span> <span class='ocrx_word' id='word_1_16' title='bbox 1431 457 1547 529; x_wconf 85' lang='lat' dir='ltr'><strong>incipiat</strong></span> <span class='ocrx_word' id='word_1_17' title='bbox 1570 455 1615 512; x_wconf 87' lang='lat' dir='ltr'><strong>vel</strong></span> <span class='ocrx_word' id='word_1_18' title='bbox 1636 456 1745 512; x_wconf 89' lang='lat' dir='ltr'><strong>desinat</strong></span> <span class='ocrx_word' id='word_1_19' title='bbox 1765 462 1793 511; x_wconf 91' lang='lat' dir='ltr'><strong>et</strong></span> <span class='ocrx_word' id='word_1_20' title='bbox 1814 472 1906 530; x_wconf 84' lang='lat' dir='ltr'><strong>quam-</strong></span> 
     </span>
    </p>

    <p class='ocr_par' dir='ltr' id='par_1_3' title="bbox 212 542 1909 616">
     <span class='ocr_line' id='line_1_3' title="bbox 212 542 1909 616; baseline 0.001 -17"><span class='ocrx_word' id='word_1_21' title='bbox 212 545 287 599; x_wconf 84' lang='lat' dir='ltr'><strong>Hine</strong></span> <span class='ocrx_word' id='word_1_22' title='bbox 317 552 343 598; x_wconf 83' lang='lat' dir='ltr'><strong>at</strong></span> <span class='ocrx_word' id='word_1_23' title='bbox 369 543 466 599; x_wconf 80' lang='lat' dir='ltr'><strong>soleas</strong></span> <span class='ocrx_word' id='word_1_24' title='bbox 493 542 648 612; x_wconf 82' lang='lat' dir='ltr'><strong>discipulos</strong></span> <span class='ocrx_word' id='word_1_25' title='bbox 674 560 740 596; x_wconf 84' lang='lat' dir='ltr'><strong>sans</strong></span> <span class='ocrx_word' id='word_1_26' title='bbox 775 543 903 598; x_wconf 70' lang='lat' dir='ltr'><strong>curares</strong></span> <span class='ocrx_word' id='word_1_27' title='bbox 935 545 1046 608; x_wconf 76' lang='lat' dir='ltr'><strong>frustm</strong></span> <span class='ocrx_word' id='word_1_28' title='bbox 1073 542 1120 596; x_wconf 91' lang='lat' dir='ltr'><strong>diu</strong></span> <span class='ocrx_word' id='word_1_29' title='bbox 1150 543 1192 598; x_wconf 92' lang='lat' dir='ltr'><strong>ibi</strong></span> <span class='ocrx_word' id='word_1_30' title='bbox 1222 550 1398 615; x_wconf 89' lang='lat' dir='ltr'><strong>permaneat,</strong></span> <span class='ocrx_word' id='word_1_31' title='bbox 1429 559 1480 598; x_wconf 86' lang='lat' dir='ltr'><strong>uos</strong></span> <span class='ocrx_word' id='word_1_32' title='bbox 1512 543 1653 600; x_wconf 81' lang='lat' dir='ltr'><strong>dimoveri.</strong></span> <span class='ocrx_word' id='word_1_33' title='bbox 1701 542 1818 600; x_wconf 86' lang='lat' dir='ltr'><strong>interim</strong></span> <span class='ocrx_word' id='word_1_34' title='bbox 1844 544 1909 616; x_wconf 83' lang='lat' dir='ltr'><strong>quia</strong></span> 
     </span>
    </p>

    <p class='ocr_par' dir='ltr' id='par_1_4' title="bbox 211 628 1909 704">
     <span class='ocr_line' id='line_1_4' title="bbox 211 628 1909 704; baseline 0.002 -20"><span class='ocrx_word' id='word_1_35' title='bbox 211 632 296 700; x_wconf 72' lang='lat' dir='ltr'><strong>baius</strong></span> <span class='ocrx_word' id='word_1_36' title='bbox 320 630 490 684; x_wconf 74' lang='lat' dir='ltr'><strong>armamenti</strong></span> <span class='ocrx_word' id='word_1_37' title='bbox 504 629 659 699; x_wconf 72' lang='lat' dir='ltr'><strong>participes</strong></span> <span class='ocrx_word' id='word_1_38' title='bbox 677 630 755 698; x_wconf 76' lang='lat' dir='ltr'><strong>fieri,</strong></span> <span class='ocrx_word' id='word_1_39' title='bbox 778 637 928 700; x_wconf 78' lang='lat' dir='ltr'><strong>postquam</strong></span> <span class='ocrx_word' id='word_1_40' title='bbox 946 649 1047 701; x_wconf 73' lang='lat' dir='ltr'><strong>carptas</strong></span> <span class='ocrx_word' id='word_1_41' title='bbox 1072 628 1211 685; x_wconf 88' lang='lat' dir='ltr'><strong>Pontificii</strong></span> <span class='ocrx_word' id='word_1_42' title='bbox 1239 629 1275 684; x_wconf 87' lang='lat' dir='ltr'><strong>ad</strong></span> <span class='ocrx_word' id='word_1_43' title='bbox 1307 630 1503 686; x_wconf 73' lang='lat' dir='ltr'><strong>stabiliendam</strong></span> <span class='ocrx_word' id='word_1_44' title='bbox 1524 629 1718 700; x_wconf 77' lang='lat' dir='ltr'><strong>repositionem</strong></span> <span class='ocrx_word' id='word_1_45' title='bbox 1741 630 1909 704; x_wconf 77' lang='lat' dir='ltr'><strong>etreliqua·</strong></span> 
     </span>
    </p>

    <p class='ocr_par' dir='ltr' id='par_1_5' title="bbox 156 704 1910 877">
     <span class='ocr_line' id='line_1_5' title="bbox 156 704 1909 788; baseline 0.001 -17"><span class='ocrx_word' id='word_1_46' title='bbox 156 704 159 709; x_wconf 35' lang='lat'>¹</span> <span class='ocrx_word' id='word_1_47' title='bbox 211 735 291 771; x_wconf 84' lang='lat' dir='ltr'><strong>saum</strong></span> <span class='ocrx_word' id='word_1_48' title='bbox 307 716 492 787; x_wconf 72' lang='lat' dir='ltr'><strong>commanet,</strong></span> <span class='ocrx_word' id='word_1_49' title='bbox 510 734 566 770; x_wconf 87' lang='lat' dir='ltr'><strong>non</strong></span> <span class='ocrx_word' id='word_1_50' title='bbox 584 716 698 769; x_wconf 73' lang='lat' dir='ltr'><strong>sistebat</strong></span> <span class='ocrx_word' id='word_1_51' title='bbox 714 717 744 769; x_wconf 86' lang='lat' dir='ltr'><strong>in</strong></span> <span class='ocrx_word' id='word_1_52' title='bbox 761 717 982 786; x_wconf 83' lang='lat' dir='ltr'><strong>consecratione,</strong></span> <span class='ocrx_word' id='word_1_53' title='bbox 1000 734 1046 771; x_wconf 89' lang='lat' dir='ltr'><strong>ne·</strong></span> <span class='ocrx_word' id='word_1_54' title='bbox 1072 715 1155 786; x_wconf 89' lang='lat' dir='ltr'><strong>hujus</strong></span> <span class='ocrx_word' id='word_1_55' title='bbox 1172 717 1336 772; x_wconf 86' lang='lat' dir='ltr'><strong>sacramenti</strong></span> <span class='ocrx_word' id='word_1_56' title='bbox 1355 717 1458 772; x_wconf 87' lang='lat' dir='ltr'><strong>abusus</strong></span> <span class='ocrx_word' id='word_1_57' title='bbox 1476 717 1633 788; x_wconf 76' lang='lat' dir='ltr'><strong>disputant,</strong></span> <span class='ocrx_word' id='word_1_58' title='bbox 1653 733 1755 788; x_wconf 86' lang='lat' dir='ltr'><strong>panem</strong></span> <span class='ocrx_word' id='word_1_59' title='bbox 1772 733 1835 773; x_wconf 88' lang='lat' dir='ltr'><strong>esee</strong></span> <span class='ocrx_word' id='word_1_60' title='bbox 1852 732 1909 773; x_wconf 73' lang='lat' dir='ltr'><strong>cor</strong></span> 
     </span>
     <span class='ocr_line' id='line_1_6' title="bbox 211 800 1910 877; baseline 0.001 -20"><span class='ocrx_word' id='word_1_61' title='bbox 211 820 263 875; x_wconf 84' lang='lat' dir='ltr'><strong>qus</strong></span> <span class='ocrx_word' id='word_1_62' title='bbox 287 804 367 859; x_wconf 78' lang='lat' dir='ltr'><strong>dedat</strong></span> <span class='ocrx_word' id='word_1_63' title='bbox 387 802 549 873; x_wconf 67' lang='lat' dir='ltr'><strong>aceperis,</strong></span> <span class='ocrx_word' id='word_1_64' title='bbox 576 810 607 856; x_wconf 82' lang='lat' dir='ltr'><strong>ut</strong></span> <span class='ocrx_word' id='word_1_65' title='bbox 624 803 775 873; x_wconf 77' lang='lat' dir='ltr'><strong>bonam‘jice</strong></span> <span class='ocrx_word' id='word_1_66' title='bbox 794 804 884 873; x_wconf 68' lang='lat' dir='ltr'><strong>sperem</strong></span> <span class='ocrx_word' id='word_1_67' title='bbox 903 819 1047 858; x_wconf 84' lang='lat' dir='ltr'><strong>ooussroa-</strong></span> <span class='ocrx_word' id='word_1_68' title='bbox 1073 819 1125 873; x_wconf 90' lang='lat' dir='ltr'><strong>pus</strong></span> <span class='ocrx_word' id='word_1_69' title='bbox 1151 800 1264 857; x_wconf 88' lang='lat' dir='ltr'><strong>Domini</strong></span> <span class='ocrx_word' id='word_1_70' title='bbox 1293 803 1376 857; x_wconf 89' lang='lat' dir='ltr'><strong>etiam</strong></span> <span class='ocrx_word' id='word_1_71' title='bbox 1408 808 1486 858; x_wconf 87' lang='lat' dir='ltr'><strong>extra</strong></span> <span class='ocrx_word' id='word_1_72' title='bbox 1514 820 1595 858; x_wconf 88' lang='lat' dir='ltr'><strong>usum</strong></span> <span class='ocrx_word' id='word_1_73' title='bbox 1627 803 1720 874; x_wconf 93' lang='lat' dir='ltr'><strong>illum,</strong></span> <span class='ocrx_word' id='word_1_74' title='bbox 1755 803 1793 858; x_wconf 80' lang='lat' dir='ltr'><strong>ad</strong></span> <span class='ocrx_word' id='word_1_75' title='bbox 1829 818 1910 877; x_wconf 83' lang='lat' dir='ltr'><strong>quem</strong></span> 
     </span>
    </p>

    <p class='ocr_par' dir='ltr' id='par_1_6' title="bbox 210 888 1913 1660">
     <span class='ocr_line' id='line_1_7' title="bbox 211 888 1911 962; baseline 0.002 -17"><span class='ocrx_word' id='word_1_76' title='bbox 211 900 284 960; x_wconf 86' lang='lat' dir='ltr'><strong>rent,</strong></span> <span class='ocrx_word' id='word_1_77' title='bbox 315 894 367 944; x_wconf 84' lang='lat' dir='ltr'><strong>sed</strong></span> <span class='ocrx_word' id='word_1_78' title='bbox 396 891 477 944; x_wconf 83' lang='lat' dir='ltr'><strong>dedit</strong></span> <span class='ocrx_word' id='word_1_79' title='bbox 500 891 530 944; x_wconf 88' lang='lat' dir='ltr'><strong>in</strong></span> <span class='ocrx_word' id='word_1_80' title='bbox 553 891 599 945; x_wconf 84' lang='lat' dir='ltr'><strong>sni</strong></span> <span class='ocrx_word' id='word_1_81' title='bbox 623 908 703 945; x_wconf 74' lang='lat' dir='ltr'><strong>smum</strong></span> <span class='ocrx_word' id='word_1_82' title='bbox 729 891 841 945; x_wconf 80' lang='lat' dir='ltr'><strong>dicens:</strong></span> <span class='ocrx_word' id='word_1_83' title='bbox 876 892 1003 962; x_wconf 68' lang='lat' dir='ltr'><strong>Accipite</strong></span> <span class='ocrx_word' id='word_1_84' title='bbox 1022 901 1048 946; x_wconf 89' lang='lat' dir='ltr'><strong>et</strong></span> <span class='ocrx_word' id='word_1_85' title='bbox 1073 888 1205 943; x_wconf 78' lang='lat' dir='ltr'><strong>divinitus</strong></span> <span class='ocrx_word' id='word_1_86' title='bbox 1227 888 1393 944; x_wconf 74' lang='lat' dir='ltr'><strong>eucharistia</strong></span> <span class='ocrx_word' id='word_1_87' title='bbox 1420 888 1547 944; x_wconf 88' lang='lat' dir='ltr'><strong>institute</strong></span> <span class='ocrx_word' id='word_1_88' title='bbox 1578 895 1634 960; x_wconf 90' lang='lat' dir='ltr'><strong>est,</strong></span> <span class='ocrx_word' id='word_1_89' title='bbox 1663 891 1776 961; x_wconf 88' lang='lat' dir='ltr'><strong>quaudo</strong></span> <span class='ocrx_word' id='word_1_90' title='bbox 1805 890 1911 948; x_wconf 72' lang='lat' dir='ltr'><strong>mitian</strong></span> 
     </span>
     <span class='ocr_line' id='line_1_8' title="bbox 212 944 1911 1048; baseline 0.002 -17"><span class='ocrx_word' id='word_1_91' title='bbox 212 981 386 1046; x_wconf 80' lang='lat' dir='ltr'><strong>manducate,</strong></span> <span class='ocrx_word' id='word_1_92' title='bbox 404 984 431 1030; x_wconf 86' lang='lat' dir='ltr'><strong>et</strong></span> <span class='ocrx_word' id='word_1_93' title='bbox 447 977 517 1048; x_wconf 75' lang='lat' dir='ltr'><strong>quia</strong></span> <span class='ocrx_word' id='word_1_94' title='bbox 533 995 587 1047; x_wconf 84' lang='lat' dir='ltr'><strong>per</strong></span> <span class='ocrx_word' id='word_1_95' title='bbox 606 995 687 1031; x_wconf 73' lang='lat' dir='ltr'><strong>mum</strong></span> <span class='ocrx_word' id='word_1_96' title='bbox 705 980 886 1032; x_wconf 83' lang='lat' dir='ltr'><strong>manducatio</strong></span> <span class='ocrx_word' id='word_1_97' title='bbox 904 979 1008 1032; x_wconf 83' lang='lat' dir='ltr'><strong>transit</strong></span> <span class='ocrx_word' id='word_1_98' title='bbox 1022 944 1128 1031; x_wconf 68' lang='lat' dir='ltr'><strong>et&#39;uon</strong></span> <span class='ocrx_word' id='word_1_99' title='bbox 1160 975 1349 1040; x_wconf 85' lang='lat' dir='ltr'><strong>distribuitur,</strong></span> <span class='ocrx_word' id='word_1_100' title='bbox 1381 992 1437 1030; x_wconf 89' lang='lat' dir='ltr'><strong>nou</strong></span> <span class='ocrx_word' id='word_1_101' title='bbox 1467 975 1614 1046; x_wconf 75' lang='lat' dir='ltr'><strong>accipitur,</strong></span> <span class='ocrx_word' id='word_1_102' title='bbox 1641 993 1696 1030; x_wconf 92' lang='lat' dir='ltr'><strong>uon</strong></span> <span class='ocrx_word' id='word_1_103' title='bbox 1718 976 1911 1048; x_wconf 78' lang='lat' dir='ltr'><strong>manducatur,</strong></span> 
     </span>
     <span class='ocr_line' id='line_1_9' title="bbox 212 1016 1912 1183; baseline 0.001 -65"><span class='ocrx_word' id='word_1_104' title='bbox 212 1064 394 1134; x_wconf 75' lang='lat' dir='ltr'><strong>comminetur,</strong></span> <span class='ocrx_word' id='word_1_105' title='bbox 419 1064 499 1118; x_wconf 84' lang='lat' dir='ltr'><strong>dedit</strong></span> <span class='ocrx_word' id='word_1_106' title='bbox 516 1065 572 1128; x_wconf 86' lang='lat' dir='ltr'><strong>eis,</strong></span> <span class='ocrx_word' id='word_1_107' title='bbox 605 1065 711 1134; x_wconf 82' lang='lat' dir='ltr'><strong>quaties</strong></span> <span class='ocrx_word' id='word_1_108' title='bbox 727 1064 844 1130; x_wconf 71' lang='lat' dir='ltr'><strong>sellum,</strong></span> <span class='ocrx_word' id='word_1_109' title='bbox 864 1016 1122 1183; x_wconf 50' lang='lat' dir='ltr'><strong>commonitioni</strong></span> <span class='ocrx_word' id='word_1_110' title='bbox 1145 1061 1206 1116; x_wconf 93' lang='lat' dir='ltr'><strong>Deo</strong></span> <span class='ocrx_word' id='word_1_111' title='bbox 1233 1079 1284 1133; x_wconf 91' lang='lat' dir='ltr'><strong>pro</strong></span> <span class='ocrx_word' id='word_1_112' title='bbox 1310 1062 1435 1118; x_wconf 89' lang='lat' dir='ltr'><strong>delendis</strong></span> <span class='ocrx_word' id='word_1_113' title='bbox 1456 1062 1581 1117; x_wconf 89' lang='lat' dir='ltr'><strong>vivorum</strong></span> <span class='ocrx_word' id='word_1_114' title='bbox 1608 1067 1637 1117; x_wconf 91' lang='lat' dir='ltr'><strong>et</strong></span> <span class='ocrx_word' id='word_1_115' title='bbox 1660 1069 1831 1119; x_wconf 88' lang='lat' dir='ltr'><strong>mortuorum</strong></span> <span class='ocrx_word' id='word_1_116' title='bbox 1848 1078 1912 1136; x_wconf 74' lang='lat' dir='ltr'><strong>pse</strong></span> 
     </span>
     <span class='ocr_line' id='line_1_10' title="bbox 210 1148 1912 1223; baseline 0 -17"><span class='ocrx_word' id='word_1_117' title='bbox 210 1158 392 1222; x_wconf 85' lang='lat' dir='ltr'><strong>potestatem,</strong></span> <span class='ocrx_word' id='word_1_118' title='bbox 417 1152 485 1205; x_wconf 83' lang='lat' dir='ltr'><strong>dem</strong></span> <span class='ocrx_word' id='word_1_119' title='bbox 503 1152 603 1205; x_wconf 85' lang='lat' dir='ltr'><strong>addit:</strong></span> <span class='ocrx_word' id='word_1_120' title='bbox 627 1152 690 1206; x_wconf 88' lang='lat' dir='ltr'><strong>Hoc</strong></span> <span class='ocrx_word' id='word_1_121' title='bbox 707 1152 797 1218; x_wconf 81' lang='lat' dir='ltr'><strong>facite</strong></span> <span class='ocrx_word' id='word_1_122' title='bbox 812 1152 842 1205; x_wconf 84' lang='lat' dir='ltr'><strong>in</strong></span> <span class='ocrx_word' id='word_1_123' title='bbox 859 1152 916 1204; x_wconf 89' lang='lat' dir='ltr'><strong>mei</strong></span> <span class='ocrx_word' id='word_1_124' title='bbox 933 1168 1047 1206; x_wconf 84' lang='lat' dir='ltr'><strong>cemme-</strong></span> <span class='ocrx_word' id='word_1_125' title='bbox 1073 1148 1143 1202; x_wconf 89' lang='lat' dir='ltr'><strong>catis</strong></span> <span class='ocrx_word' id='word_1_126' title='bbox 1178 1149 1261 1204; x_wconf 90' lang='lat' dir='ltr'><strong>certis</strong></span> <span class='ocrx_word' id='word_1_127' title='bbox 1290 1149 1415 1220; x_wconf 85' lang='lat' dir='ltr'><strong>gestibus</strong></span> <span class='ocrx_word' id='word_1_128' title='bbox 1446 1157 1476 1205; x_wconf 88' lang='lat' dir='ltr'><strong>et</strong></span> <span class='ocrx_word' id='word_1_129' title='bbox 1505 1150 1635 1222; x_wconf 90' lang='lat' dir='ltr'><strong>precibus</strong></span> <span class='ocrx_word' id='word_1_130' title='bbox 1665 1149 1758 1206; x_wconf 83' lang='lat' dir='ltr'><strong>offerri</strong></span> <span class='ocrx_word' id='word_1_131' title='bbox 1786 1149 1912 1223; x_wconf 80' lang='lat' dir='ltr'><strong>tingitur,</strong></span> 
     </span>
     <span class='ocr_line' id='line_1_11' title="bbox 211 1194 1912 1309; baseline 0.001 -16"><span class='ocrx_word' id='word_1_132' title='bbox 211 1237 402 1294; x_wconf 76' lang='lat' dir='ltr'><strong>notationem.</strong></span> <span class='ocrx_word' id='word_1_133' title='bbox 451 1236 635 1293; x_wconf 89' lang='lat' dir='ltr'><strong>Bellarminus</strong></span> <span class='ocrx_word' id='word_1_134' title='bbox 664 1237 780 1309; x_wconf 89' lang='lat' dir='ltr'><strong>regerit,</strong></span> <span class='ocrx_word' id='word_1_135' title='bbox 821 1238 928 1291; x_wconf 79' lang='lat' dir='ltr'><strong>Bistam</strong></span> <span class='ocrx_word' id='word_1_136' title='bbox 959 1194 1185 1307; x_wconf 75' lang='lat' dir='ltr'><strong>triunlqnsndo</strong></span> <span class='ocrx_word' id='word_1_137' title='bbox 1216 1243 1387 1305; x_wconf 79' lang='lat' dir='ltr'><strong>asmrvatur,</strong></span> <span class='ocrx_word' id='word_1_138' title='bbox 1416 1237 1580 1306; x_wconf 89' lang='lat' dir='ltr'><strong>includitur,</strong></span> <span class='ocrx_word' id='word_1_139' title='bbox 1604 1238 1837 1309; x_wconf 86' lang='lat' dir='ltr'><strong>circumgestatur</strong></span> <span class='ocrx_word' id='word_1_140' title='bbox 1858 1242 1912 1294; x_wconf 78' lang='lat' dir='ltr'><strong>eta</strong></span> 
     </span>
     <span class='ocr_line' id='line_1_12' title="bbox 211 1322 1912 1397; baseline 0.002 -19"><span class='ocrx_word' id='word_1_141' title='bbox 211 1324 381 1379; x_wconf 75' lang='lat' dir='ltr'><strong>sermonibus</strong></span> <span class='ocrx_word' id='word_1_142' title='bbox 418 1323 559 1378; x_wconf 79' lang='lat' dir='ltr'><strong>celebrare</strong></span> <span class='ocrx_word' id='word_1_143' title='bbox 597 1325 884 1394; x_wconf 76' lang='lat' dir='ltr'><strong>cirmsmpestationem</strong></span> <span class='ocrx_word' id='word_1_144' title='bbox 919 1326 1048 1394; x_wconf 73' lang='lat' dir='ltr'><strong>eorporis</strong></span> <span class='ocrx_word' id='word_1_145' title='bbox 1073 1322 1137 1378; x_wconf 92' lang='lat' dir='ltr'><strong>ideo</strong></span> <span class='ocrx_word' id='word_1_146' title='bbox 1162 1323 1327 1392; x_wconf 90' lang='lat' dir='ltr'><strong>opponimus</strong></span> <span class='ocrx_word' id='word_1_147' title='bbox 1354 1323 1409 1378; x_wconf 93' lang='lat' dir='ltr'><strong>illis</strong></span> <span class='ocrx_word' id='word_1_148' title='bbox 1435 1324 1560 1397; x_wconf 85' lang='lat' dir='ltr'><strong>regulam</strong></span> <span class='ocrx_word' id='word_1_149' title='bbox 1586 1323 1662 1380; x_wconf 86' lang='lat' dir='ltr'><strong>illam</strong></span> <span class='ocrx_word' id='word_1_150' title='bbox 1684 1323 1856 1381; x_wconf 90' lang='lat' dir='ltr'><strong>verissimam</strong></span> <span class='ocrx_word' id='word_1_151' title='bbox 1878 1341 1912 1381; x_wconf 83' lang='lat' dir='ltr'><strong>ex</strong></span> 
     </span>
     <span class='ocr_line' id='line_1_13' title="bbox 212 1409 1911 1521; baseline 0 -54"><span class='ocrx_word' id='word_1_152' title='bbox 212 1412 344 1480; x_wconf 82' lang='lat' dir='ltr'><strong>Domini,</strong></span> <span class='ocrx_word' id='word_1_153' title='bbox 362 1412 518 1480; x_wconf 54' lang='lat' dir='ltr'><strong>&amp;saedere</strong></span> <span class='ocrx_word' id='word_1_154' title='bbox 537 1411 620 1465; x_wconf 67' lang='lat' dir='ltr'><strong>aiam</strong></span> <span class='ocrx_word' id='word_1_155' title='bbox 639 1412 986 1478; x_wconf 75' lang='lat' dir='ltr'><strong>transsubstantiationem,</strong></span> <span class='ocrx_word' id='word_1_156' title='bbox 1003 1429 1048 1464; x_wconf 90' lang='lat' dir='ltr'><strong>sa·</strong></span> <span class='ocrx_word' id='word_1_157' title='bbox 1059 1448 1062 1521; x_wconf 85' lang='lat'><strong>,</strong></span> <span class='ocrx_word' id='word_1_158' title='bbox 1074 1409 1141 1480; x_wconf 91' lang='lat' dir='ltr'><strong>ipsis</strong></span> <span class='ocrx_word' id='word_1_159' title='bbox 1160 1409 1341 1465; x_wconf 89' lang='lat' dir='ltr'><strong>institutionis</strong></span> <span class='ocrx_word' id='word_1_160' title='bbox 1361 1410 1453 1466; x_wconf 89' lang='lat' dir='ltr'><strong>verbis</strong></span> <span class='ocrx_word' id='word_1_161' title='bbox 1473 1411 1636 1468; x_wconf 87' lang='lat' dir='ltr'><strong>deductam:</strong></span> <span class='ocrx_word' id='word_1_162' title='bbox 1664 1411 1747 1467; x_wconf 74' lang='lat' dir='ltr'><strong>Nihil</strong></span> <span class='ocrx_word' id='word_1_163' title='bbox 1765 1412 1850 1467; x_wconf 84' lang='lat' dir='ltr'><strong>babet</strong></span> <span class='ocrx_word' id='word_1_164' title='bbox 1864 1428 1911 1467; x_wconf 85' lang='lat' dir='ltr'><strong>ra·</strong></span> 
     </span>
     <span class='ocr_line' id='line_1_14' title="bbox 212 1498 1912 1570; baseline 0.002 -17"><span class='ocrx_word' id='word_1_165' title='bbox 212 1498 347 1570; x_wconf 70' lang='lat' dir='ltr'><strong>ars‘jieissm</strong></span> <span class='ocrx_word' id='word_1_166' title='bbox 367 1506 392 1552; x_wconf 86' lang='lat' dir='ltr'><strong>et</strong></span> <span class='ocrx_word' id='word_1_167' title='bbox 412 1499 608 1552; x_wconf 79' lang='lat' dir='ltr'><strong>adorationem</strong></span> <span class='ocrx_word' id='word_1_168' title='bbox 628 1498 816 1552; x_wconf 70' lang='lat' dir='ltr'><strong>mariamniae</strong></span> <span class='ocrx_word' id='word_1_169' title='bbox 835 1505 887 1556; x_wconf 87' lang='lat' dir='ltr'><strong>etc.</strong></span> <span class='ocrx_word' id='word_1_170' title='bbox 922 1498 1175 1569; x_wconf 72' lang='lat' dir='ltr'><strong>limpor-tionem</strong></span> <span class='ocrx_word' id='word_1_171' title='bbox 1198 1499 1369 1552; x_wconf 81' lang='lat' dir='ltr'><strong>sacramenti</strong></span> <span class='ocrx_word' id='word_1_172' title='bbox 1390 1506 1469 1553; x_wconf 77' lang='lat' dir='ltr'><strong>entra</strong></span> <span class='ocrx_word' id='word_1_173' title='bbox 1491 1517 1572 1552; x_wconf 74' lang='lat' dir='ltr'><strong>amem</strong></span> <span class='ocrx_word' id='word_1_174' title='bbox 1592 1499 1728 1553; x_wconf 79' lang='lat' dir='ltr'><strong>divinitus</strong></span> <span class='ocrx_word' id='word_1_175' title='bbox 1745 1498 1912 1557; x_wconf 77' lang='lat' dir='ltr'><strong>institutam.</strong></span> 
     </span>
     <span class='ocr_line' id='line_1_15' title="bbox 212 1583 1913 1660; baseline 0.001 -20"><span class='ocrx_word' id='word_1_176' title='bbox 212 1585 325 1640; x_wconf 77' lang='lat' dir='ltr'><strong>demuse</strong></span> <span class='ocrx_word' id='word_1_177' title='bbox 351 1583 461 1641; x_wconf 82' lang='lat' dir='ltr'><strong>Sufficit</strong></span> <span class='ocrx_word' id='word_1_178' title='bbox 476 1584 570 1654; x_wconf 81' lang='lat' dir='ltr'><strong>uobis,</strong></span> <span class='ocrx_word' id='word_1_179' title='bbox 588 1585 662 1657; x_wconf 91' lang='lat' dir='ltr'><strong>quod</strong></span> <span class='ocrx_word' id='word_1_180' title='bbox 680 1585 740 1639; x_wconf 87' lang='lat' dir='ltr'><strong>Biel</strong></span> <span class='ocrx_word' id='word_1_181' title='bbox 759 1584 900 1657; x_wconf 90' lang='lat' dir='ltr'><strong>agnoscit,</strong></span> <span class='ocrx_word' id='word_1_182' title='bbox 924 1602 1047 1641; x_wconf 87' lang='lat' dir='ltr'><strong>asserva·</strong></span> <span class='ocrx_word' id='word_1_183' title='bbox 1075 1584 1149 1641; x_wconf 87' lang='lat' dir='ltr'><strong>Usus</strong></span> <span class='ocrx_word' id='word_1_184' title='bbox 1169 1591 1261 1639; x_wconf 90' lang='lat' dir='ltr'><strong>autem</strong></span> <span class='ocrx_word' id='word_1_185' title='bbox 1280 1585 1328 1640; x_wconf 91' lang='lat' dir='ltr'><strong>ille</strong></span> <span class='ocrx_word' id='word_1_186' title='bbox 1346 1584 1498 1640; x_wconf 89' lang='lat' dir='ltr'><strong>rectissime</strong></span> <span class='ocrx_word' id='word_1_187' title='bbox 1515 1585 1646 1641; x_wconf 77' lang='lat' dir='ltr'><strong>definitiss</strong></span> <span class='ocrx_word' id='word_1_188' title='bbox 1661 1589 1722 1642; x_wconf 86' lang='lat' dir='ltr'><strong>tota</strong></span> <span class='ocrx_word' id='word_1_189' title='bbox 1738 1604 1788 1645; x_wconf 90' lang='lat' dir='ltr'><strong>sea</strong></span> <span class='ocrx_word' id='word_1_190' title='bbox 1802 1588 1913 1660; x_wconf 78' lang='lat' dir='ltr'><strong>integra</strong></span> 
     </span>
    </p>

    <p class='ocr_par' dir='ltr' id='par_1_7' title="bbox 211 1670 1915 1831">
     <span class='ocr_line' id='line_1_16' title="bbox 211 1670 1913 1745; baseline 0.003 -20"><span class='ocrx_word' id='word_1_191' title='bbox 211 1671 315 1727; x_wconf 87' lang='lat' dir='ltr'><strong>tionem</strong></span> <span class='ocrx_word' id='word_1_192' title='bbox 332 1670 515 1727; x_wconf 86' lang='lat' dir='ltr'><strong>eucharistiae</strong></span> <span class='ocrx_word' id='word_1_193' title='bbox 533 1687 659 1742; x_wconf 89' lang='lat' dir='ltr'><strong>pugnare</strong></span> <span class='ocrx_word' id='word_1_194' title='bbox 677 1687 740 1726; x_wconf 91' lang='lat' dir='ltr'><strong>cum</strong></span> <span class='ocrx_word' id='word_1_195' title='bbox 756 1671 847 1727; x_wconf 85' lang='lat' dir='ltr'><strong>verbis</strong></span> <span class='ocrx_word' id='word_1_196' title='bbox 858 1671 1048 1739; x_wconf 88' lang='lat' dir='ltr'><strong>iustitutionis,</strong></span> <span class='ocrx_word' id='word_1_197' title='bbox 1074 1671 1123 1728; x_wconf 89' lang='lat' dir='ltr'><strong>illa</strong></span> <span class='ocrx_word' id='word_1_198' title='bbox 1143 1673 1265 1741; x_wconf 74' lang='lat' dir='ltr'><strong>actone,</strong></span> <span class='ocrx_word' id='word_1_199' title='bbox 1291 1687 1363 1743; x_wconf 89' lang='lat' dir='ltr'><strong>quae</strong></span> <span class='ocrx_word' id='word_1_200' title='bbox 1386 1671 1415 1726; x_wconf 89' lang='lat' dir='ltr'><strong>in</strong></span> <span class='ocrx_word' id='word_1_201' title='bbox 1439 1672 1531 1728; x_wconf 82' lang='lat' dir='ltr'><strong>verbis</strong></span> <span class='ocrx_word' id='word_1_202' title='bbox 1548 1672 1731 1728; x_wconf 90' lang='lat' dir='ltr'><strong>institutionis</strong></span> <span class='ocrx_word' id='word_1_203' title='bbox 1749 1674 1913 1745; x_wconf 88' lang='lat' dir='ltr'><strong>praescribi·</strong></span> 
     </span>
     <span class='ocr_line' id='line_1_17' title="bbox 212 1757 1915 1831; baseline 0.003 -18"><span class='ocrx_word' id='word_1_204' title='bbox 212 1758 338 1831; x_wconf 82' lang='lat' dir='ltr'><strong>quamvis</strong></span> <span class='ocrx_word' id='word_1_205' title='bbox 382 1764 475 1814; x_wconf 88' lang='lat' dir='ltr'><strong>sutem</strong></span> <span class='ocrx_word' id='word_1_206' title='bbox 512 1774 572 1814; x_wconf 87' lang='lat' dir='ltr'><strong>eam</strong></span> <span class='ocrx_word' id='word_1_207' title='bbox 609 1764 640 1813; x_wconf 89' lang='lat' dir='ltr'><strong>ut</strong></span> <span class='ocrx_word' id='word_1_208' title='bbox 674 1757 702 1814; x_wconf 86' lang='lat' dir='ltr'><strong>¹ct</strong></span> <span class='ocrx_word' id='word_1_209' title='bbox 738 1759 871 1830; x_wconf 80' lang='lat' dir='ltr'><strong>dogmata</strong></span> <span class='ocrx_word' id='word_1_210' title='bbox 908 1758 1049 1830; x_wconf 88' lang='lat' dir='ltr'><strong>complura</strong></span> <span class='ocrx_word' id='word_1_211' title='bbox 1074 1763 1121 1813; x_wconf 89' lang='lat' dir='ltr'><strong>tur</strong></span> <span class='ocrx_word' id='word_1_212' title='bbox 1142 1765 1171 1814; x_wconf 89' lang='lat' dir='ltr'><strong>st</strong></span> <span class='ocrx_word' id='word_1_213' title='bbox 1193 1758 1348 1814; x_wconf 88' lang='lat' dir='ltr'><strong>mandatur.</strong></span> <span class='ocrx_word' id='word_1_214' title='bbox 1398 1758 1470 1814; x_wconf 87' lang='lat' dir='ltr'><strong>Tuta</strong></span> <span class='ocrx_word' id='word_1_215' title='bbox 1488 1758 1561 1813; x_wconf 89' lang='lat' dir='ltr'><strong>enim</strong></span> <span class='ocrx_word' id='word_1_216' title='bbox 1580 1760 1653 1814; x_wconf 88' lang='lat' dir='ltr'><strong>actio</strong></span> <span class='ocrx_word' id='word_1_217' title='bbox 1672 1761 1857 1817; x_wconf 77' lang='lat' dir='ltr'><strong>eucharistias</strong></span> <span class='ocrx_word' id='word_1_218' title='bbox 1872 1767 1915 1818; x_wconf 88' lang='lat' dir='ltr'><strong>est</strong></span> 
     </span>
    </p>

    <p class='ocr_par' dir='ltr' id='par_1_8' title="bbox 213 1842 1915 1919">
     <span class='ocr_line' id='line_1_18' title="bbox 213 1842 1915 1919; baseline 0.003 -19"><span class='ocrx_word' id='word_1_219' title='bbox 213 1846 269 1900; x_wconf 88' lang='lat' dir='ltr'><strong>slis</strong></span> <span class='ocrx_word' id='word_1_220' title='bbox 294 1846 322 1900; x_wconf 95' lang='lat' dir='ltr'><strong>in</strong></span> <span class='ocrx_word' id='word_1_221' title='bbox 352 1842 483 1901; x_wconf 81' lang='lat' dir='ltr'><strong>houmem</strong></span> <span class='ocrx_word' id='word_1_222' title='bbox 507 1845 640 1901; x_wconf 87' lang='lat' dir='ltr'><strong>ecclesiae</strong></span> <span class='ocrx_word' id='word_1_223' title='bbox 663 1845 804 1901; x_wconf 83' lang='lat' dir='ltr'><strong>Romanae</strong></span> <span class='ocrx_word' id='word_1_224' title='bbox 832 1845 982 1913; x_wconf 82' lang='lat' dir='ltr'><strong>defendat,</strong></span> <span class='ocrx_word' id='word_1_225' title='bbox 1019 1845 1048 1900; x_wconf 90' lang='lat' dir='ltr'><strong>id</strong></span> <span class='ocrx_word' id='word_1_226' title='bbox 1077 1861 1200 1900; x_wconf 85' lang='lat' dir='ltr'><strong>connexa</strong></span> <span class='ocrx_word' id='word_1_227' title='bbox 1223 1851 1251 1900; x_wconf 88' lang='lat' dir='ltr'><strong>ct</strong></span> <span class='ocrx_word' id='word_1_228' title='bbox 1277 1845 1312 1900; x_wconf 89' lang='lat' dir='ltr'><strong>ad</strong></span> <span class='ocrx_word' id='word_1_229' title='bbox 1335 1851 1422 1900; x_wconf 85' lang='lat' dir='ltr'><strong>totam</strong></span> <span class='ocrx_word' id='word_1_230' title='bbox 1440 1844 1516 1900; x_wconf 87' lang='lat' dir='ltr'><strong>illam</strong></span> <span class='ocrx_word' id='word_1_231' title='bbox 1534 1847 1670 1902; x_wconf 89' lang='lat' dir='ltr'><strong>actionem</strong></span> <span class='ocrx_word' id='word_1_232' title='bbox 1688 1848 1829 1919; x_wconf 88' lang='lat' dir='ltr'><strong>pertinent</strong></span> <span class='ocrx_word' id='word_1_233' title='bbox 1846 1849 1915 1905; x_wconf 85' lang='lat' dir='ltr'><strong>haec</strong></span> 
     </span>
    </p>

    <p class='ocr_par' dir='ltr' id='par_1_9' title="bbox 215 1931 1915 2006">
     <span class='ocr_line' id='line_1_19' title="bbox 215 1931 1915 2006; baseline 0 -18"><span class='ocrx_word' id='word_1_234' title='bbox 215 1934 306 2004; x_wconf 90' lang='lat' dir='ltr'><strong>ipsum</strong></span> <span class='ocrx_word' id='word_1_235' title='bbox 323 1937 416 1988; x_wconf 84' lang='lat' dir='ltr'><strong>tamen</strong></span> <span class='ocrx_word' id='word_1_236' title='bbox 433 1932 544 1988; x_wconf 87' lang='lat' dir='ltr'><strong>veritati</strong></span> <span class='ocrx_word' id='word_1_237' title='bbox 562 1931 675 1988; x_wconf 91' lang='lat' dir='ltr'><strong>minime</strong></span> <span class='ocrx_word' id='word_1_238' title='bbox 692 1932 812 1987; x_wconf 92' lang='lat' dir='ltr'><strong>omnium</strong></span> <span class='ocrx_word' id='word_1_239' title='bbox 832 1932 1013 2003; x_wconf 88' lang='lat' dir='ltr'><strong>praejudicat.</strong></span> <span class='ocrx_word' id='word_1_240' title='bbox 1075 1931 1177 1987; x_wconf 85' lang='lat' dir='ltr'><strong>verba:</strong></span> <span class='ocrx_word' id='word_1_241' title='bbox 1204 1931 1256 1984; x_wconf 86' lang='lat' dir='ltr'><strong>boe</strong></span> <span class='ocrx_word' id='word_1_242' title='bbox 1281 1938 1323 1984; x_wconf 87' lang='lat' dir='ltr'><strong>est</strong></span> <span class='ocrx_word' id='word_1_243' title='bbox 1344 1948 1446 2001; x_wconf 82' lang='lat' dir='ltr'><strong>corpus</strong></span> <span class='ocrx_word' id='word_1_244' title='bbox 1462 1948 1558 1987; x_wconf 74' lang='lat' dir='ltr'><strong>marm.</strong></span> <span class='ocrx_word' id='word_1_245' title='bbox 1595 1932 1641 1987; x_wconf 90' lang='lat' dir='ltr'><strong>De</strong></span> <span class='ocrx_word' id='word_1_246' title='bbox 1660 1933 1709 1988; x_wconf 91' lang='lat' dir='ltr'><strong>illo</strong></span> <span class='ocrx_word' id='word_1_247' title='bbox 1729 1933 1814 2006; x_wconf 88' lang='lat' dir='ltr'><strong>igitur</strong></span> <span class='ocrx_word' id='word_1_248' title='bbox 1835 1950 1915 2006; x_wconf 81' lang='lat' dir='ltr'><strong>pana,</strong></span> 
     </span>
    </p>

    <p class='ocr_par' dir='ltr' id='par_1_10' title="bbox 86 2015 1915 2265">
     <span class='ocr_line' id='line_1_20' title="bbox 86 2015 1914 2094; baseline 0.001 -18"><span class='ocrx_word' id='word_1_249' title='bbox 86 2025 172 2068; x_wconf 75' lang='lat' dir='ltr'><strong>sevar-</strong></span> <span class='ocrx_word' id='word_1_250' title='bbox 253 2025 310 2077; x_wconf 81' lang='lat' dir='ltr'><strong>tut.</strong></span> <span class='ocrx_word' id='word_1_251' title='bbox 329 2018 507 2076; x_wconf 86' lang='lat' dir='ltr'><strong>Ostendimus</strong></span> <span class='ocrx_word' id='word_1_252' title='bbox 524 2019 616 2090; x_wconf 87' lang='lat' dir='ltr'><strong>igitur,</strong></span> <span class='ocrx_word' id='word_1_253' title='bbox 634 2018 846 2073; x_wconf 83' lang='lat' dir='ltr'><strong>asservationem</strong></span> <span class='ocrx_word' id='word_1_254' title='bbox 865 2017 1049 2074; x_wconf 86' lang='lat' dir='ltr'><strong>eucharistiae</strong></span> <span class='ocrx_word' id='word_1_255' title='bbox 1076 2017 1124 2088; x_wconf 91' lang='lat' dir='ltr'><strong>qai</strong></span> <span class='ocrx_word' id='word_1_256' title='bbox 1142 2015 1330 2085; x_wconf 86' lang='lat' dir='ltr'><strong>benedicitur,</strong></span> <span class='ocrx_word' id='word_1_257' title='bbox 1353 2017 1403 2089; x_wconf 91' lang='lat' dir='ltr'><strong>qui</strong></span> <span class='ocrx_word' id='word_1_258' title='bbox 1420 2016 1567 2090; x_wconf 81' lang='lat' dir='ltr'><strong>frangitur,</strong></span> <span class='ocrx_word' id='word_1_259' title='bbox 1584 2036 1632 2074; x_wconf 90' lang='lat' dir='ltr'><strong>seu</strong></span> <span class='ocrx_word' id='word_1_260' title='bbox 1652 2019 1841 2090; x_wconf 71' lang='lat' dir='ltr'><strong>distribuitur,</strong></span> <span class='ocrx_word' id='word_1_261' title='bbox 1862 2021 1914 2094; x_wconf 90' lang='lat' dir='ltr'><strong>qui</strong></span> 
     </span>
     <span class='ocr_line' id='line_1_21' title="bbox 87 2078 1914 2179; baseline 0.002 -18"><span class='ocrx_word' id='word_1_262' title='bbox 87 2078 196 2178; x_wconf 54' lang='grc' dir='ltr'><strong>ἔζηῗῖζῗ</strong></span> <span class='ocrx_word' id='word_1_263' title='bbox 215 2124 271 2161; x_wconf 92' lang='lat' dir='ltr'><strong>uon</strong></span> <span class='ocrx_word' id='word_1_264' title='bbox 297 2107 383 2163; x_wconf 90' lang='lat' dir='ltr'><strong>solum</strong></span> <span class='ocrx_word' id='word_1_265' title='bbox 409 2106 521 2162; x_wconf 90' lang='lat' dir='ltr'><strong>destitui</strong></span> <span class='ocrx_word' id='word_1_266' title='bbox 545 2106 669 2177; x_wconf 83' lang='lat' dir='ltr'><strong>exemplo</strong></span> <span class='ocrx_word' id='word_1_267' title='bbox 686 2104 789 2160; x_wconf 79' lang='lat' dir='ltr'><strong>Christi</strong></span> <span class='ocrx_word' id='word_1_268' title='bbox 806 2110 834 2161; x_wconf 92' lang='lat' dir='ltr'><strong>et</strong></span> <span class='ocrx_word' id='word_1_269' title='bbox 854 2105 1049 2176; x_wconf 88' lang='lat' dir='ltr'><strong>apostolorum,</strong></span> <span class='ocrx_word' id='word_1_270' title='bbox 1077 2103 1213 2175; x_wconf 85' lang='lat' dir='ltr'><strong>accipitur</strong></span> <span class='ocrx_word' id='word_1_271' title='bbox 1230 2109 1259 2159; x_wconf 85' lang='lat' dir='ltr'><strong>et</strong></span> <span class='ocrx_word' id='word_1_272' title='bbox 1276 2103 1475 2174; x_wconf 88' lang='lat' dir='ltr'><strong>manducatur,</strong></span> <span class='ocrx_word' id='word_1_273' title='bbox 1494 2105 1529 2161; x_wconf 88' lang='lat' dir='ltr'><strong>de</strong></span> <span class='ocrx_word' id='word_1_274' title='bbox 1546 2105 1594 2159; x_wconf 92' lang='lat' dir='ltr'><strong>illo</strong></span> <span class='ocrx_word' id='word_1_275' title='bbox 1612 2106 1725 2179; x_wconf 89' lang='lat' dir='ltr'><strong>inquam</strong></span> <span class='ocrx_word' id='word_1_276' title='bbox 1743 2124 1817 2178; x_wconf 88' lang='lat' dir='ltr'><strong>pane</strong></span> <span class='ocrx_word' id='word_1_277' title='bbox 1837 2107 1914 2164; x_wconf 81' lang='lat' dir='ltr'><strong>curt·</strong></span> 
     </span>
     <span class='ocr_line' id='line_1_22' title="bbox 86 2181 1915 2265; baseline 0.002 -17"><span class='ocrx_word' id='word_1_278' title='bbox 86 2181 172 2222; x_wconf 71' lang='lat'><strong>&#39;&#39;⁸¹⁰¹&#39;‘</strong></span> <span class='ocrx_word' id='word_1_279' title='bbox 216 2193 265 2248; x_wconf 86' lang='lat' dir='ltr'><strong>sed</strong></span> <span class='ocrx_word' id='word_1_280' title='bbox 283 2193 367 2248; x_wconf 90' lang='lat' dir='ltr'><strong>stiam</strong></span> <span class='ocrx_word' id='word_1_281' title='bbox 384 2192 508 2248; x_wconf 90' lang='lat' dir='ltr'><strong>unanimi</strong></span> <span class='ocrx_word' id='word_1_282' title='bbox 527 2192 682 2265; x_wconf 85' lang='lat' dir='ltr'><strong>primitivae</strong></span> <span class='ocrx_word' id='word_1_283' title='bbox 694 2192 826 2248; x_wconf 91' lang='lat' dir='ltr'><strong>ecclesiae</strong></span> <span class='ocrx_word' id='word_1_284' title='bbox 843 2191 1049 2255; x_wconf 85' lang='lat' dir='ltr'><strong>consuetudins,</strong></span> <span class='ocrx_word' id='word_1_285' title='bbox 1076 2197 1134 2245; x_wconf 91' lang='lat' dir='ltr'><strong>stus</strong></span> <span class='ocrx_word' id='word_1_286' title='bbox 1153 2188 1237 2245; x_wconf 89' lang='lat' dir='ltr'><strong>dicit:</strong></span> <span class='ocrx_word' id='word_1_287' title='bbox 1275 2191 1339 2245; x_wconf 87' lang='lat' dir='ltr'><strong>Hoc</strong></span> <span class='ocrx_word' id='word_1_288' title='bbox 1357 2199 1397 2245; x_wconf 88' lang='lat' dir='ltr'><strong>est</strong></span> <span class='ocrx_word' id='word_1_289' title='bbox 1414 2208 1516 2262; x_wconf 77' lang='lat' dir='ltr'><strong>corpas</strong></span> <span class='ocrx_word' id='word_1_290' title='bbox 1534 2208 1640 2262; x_wconf 76' lang='lat' dir='ltr'><strong>menm5</strong></span> <span class='ocrx_word' id='word_1_291' title='bbox 1659 2199 1687 2248; x_wconf 89' lang='lat' dir='ltr'><strong>et</strong></span> <span class='ocrx_word' id='word_1_292' title='bbox 1702 2192 1808 2249; x_wconf 88' lang='lat' dir='ltr'><strong>Paulas</strong></span> <span class='ocrx_word' id='word_1_293' title='bbox 1826 2194 1915 2252; x_wconf 68' lang='lat' dir='ltr'><strong>man</strong></span> 
     </span>
    </p>
   </div>
   <div class='ocr_carea' id='block_1_3' title="bbox 87 2242 1914 2352">
    <p class='ocr_par' dir='ltr' id='par_1_11' title="bbox 87 2242 1914 2352">
     <span class='ocr_line' id='line_1_23' title="bbox 87 2242 1914 2352; baseline 0.002 -18"><span class='ocrx_word' id='word_1_294' title='bbox 87 2242 163 2325; x_wconf 44' lang='lat' dir='ltr'><strong>iiiii</strong></span> <span class='ocrx_word' id='word_1_295' title='bbox 216 2296 249 2335; x_wconf 85' lang='lat' dir='ltr'><strong>ex</strong></span> <span class='ocrx_word' id='word_1_296' title='bbox 276 2296 330 2352; x_wconf 92' lang='lat' dir='ltr'><strong>quo</strong></span> <span class='ocrx_word' id='word_1_297' title='bbox 350 2279 503 2352; x_wconf 82' lang='lat' dir='ltr'><strong>colligitur,</strong></span> <span class='ocrx_word' id='word_1_298' title='bbox 529 2279 659 2336; x_wconf 89' lang='lat' dir='ltr'><strong>ecclesias</strong></span> <span class='ocrx_word' id='word_1_299' title='bbox 677 2285 785 2334; x_wconf 72' lang='lat' dir='ltr'><strong>nostes</strong></span> <span class='ocrx_word' id='word_1_300' title='bbox 805 2278 906 2348; x_wconf 86' lang='lat' dir='ltr'><strong>injuste</strong></span> <span class='ocrx_word' id='word_1_301' title='bbox 926 2278 1050 2333; x_wconf 87' lang='lat' dir='ltr'><strong>accusari</strong></span> <span class='ocrx_word' id='word_1_302' title='bbox 1074 2276 1142 2348; x_wconf 90' lang='lat' dir='ltr'><strong>pani</strong></span> <span class='ocrx_word' id='word_1_303' title='bbox 1166 2275 1277 2345; x_wconf 87' lang='lat' dir='ltr'><strong>tribuit,</strong></span> <span class='ocrx_word' id='word_1_304' title='bbox 1305 2277 1379 2348; x_wconf 89' lang='lat' dir='ltr'><strong>quod</strong></span> <span class='ocrx_word' id='word_1_305' title='bbox 1403 2277 1441 2331; x_wconf 90' lang='lat' dir='ltr'><strong>sit</strong></span> <span class='ocrx_word' id='word_1_306' title='bbox 1467 2279 1680 2333; x_wconf 80' lang='lat' dir='ltr'><strong>communicatis</strong></span> <span class='ocrx_word' id='word_1_307' title='bbox 1705 2282 1837 2351; x_wconf 81' lang='lat' dir='ltr'><strong>eorporis</strong></span> <span class='ocrx_word' id='word_1_308' title='bbox 1857 2287 1914 2338; x_wconf 87' lang='lat' dir='ltr'><strong>Do·</strong></span> 
     </span>
    </p>
   </div>
   <div class='ocr_carea' id='block_1_4' title="bbox 86 2339 1915 5566">
    <p class='ocr_par' dir='ltr' id='par_1_12' title="bbox 86 2339 1915 4871">
     <span class='ocr_line' id='line_1_24' title="bbox 86 2339 1914 2438; baseline 0.003 -19"><span class='ocrx_word' id='word_1_309' title='bbox 86 2339 179 2429; x_wconf 37' lang='lat' dir='ltr'><strong>{1⁸:¹⁸⁸sp</strong></span> <span class='ocrx_word' id='word_1_310' title='bbox 215 2370 244 2420; x_wconf 87' lang='lat' dir='ltr'><strong>et</strong></span> <span class='ocrx_word' id='word_1_311' title='bbox 268 2366 393 2422; x_wconf 89' lang='lat' dir='ltr'><strong>damnari</strong></span> <span class='ocrx_word' id='word_1_312' title='bbox 410 2371 525 2438; x_wconf 88' lang='lat' dir='ltr'><strong>propter</strong></span> <span class='ocrx_word' id='word_1_313' title='bbox 541 2383 597 2421; x_wconf 87' lang='lat' dir='ltr'><strong>non</strong></span> <span class='ocrx_word' id='word_1_314' title='bbox 615 2364 789 2421; x_wconf 83' lang='lat' dir='ltr'><strong>observatam</strong></span> <span class='ocrx_word' id='word_1_315' title='bbox 807 2363 991 2420; x_wconf 88' lang='lat' dir='ltr'><strong>eucharistiae</strong></span> <span class='ocrx_word' id='word_1_316' title='bbox 1008 2381 1049 2420; x_wconf 87' lang='lat' dir='ltr'><strong>re·</strong></span> <span class='ocrx_word' id='word_1_317' title='bbox 1075 2362 1444 2432; x_wconf 85' lang='lat' dir='ltr'><strong>minit.Cor.10,v.tb.</strong></span> <span class='ocrx_word' id='word_1_318' title='bbox 1478 2365 1568 2418; x_wconf 81' lang='lat' dir='ltr'><strong>Actus</strong></span> <span class='ocrx_word' id='word_1_319' title='bbox 1585 2366 1814 2433; x_wconf 85' lang='lat' dir='ltr'><strong>sacramentales,</strong></span> <span class='ocrx_word' id='word_1_320' title='bbox 1839 2366 1914 2424; x_wconf 73' lang='lat' dir='ltr'><strong>vide</strong></span> 
     </span>
     <span class='ocr_line' id='line_1_25' title="bbox 214 2449 1914 2525; baseline 0.002 -19"><span class='ocrx_word' id='word_1_321' title='bbox 214 2453 405 2509; x_wconf 68' lang='lat' dir='ltr'><strong>sanationem.</strong></span> <span class='ocrx_word' id='word_1_322' title='bbox 440 2452 606 2517; x_wconf 88' lang='lat' dir='ltr'><strong>Videamus,</strong></span> <span class='ocrx_word' id='word_1_323' title='bbox 625 2452 693 2525; x_wconf 91' lang='lat' dir='ltr'><strong>quid</strong></span> <span class='ocrx_word' id='word_1_324' title='bbox 711 2450 861 2507; x_wconf 85' lang='lat' dir='ltr'><strong>adversarii</strong></span> <span class='ocrx_word' id='word_1_325' title='bbox 880 2468 930 2522; x_wconf 92' lang='lat' dir='ltr'><strong>pro</strong></span> <span class='ocrx_word' id='word_1_326' title='bbox 949 2467 983 2506; x_wconf 90' lang='lat' dir='ltr'><strong>ea</strong></span> <span class='ocrx_word' id='word_1_327' title='bbox 999 2450 1047 2504; x_wconf 92' lang='lat' dir='ltr'><strong>ad·</strong></span> <span class='ocrx_word' id='word_1_328' title='bbox 1075 2450 1141 2506; x_wconf 89' lang='lat' dir='ltr'><strong>licet</strong></span> <span class='ocrx_word' id='word_1_329' title='bbox 1167 2449 1352 2518; x_wconf 89' lang='lat' dir='ltr'><strong>consecratio,</strong></span> <span class='ocrx_word' id='word_1_330' title='bbox 1376 2450 1475 2507; x_wconf 82' lang='lat' dir='ltr'><strong>tractio</strong></span> <span class='ocrx_word' id='word_1_331' title='bbox 1500 2450 1558 2505; x_wconf 90' lang='lat' dir='ltr'><strong>sive</strong></span> <span class='ocrx_word' id='word_1_332' title='bbox 1578 2450 1736 2508; x_wconf 89' lang='lat' dir='ltr'><strong>distributio</strong></span> <span class='ocrx_word' id='word_1_333' title='bbox 1757 2460 1787 2509; x_wconf 91' lang='lat' dir='ltr'><strong>et</strong></span> <span class='ocrx_word' id='word_1_334' title='bbox 1804 2453 1914 2525; x_wconf 90' lang='lat' dir='ltr'><strong>sumtio,</strong></span> 
     </span>
     <span class='ocr_line' id='line_1_26' title="bbox 212 2535 1914 2608; baseline 0.002 -13"><span class='ocrx_word' id='word_1_335' title='bbox 212 2539 311 2596; x_wconf 85' lang='lat' dir='ltr'><strong>ferant</strong></span> <span class='ocrx_word' id='word_1_336' title='bbox 349 2537 503 2595; x_wconf 75' lang='lat' dir='ltr'><strong>Concilium</strong></span> <span class='ocrx_word' id='word_1_337' title='bbox 518 2539 693 2595; x_wconf 79' lang='lat' dir='ltr'><strong>&#39;Ibidentium</strong></span> <span class='ocrx_word' id='word_1_338' title='bbox 711 2554 776 2593; x_wconf 88' lang='lat' dir='ltr'><strong>sess.</strong></span> <span class='ocrx_word' id='word_1_339' title='bbox 800 2543 838 2594; x_wconf 83' lang='lat'><strong>13.</strong></span> <span class='ocrx_word' id='word_1_340' title='bbox 857 2555 880 2592; x_wconf 89' lang='lat' dir='ltr'><strong>c.</strong></span> <span class='ocrx_word' id='word_1_341' title='bbox 902 2543 926 2593; x_wconf 86' lang='grc'><strong>6.</strong></span> <span class='ocrx_word' id='word_1_342' title='bbox 944 2537 1048 2604; x_wconf 84' lang='lat' dir='ltr'><strong>statuit,</strong></span> <span class='ocrx_word' id='word_1_343' title='bbox 1075 2537 1204 2593; x_wconf 90' lang='lat' dir='ltr'><strong>videlicet</strong></span> <span class='ocrx_word' id='word_1_344' title='bbox 1228 2535 1405 2592; x_wconf 89' lang='lat' dir='ltr'><strong>manducatio</strong></span> <span class='ocrx_word' id='word_1_345' title='bbox 1430 2543 1459 2592; x_wconf 89' lang='lat' dir='ltr'><strong>et</strong></span> <span class='ocrx_word' id='word_1_346' title='bbox 1484 2535 1597 2608; x_wconf 90' lang='lat' dir='ltr'><strong>bibitio,</strong></span> <span class='ocrx_word' id='word_1_347' title='bbox 1621 2543 1686 2593; x_wconf 88' lang='lat' dir='ltr'><strong>sunt</strong></span> <span class='ocrx_word' id='word_1_348' title='bbox 1713 2539 1832 2596; x_wconf 89' lang='lat' dir='ltr'><strong>invicem</strong></span> <span class='ocrx_word' id='word_1_349' title='bbox 1850 2540 1914 2598; x_wconf 85' lang='lat' dir='ltr'><strong>sub·</strong></span> 
     </span>
     <span class='ocr_line' id='line_1_27' title="bbox 213 2623 1914 2683; baseline 0.003 -5"><span class='ocrx_word' id='word_1_350' title='bbox 213 2626 389 2679; x_wconf 83' lang='lat' dir='ltr'><strong>retinendum</strong></span> <span class='ocrx_word' id='word_1_351' title='bbox 414 2625 525 2682; x_wconf 88' lang='lat' dir='ltr'><strong>omnino</strong></span> <span class='ocrx_word' id='word_1_352' title='bbox 549 2625 704 2679; x_wconf 81' lang='lat' dir='ltr'><strong>salutarem</strong></span> <span class='ocrx_word' id='word_1_353' title='bbox 728 2624 800 2677; x_wconf 84' lang='lat' dir='ltr'><strong>bunc</strong></span> <span class='ocrx_word' id='word_1_354' title='bbox 819 2632 845 2677; x_wconf 89' lang='lat' dir='ltr'><strong>et</strong></span> <span class='ocrx_word' id='word_1_355' title='bbox 864 2625 1049 2678; x_wconf 85' lang='lat' dir='ltr'><strong>necessarium</strong></span> <span class='ocrx_word' id='word_1_356' title='bbox 1075 2623 1194 2679; x_wconf 88' lang='lat' dir='ltr'><strong>ordinati</strong></span> <span class='ocrx_word' id='word_1_357' title='bbox 1211 2630 1240 2679; x_wconf 86' lang='lat' dir='ltr'><strong>et</strong></span> <span class='ocrx_word' id='word_1_358' title='bbox 1256 2624 1285 2678; x_wconf 88' lang='lat' dir='ltr'><strong>ia</strong></span> <span class='ocrx_word' id='word_1_359' title='bbox 1305 2623 1544 2679; x_wconf 88' lang='lat' dir='ltr'><strong>administratione</strong></span> <span class='ocrx_word' id='word_1_360' title='bbox 1561 2639 1657 2680; x_wconf 85' lang='lat' dir='ltr'><strong>sacrae</strong></span> <span class='ocrx_word' id='word_1_361' title='bbox 1673 2641 1777 2682; x_wconf 87' lang='lat' dir='ltr'><strong>coenae</strong></span> <span class='ocrx_word' id='word_1_362' title='bbox 1797 2627 1826 2680; x_wconf 85' lang='lat' dir='ltr'><strong>vi</strong></span> <span class='ocrx_word' id='word_1_363' title='bbox 1843 2627 1914 2683; x_wconf 83' lang='lat' dir='ltr'><strong>divi-</strong></span> 
     </span>
     <span class='ocr_line' id='line_1_28' title="bbox 214 2709 1912 2786; baseline 0.004 -22"><span class='ocrx_word' id='word_1_364' title='bbox 214 2729 325 2768; x_wconf 80' lang='lat' dir='ltr'><strong>morem.</strong></span> <span class='ocrx_word' id='word_1_365' title='bbox 345 2728 405 2767; x_wconf 83' lang='lat' dir='ltr'><strong>can.</strong></span> <span class='ocrx_word' id='word_1_366' title='bbox 427 2718 450 2767; x_wconf 86' lang='lat' dir='ltr'><strong>t.</strong></span> <span class='ocrx_word' id='word_1_367' title='bbox 470 2711 617 2768; x_wconf 88' lang='lat' dir='ltr'><strong>anathema</strong></span> <span class='ocrx_word' id='word_1_368' title='bbox 627 2710 797 2782; x_wconf 87' lang='lat' dir='ltr'><strong>pronuntiet,</strong></span> <span class='ocrx_word' id='word_1_369' title='bbox 817 2711 844 2762; x_wconf 88' lang='lat' dir='ltr'><strong>si</strong></span> <span class='ocrx_word' id='word_1_370' title='bbox 857 2711 921 2781; x_wconf 82' lang='lat' dir='ltr'><strong>quis</strong></span> <span class='ocrx_word' id='word_1_371' title='bbox 938 2711 1050 2779; x_wconf 78' lang='lat' dir='ltr'><strong>dicerit,</strong></span> <span class='ocrx_word' id='word_1_372' title='bbox 1075 2727 1128 2766; x_wconf 90' lang='lat' dir='ltr'><strong>uae</strong></span> <span class='ocrx_word' id='word_1_373' title='bbox 1149 2710 1332 2765; x_wconf 88' lang='lat' dir='ltr'><strong>iustitutionis</strong></span> <span class='ocrx_word' id='word_1_374' title='bbox 1357 2709 1541 2765; x_wconf 87' lang='lat' dir='ltr'><strong>essentialiter</strong></span> <span class='ocrx_word' id='word_1_375' title='bbox 1565 2713 1693 2781; x_wconf 84' lang='lat' dir='ltr'><strong>connexi,</strong></span> <span class='ocrx_word' id='word_1_376' title='bbox 1724 2712 1864 2786; x_wconf 90' lang='lat' dir='ltr'><strong>iidemque</strong></span> <span class='ocrx_word' id='word_1_377' title='bbox 1878 2714 1912 2770; x_wconf 71' lang='lat' dir='ltr'><strong>a</strong></span> 
     </span>
     <span class='ocr_line' id='line_1_29' title="bbox 215 2795 1911 2866; baseline 0.003 -15"><span class='ocrx_word' id='word_1_378' title='bbox 215 2816 270 2852; x_wconf 87' lang='lat' dir='ltr'><strong>non</strong></span> <span class='ocrx_word' id='word_1_379' title='bbox 293 2798 378 2853; x_wconf 84' lang='lat' dir='ltr'><strong>licere</strong></span> <span class='ocrx_word' id='word_1_380' title='bbox 403 2797 601 2852; x_wconf 75' lang='lat' dir='ltr'><strong>mobaristiam</strong></span> <span class='ocrx_word' id='word_1_381' title='bbox 622 2798 651 2850; x_wconf 86' lang='lat' dir='ltr'><strong>in</strong></span> <span class='ocrx_word' id='word_1_382' title='bbox 669 2798 799 2850; x_wconf 83' lang='lat' dir='ltr'><strong>sacrario</strong></span> <span class='ocrx_word' id='word_1_383' title='bbox 816 2798 970 2866; x_wconf 82' lang='lat' dir='ltr'><strong>reseruari,</strong></span> <span class='ocrx_word' id='word_1_384' title='bbox 999 2800 1051 2851; x_wconf 84' lang='lat' dir='ltr'><strong>sest</strong></span> <span class='ocrx_word' id='word_1_385' title='bbox 1075 2797 1133 2852; x_wconf 91' lang='lat' dir='ltr'><strong>mul</strong></span> <span class='ocrx_word' id='word_1_386' title='bbox 1152 2796 1236 2852; x_wconf 88' lang='lat' dir='ltr'><strong>sumti</strong></span> <span class='ocrx_word' id='word_1_387' title='bbox 1253 2795 1425 2851; x_wconf 87' lang='lat' dir='ltr'><strong>constituunt</strong></span> <span class='ocrx_word' id='word_1_388' title='bbox 1443 2796 1580 2852; x_wconf 86' lang='lat' dir='ltr'><strong>actionem</strong></span> <span class='ocrx_word' id='word_1_389' title='bbox 1598 2814 1615 2852; x_wconf 91' lang='lat' dir='ltr'><strong>a</strong></span> <span class='ocrx_word' id='word_1_390' title='bbox 1634 2798 1744 2854; x_wconf 82' lang='lat' dir='ltr'><strong>Christo</strong></span> <span class='ocrx_word' id='word_1_391' title='bbox 1764 2798 1793 2854; x_wconf 88' lang='lat' dir='ltr'><strong>in</strong></span> <span class='ocrx_word' id='word_1_392' title='bbox 1811 2804 1911 2856; x_wconf 86' lang='lat' dir='ltr'><strong>sunba-</strong></span> 
     </span>
     <span class='ocr_line' id='line_1_30' title="bbox 214 2881 1912 2957; baseline 0.004 -19"><span class='ocrx_word' id='word_1_393' title='bbox 214 2885 310 2938; x_wconf 83' lang='lat' dir='ltr'><strong>statim</strong></span> <span class='ocrx_word' id='word_1_394' title='bbox 334 2892 402 2955; x_wconf 85' lang='lat' dir='ltr'><strong>past</strong></span> <span class='ocrx_word' id='word_1_395' title='bbox 431 2885 664 2941; x_wconf 78' lang='lat' dir='ltr'><strong>comessationem</strong></span> <span class='ocrx_word' id='word_1_396' title='bbox 693 2884 872 2938; x_wconf 62' lang='lat' dir='ltr'><strong>metantibus</strong></span> <span class='ocrx_word' id='word_1_397' title='bbox 892 2886 1050 2940; x_wconf 79' lang='lat' dir='ltr'><strong>neemsaria</strong></span> <span class='ocrx_word' id='word_1_398' title='bbox 1074 2885 1168 2940; x_wconf 85' lang='lat' dir='ltr'><strong>ristiae</strong></span> <span class='ocrx_word' id='word_1_399' title='bbox 1185 2881 1372 2939; x_wconf 86' lang='lat' dir='ltr'><strong>celebratione</strong></span> <span class='ocrx_word' id='word_1_400' title='bbox 1390 2884 1599 2956; x_wconf 88' lang='lat' dir='ltr'><strong>praescriptam,</strong></span> <span class='ocrx_word' id='word_1_401' title='bbox 1616 2886 1778 2957; x_wconf 85' lang='lat' dir='ltr'><strong>requisitam</strong></span> <span class='ocrx_word' id='word_1_402' title='bbox 1797 2893 1912 2944; x_wconf 75' lang='lat' dir='ltr'><strong>etmen-</strong></span> 
     </span>
     <span class='ocr_line' id='line_1_31' title="bbox 217 2969 1912 3043; baseline 0.004 -19"><span class='ocrx_word' id='word_1_403' title='bbox 217 2972 448 3028; x_wconf 81' lang='lat' dir='ltr'><strong>dr‘stribuendam.</strong></span> <span class='ocrx_word' id='word_1_404' title='bbox 494 2970 678 3027; x_wconf 88' lang='lat' dir='ltr'><strong>Bellarminus</strong></span> <span class='ocrx_word' id='word_1_405' title='bbox 704 2970 814 3026; x_wconf 89' lang='lat' dir='ltr'><strong>concilii</strong></span> <span class='ocrx_word' id='word_1_406' title='bbox 839 2970 979 3026; x_wconf 88' lang='lat' dir='ltr'><strong>decretum</strong></span> <span class='ocrx_word' id='word_1_407' title='bbox 1008 2989 1050 3026; x_wconf 88' lang='lat' dir='ltr'><strong>as·</strong></span> <span class='ocrx_word' id='word_1_408' title='bbox 1076 2971 1179 3042; x_wconf 69' lang='lat' dir='ltr'><strong>deam,</strong></span> <span class='ocrx_word' id='word_1_409' title='bbox 1198 2986 1283 3042; x_wconf 89' lang='lat' dir='ltr'><strong>quare</strong></span> <span class='ocrx_word' id='word_1_410' title='bbox 1301 2970 1325 3024; x_wconf 91' lang='lat' dir='ltr'><strong>si</strong></span> <span class='ocrx_word' id='word_1_411' title='bbox 1344 2969 1445 3041; x_wconf 90' lang='lat' dir='ltr'><strong>aliquis</strong></span> <span class='ocrx_word' id='word_1_412' title='bbox 1463 2969 1562 3026; x_wconf 89' lang='lat' dir='ltr'><strong>horum</strong></span> <span class='ocrx_word' id='word_1_413' title='bbox 1580 2977 1691 3027; x_wconf 81' lang='lat' dir='ltr'><strong>actuum</strong></span> <span class='ocrx_word' id='word_1_414' title='bbox 1709 2973 1796 3043; x_wconf 89' lang='lat' dir='ltr'><strong>desit,</strong></span> <span class='ocrx_word' id='word_1_415' title='bbox 1818 2976 1864 3031; x_wconf 90' lang='lat' dir='ltr'><strong>vel</strong></span> <span class='ocrx_word' id='word_1_416' title='bbox 1880 2975 1912 3031; x_wconf 92' lang='lat' dir='ltr'><strong>il·</strong></span> 
     </span>
     <span class='ocr_line' id='line_1_32' title="bbox 214 3056 1913 3133; baseline 0.001 -18"><span class='ocrx_word' id='word_1_417' title='bbox 214 3064 337 3115; x_wconf 80' lang='lat' dir='ltr'><strong>sarturas</strong></span> <span class='ocrx_word' id='word_1_418' title='bbox 367 3058 415 3114; x_wconf 93' lang='lat' dir='ltr'><strong>lib.</strong></span> <span class='ocrx_word' id='word_1_419' title='bbox 448 3065 472 3116; x_wconf 85' lang='lat' dir='ltr'><strong>t.</strong></span> <span class='ocrx_word' id='word_1_420' title='bbox 504 3059 539 3115; x_wconf 92' lang='lat' dir='ltr'><strong>de</strong></span> <span class='ocrx_word' id='word_1_421' title='bbox 570 3058 679 3114; x_wconf 87' lang='lat' dir='ltr'><strong>eucher.</strong></span> <span class='ocrx_word' id='word_1_422' title='bbox 706 3076 730 3112; x_wconf 87' lang='lat' dir='ltr'><strong>c.</strong></span> <span class='ocrx_word' id='word_1_423' title='bbox 760 3066 781 3114; x_wconf 88' lang='lat'><strong>1.</strong></span> <span class='ocrx_word' id='word_1_424' title='bbox 803 3058 1049 3114; x_wconf 65' lang='lat' dir='ltr'><strong>conamictionem</strong></span> <span class='ocrx_word' id='word_1_425' title='bbox 1075 3057 1128 3113; x_wconf 93' lang='lat' dir='ltr'><strong>lius</strong></span> <span class='ocrx_word' id='word_1_426' title='bbox 1147 3057 1207 3113; x_wconf 90' lang='lat' dir='ltr'><strong>loco</strong></span> <span class='ocrx_word' id='word_1_427' title='bbox 1228 3056 1412 3112; x_wconf 87' lang='lat' dir='ltr'><strong>substituatur</strong></span> <span class='ocrx_word' id='word_1_428' title='bbox 1431 3056 1536 3112; x_wconf 83' lang='lat' dir='ltr'><strong>abusa</strong></span> <span class='ocrx_word' id='word_1_429' title='bbox 1556 3056 1666 3113; x_wconf 83' lang='lat' dir='ltr'><strong>Christo</strong></span> <span class='ocrx_word' id='word_1_430' title='bbox 1683 3074 1739 3113; x_wconf 88' lang='lat' dir='ltr'><strong>uon</strong></span> <span class='ocrx_word' id='word_1_431' title='bbox 1755 3060 1913 3133; x_wconf 89' lang='lat' dir='ltr'><strong>requisitus,</strong></span> 
     </span>
     <span class='ocr_line' id='line_1_33' title="bbox 215 3141 1913 3219; baseline 0.002 -17"><span class='ocrx_word' id='word_1_432' title='bbox 215 3146 354 3218; x_wconf 88' lang='lat' dir='ltr'><strong>quandam</strong></span> <span class='ocrx_word' id='word_1_433' title='bbox 382 3146 500 3219; x_wconf 88' lang='lat' dir='ltr'><strong>primum</strong></span> <span class='ocrx_word' id='word_1_434' title='bbox 523 3144 604 3201; x_wconf 90' lang='lat' dir='ltr'><strong>nobis</strong></span> <span class='ocrx_word' id='word_1_435' title='bbox 628 3145 731 3202; x_wconf 85' lang='lat' dir='ltr'><strong>tribuit</strong></span> <span class='ocrx_word' id='word_1_436' title='bbox 773 3145 911 3215; x_wconf 72' lang='lat' dir='ltr'><strong>Illyricam</strong></span> <span class='ocrx_word' id='word_1_437' title='bbox 936 3145 1047 3218; x_wconf 87' lang='lat' dir='ltr'><strong>(inquit)</strong></span> <span class='ocrx_word' id='word_1_438' title='bbox 1075 3151 1135 3201; x_wconf 90' lang='lat' dir='ltr'><strong>tum</strong></span> <span class='ocrx_word' id='word_1_439' title='bbox 1154 3161 1210 3200; x_wconf 91' lang='lat' dir='ltr'><strong>non</strong></span> <span class='ocrx_word' id='word_1_440' title='bbox 1229 3141 1393 3199; x_wconf 90' lang='lat' dir='ltr'><strong>observatur</strong></span> <span class='ocrx_word' id='word_1_441' title='bbox 1404 3142 1506 3199; x_wconf 78' lang='lat' dir='ltr'><strong>Christi</strong></span> <span class='ocrx_word' id='word_1_442' title='bbox 1518 3144 1664 3215; x_wconf 89' lang='lat' dir='ltr'><strong>institutio,</strong></span> <span class='ocrx_word' id='word_1_443' title='bbox 1682 3162 1715 3200; x_wconf 89' lang='lat' dir='ltr'><strong>ac</strong></span> <span class='ocrx_word' id='word_1_444' title='bbox 1728 3147 1846 3218; x_wconf 87' lang='lat' dir='ltr'><strong>proinde</strong></span> <span class='ocrx_word' id='word_1_445' title='bbox 1859 3166 1913 3205; x_wconf 87' lang='lat' dir='ltr'><strong>uon</strong></span> 
     </span>
     <span class='ocr_line' id='line_1_34' title="bbox 215 3231 1913 3304; baseline 0.001 -15"><span class='ocrx_word' id='word_1_446' title='bbox 215 3242 241 3289; x_wconf 88' lang='lat' dir='ltr'><strong>et</strong></span> <span class='ocrx_word' id='word_1_447' title='bbox 260 3234 315 3287; x_wconf 85' lang='lat' dir='ltr'><strong>otii</strong></span> <span class='ocrx_word' id='word_1_448' title='bbox 330 3234 513 3302; x_wconf 81' lang='lat' dir='ltr'><strong>contendent,</strong></span> <span class='ocrx_word' id='word_1_449' title='bbox 531 3240 597 3287; x_wconf 84' lang='lat' dir='ltr'><strong>tane</strong></span> <span class='ocrx_word' id='word_1_450' title='bbox 614 3232 703 3287; x_wconf 82' lang='lat' dir='ltr'><strong>solum</strong></span> <span class='ocrx_word' id='word_1_451' title='bbox 715 3250 820 3303; x_wconf 79' lang='lat' dir='ltr'><strong>panem</strong></span> <span class='ocrx_word' id='word_1_452' title='bbox 839 3241 865 3286; x_wconf 87' lang='lat' dir='ltr'><strong>et</strong></span> <span class='ocrx_word' id='word_1_453' title='bbox 883 3231 976 3286; x_wconf 74' lang='lat' dir='ltr'><strong>cinara</strong></span> <span class='ocrx_word' id='word_1_454' title='bbox 993 3251 1050 3288; x_wconf 86' lang='lat' dir='ltr'><strong>essa</strong></span> <span class='ocrx_word' id='word_1_455' title='bbox 1075 3232 1107 3288; x_wconf 86' lang='lat' dir='ltr'><strong>fit</strong></span> <span class='ocrx_word' id='word_1_456' title='bbox 1118 3232 1245 3304; x_wconf 86' lang='lat' dir='ltr'><strong>legitima</strong></span> <span class='ocrx_word' id='word_1_457' title='bbox 1257 3246 1354 3286; x_wconf 88' lang='lat' dir='ltr'><strong>sacrae</strong></span> <span class='ocrx_word' id='word_1_458' title='bbox 1367 3246 1470 3286; x_wconf 88' lang='lat' dir='ltr'><strong>coenae</strong></span> <span class='ocrx_word' id='word_1_459' title='bbox 1482 3231 1693 3290; x_wconf 85' lang='lat' dir='ltr'><strong>administratio.</strong></span> <span class='ocrx_word' id='word_1_460' title='bbox 1723 3232 1913 3291; x_wconf 87' lang='lat' dir='ltr'><strong>Praesentiam</strong></span> 
     </span>
     <span class='ocr_line' id='line_1_35' title="bbox 213 3317 1913 3392; baseline 0.002 -17"><span class='ocrx_word' id='word_1_461' title='bbox 213 3328 426 3389; x_wconf 83' lang='lat' dir='ltr'><strong>sacramentam,</strong></span> <span class='ocrx_word' id='word_1_462' title='bbox 446 3322 514 3374; x_wconf 82' lang='lat' dir='ltr'><strong>dam</strong></span> <span class='ocrx_word' id='word_1_463' title='bbox 533 3320 688 3374; x_wconf 79' lang='lat' dir='ltr'><strong>comeditur</strong></span> <span class='ocrx_word' id='word_1_464' title='bbox 707 3329 734 3374; x_wconf 89' lang='lat' dir='ltr'><strong>et</strong></span> <span class='ocrx_word' id='word_1_465' title='bbox 752 3320 869 3389; x_wconf 82' lang='lat' dir='ltr'><strong>bibitur,</strong></span> <span class='ocrx_word' id='word_1_466' title='bbox 888 3320 961 3373; x_wconf 64' lang='lat' dir='ltr'><strong>aaut</strong></span> <span class='ocrx_word' id='word_1_467' title='bbox 976 3338 1050 3391; x_wconf 71' lang='grc' dir='ltr'><strong><em>οοηο</em></strong></span> <span class='ocrx_word' id='word_1_468' title='bbox 1077 3319 1163 3392; x_wconf 88' lang='lat' dir='ltr'><strong>igitur</strong></span> <span class='ocrx_word' id='word_1_469' title='bbox 1175 3317 1298 3388; x_wconf 89' lang='lat' dir='ltr'><strong>corporis</strong></span> <span class='ocrx_word' id='word_1_470' title='bbox 1313 3324 1341 3373; x_wconf 89' lang='lat' dir='ltr'><strong>et</strong></span> <span class='ocrx_word' id='word_1_471' title='bbox 1354 3317 1497 3390; x_wconf 81' lang='lat' dir='ltr'><strong>sanguinis</strong></span> <span class='ocrx_word' id='word_1_472' title='bbox 1512 3318 1614 3374; x_wconf 78' lang='lat' dir='ltr'><strong>Christi</strong></span> <span class='ocrx_word' id='word_1_473' title='bbox 1627 3320 1655 3374; x_wconf 92' lang='lat' dir='ltr'><strong>iu</strong></span> <span class='ocrx_word' id='word_1_474' title='bbox 1668 3335 1748 3375; x_wconf 88' lang='lat' dir='ltr'><strong>sacra</strong></span> <span class='ocrx_word' id='word_1_475' title='bbox 1760 3336 1847 3379; x_wconf 86' lang='lat' dir='ltr'><strong>coena</strong></span> <span class='ocrx_word' id='word_1_476' title='bbox 1859 3339 1913 3378; x_wconf 90' lang='lat' dir='ltr'><strong>uon</strong></span> 
     </span>
     <span class='ocr_line' id='line_1_36' title="bbox 214 3404 1914 3480; baseline 0.002 -18"><span class='ocrx_word' id='word_1_477' title='bbox 214 3408 347 3480; x_wconf 80' lang='lat' dir='ltr'><strong>baptismi</strong></span> <span class='ocrx_word' id='word_1_478' title='bbox 369 3415 433 3462; x_wconf 82' lang='lat' dir='ltr'><strong>tunc</strong></span> <span class='ocrx_word' id='word_1_479' title='bbox 453 3408 543 3462; x_wconf 86' lang='lat' dir='ltr'><strong>salam</strong></span> <span class='ocrx_word' id='word_1_480' title='bbox 563 3415 603 3460; x_wconf 84' lang='lat' dir='ltr'><strong>sat</strong></span> <span class='ocrx_word' id='word_1_481' title='bbox 622 3416 840 3476; x_wconf 72' lang='lat' dir='ltr'><strong>sacramentum,</strong></span> <span class='ocrx_word' id='word_1_482' title='bbox 867 3424 927 3461; x_wconf 75' lang='lat' dir='ltr'><strong>mem</strong></span> <span class='ocrx_word' id='word_1_483' title='bbox 944 3408 1051 3478; x_wconf 83' lang='lat' dir='ltr'><strong>abluit,-</strong></span> <span class='ocrx_word' id='word_1_484' title='bbox 1076 3405 1170 3475; x_wconf 89' lang='lat' dir='ltr'><strong>initio,</strong></span> <span class='ocrx_word' id='word_1_485' title='bbox 1195 3421 1246 3460; x_wconf 88' lang='lat' dir='ltr'><strong>uec</strong></span> <span class='ocrx_word' id='word_1_486' title='bbox 1274 3405 1379 3470; x_wconf 90' lang='lat' dir='ltr'><strong>medio,</strong></span> <span class='ocrx_word' id='word_1_487' title='bbox 1402 3421 1454 3461; x_wconf 91' lang='lat' dir='ltr'><strong>nec</strong></span> <span class='ocrx_word' id='word_1_488' title='bbox 1477 3404 1526 3460; x_wconf 85' lang='lat' dir='ltr'><strong>fini</strong></span> <span class='ocrx_word' id='word_1_489' title='bbox 1552 3405 1668 3461; x_wconf 72' lang='lat' dir='ltr'><strong>sennen</strong></span> <span class='ocrx_word' id='word_1_490' title='bbox 1697 3408 1914 3478; x_wconf 85' lang='lat' dir='ltr'><strong>sacramentalis,</strong></span> 
     </span>
     <span class='ocr_line' id='line_1_37' title="bbox 214 3490 1914 3564; baseline 0.002 -16"><span class='ocrx_word' id='word_1_491' title='bbox 214 3502 244 3548; x_wconf 84' lang='lat' dir='ltr'><strong>at</strong></span> <span class='ocrx_word' id='word_1_492' title='bbox 263 3493 454 3557; x_wconf 82' lang='lat' dir='ltr'><strong>Gbemnies&#39;ns,</strong></span> <span class='ocrx_word' id='word_1_493' title='bbox 472 3501 504 3547; x_wconf 84' lang='lat' dir='ltr'><strong>at</strong></span> <span class='ocrx_word' id='word_1_494' title='bbox 525 3494 623 3549; x_wconf 83' lang='lat' dir='ltr'><strong>eludat</strong></span> <span class='ocrx_word' id='word_1_495' title='bbox 643 3494 801 3548; x_wconf 80' lang='lat' dir='ltr'><strong>testimonia</strong></span> <span class='ocrx_word' id='word_1_496' title='bbox 812 3501 942 3564; x_wconf 85' lang='lat' dir='ltr'><strong>patrum,</strong></span> <span class='ocrx_word' id='word_1_497' title='bbox 965 3497 1052 3564; x_wconf 79' lang='lat' dir='ltr'><strong>docet,</strong></span> <span class='ocrx_word' id='word_1_498' title='bbox 1078 3492 1164 3548; x_wconf 88' lang='lat' dir='ltr'><strong>multo</strong></span> <span class='ocrx_word' id='word_1_499' title='bbox 1188 3490 1279 3547; x_wconf 89' lang='lat' dir='ltr'><strong>minus</strong></span> <span class='ocrx_word' id='word_1_500' title='bbox 1306 3491 1357 3548; x_wconf 92' lang='lat' dir='ltr'><strong>soli</strong></span> <span class='ocrx_word' id='word_1_501' title='bbox 1381 3492 1598 3564; x_wconf 88' lang='lat' dir='ltr'><strong>pronuntiationi</strong></span> <span class='ocrx_word' id='word_1_502' title='bbox 1620 3494 1780 3564; x_wconf 82' lang='lat' dir='ltr'><strong>verborum,</strong></span> <span class='ocrx_word' id='word_1_503' title='bbox 1804 3498 1856 3552; x_wconf 84' lang='lat' dir='ltr'><strong>boe</strong></span> <span class='ocrx_word' id='word_1_504' title='bbox 1874 3505 1914 3552; x_wconf 84' lang='lat' dir='ltr'><strong>est</strong></span> 
     </span>
     <span class='ocr_line' id='line_1_38' title="bbox 214 3579 1913 3653; baseline 0.005 -22"><span class='ocrx_word' id='word_1_505' title='bbox 214 3581 244 3632; x_wconf 86' lang='lat' dir='ltr'><strong>in</strong></span> <span class='ocrx_word' id='word_1_506' title='bbox 277 3587 336 3634; x_wconf 87' lang='lat' dir='ltr'><strong>tata</strong></span> <span class='ocrx_word' id='word_1_507' title='bbox 368 3580 478 3634; x_wconf 85' lang='lat' dir='ltr'><strong>actione</strong></span> <span class='ocrx_word' id='word_1_508' title='bbox 509 3596 610 3634; x_wconf 85' lang='lat' dir='ltr'><strong>coenae</strong></span> <span class='ocrx_word' id='word_1_509' title='bbox 642 3579 762 3633; x_wconf 81' lang='lat' dir='ltr'><strong>Domini</strong></span> <span class='ocrx_word' id='word_1_510' title='bbox 789 3588 992 3635; x_wconf 83' lang='lat' dir='ltr'><strong>sacramentum</strong></span> <span class='ocrx_word' id='word_1_511' title='bbox 1026 3589 1052 3635; x_wconf 87' lang='lat' dir='ltr'><strong>et</strong></span> <span class='ocrx_word' id='word_1_512' title='bbox 1078 3596 1179 3649; x_wconf 71' lang='lat' dir='ltr'><strong>carpus</strong></span> <span class='ocrx_word' id='word_1_513' title='bbox 1201 3596 1306 3649; x_wconf 82' lang='lat' dir='ltr'><strong>meum,</strong></span> <span class='ocrx_word' id='word_1_514' title='bbox 1328 3579 1448 3635; x_wconf 88' lang='lat' dir='ltr'><strong>omnium</strong></span> <span class='ocrx_word' id='word_1_515' title='bbox 1470 3580 1582 3635; x_wconf 91' lang='lat' dir='ltr'><strong>minime</strong></span> <span class='ocrx_word' id='word_1_516' title='bbox 1599 3581 1747 3653; x_wconf 91' lang='lat' dir='ltr'><strong>prolationi</strong></span> <span class='ocrx_word' id='word_1_517' title='bbox 1766 3582 1853 3639; x_wconf 90' lang='lat' dir='ltr'><strong>solius</strong></span> <span class='ocrx_word' id='word_1_518' title='bbox 1873 3584 1913 3640; x_wconf 93' lang='lat' dir='ltr'><strong>ul·</strong></span> 
     </span>
     <span class='ocr_line' id='line_1_39' title="bbox 215 3665 1913 3744; baseline 0.005 -27"><span class='ocrx_word' id='word_1_519' title='bbox 215 3682 317 3735; x_wconf 80' lang='lat' dir='ltr'><strong>eorpus</strong></span> <span class='ocrx_word' id='word_1_520' title='bbox 336 3665 457 3720; x_wconf 85' lang='lat' dir='ltr'><strong>Domini</strong></span> <span class='ocrx_word' id='word_1_521' title='bbox 473 3680 594 3727; x_wconf 86' lang='lat' dir='ltr'><strong>manere,</strong></span> <span class='ocrx_word' id='word_1_522' title='bbox 613 3665 646 3718; x_wconf 82' lang='lat' dir='ltr'><strong>id</strong></span> <span class='ocrx_word' id='word_1_523' title='bbox 664 3673 704 3719; x_wconf 88' lang='lat' dir='ltr'><strong>est</strong></span> <span class='ocrx_word' id='word_1_524' title='bbox 725 3667 791 3718; x_wconf 82' lang='lat' dir='ltr'><strong>dam</strong></span> <span class='ocrx_word' id='word_1_525' title='bbox 807 3667 897 3735; x_wconf 75' lang='lat' dir='ltr'><strong>penu</strong></span> <span class='ocrx_word' id='word_1_526' title='bbox 914 3667 1051 3722; x_wconf 79' lang='lat' dir='ltr'><strong>benetliei·</strong></span> <span class='ocrx_word' id='word_1_527' title='bbox 1075 3666 1160 3721; x_wconf 88' lang='lat' dir='ltr'><strong>timae</strong></span> <span class='ocrx_word' id='word_1_528' title='bbox 1181 3665 1278 3722; x_wconf 86' lang='lat' dir='ltr'><strong>literae</strong></span> <span class='ocrx_word' id='word_1_529' title='bbox 1295 3684 1341 3718; x_wconf 85' lang='lat' dir='ltr'><strong>um</strong></span> <span class='ocrx_word' id='word_1_530' title='bbox 1363 3670 1405 3733; x_wconf 85' lang='lat' dir='ltr'><strong>(nt</strong></span> <span class='ocrx_word' id='word_1_531' title='bbox 1424 3666 1538 3739; x_wconf 85' lang='lat' dir='ltr'><strong>quidam</strong></span> <span class='ocrx_word' id='word_1_532' title='bbox 1556 3683 1590 3722; x_wconf 85' lang='lat' dir='ltr'><strong>ex</strong></span> <span class='ocrx_word' id='word_1_533' title='bbox 1608 3666 1786 3724; x_wconf 83' lang='lat' dir='ltr'><strong>Scholasticis</strong></span> <span class='ocrx_word' id='word_1_534' title='bbox 1806 3688 1913 3744; x_wconf 87' lang='lat' dir='ltr'><strong>nugan-</strong></span> 
     </span>
     <span class='ocr_line' id='line_1_40' title="bbox 215 3751 1913 3826; baseline 0.007 -24"><span class='ocrx_word' id='word_1_535' title='bbox 215 3758 268 3815; x_wconf 82' lang='lat' dir='ltr'><strong>tur,</strong></span> <span class='ocrx_word' id='word_1_536' title='bbox 287 3751 453 3820; x_wconf 74' lang='lat' dir='ltr'><strong>franpitar,</strong></span> <span class='ocrx_word' id='word_1_537' title='bbox 484 3751 664 3825; x_wconf 75' lang='lat' dir='ltr'><strong>ds&#39;stribuitur</strong></span> <span class='ocrx_word' id='word_1_538' title='bbox 685 3758 713 3805; x_wconf 87' lang='lat' dir='ltr'><strong>et</strong></span> <span class='ocrx_word' id='word_1_539' title='bbox 737 3752 821 3804; x_wconf 82' lang='lat' dir='ltr'><strong>etiam</strong></span> <span class='ocrx_word' id='word_1_540' title='bbox 844 3754 909 3805; x_wconf 83' lang='lat' dir='ltr'><strong>dum</strong></span> <span class='ocrx_word' id='word_1_541' title='bbox 936 3770 970 3807; x_wconf 80' lang='lat' dir='ltr'><strong>ea</strong></span> <span class='ocrx_word' id='word_1_542' title='bbox 987 3755 1051 3825; x_wconf 77' lang='lat' dir='ltr'><strong>ipsa</strong></span> <span class='ocrx_word' id='word_1_543' title='bbox 1077 3757 1148 3820; x_wconf 91' lang='lat' dir='ltr'><strong>tur),</strong></span> <span class='ocrx_word' id='word_1_544' title='bbox 1166 3753 1215 3808; x_wconf 89' lang='lat' dir='ltr'><strong>sed</strong></span> <span class='ocrx_word' id='word_1_545' title='bbox 1233 3753 1285 3808; x_wconf 87' lang='lat' dir='ltr'><strong>toti</strong></span> <span class='ocrx_word' id='word_1_546' title='bbox 1303 3753 1403 3808; x_wconf 75' lang='lat' dir='ltr'><strong>actium</strong></span> <span class='ocrx_word' id='word_1_547' title='bbox 1422 3770 1439 3807; x_wconf 89' lang='lat' dir='ltr'><strong>a</strong></span> <span class='ocrx_word' id='word_1_548' title='bbox 1456 3753 1568 3809; x_wconf 77' lang='lat' dir='ltr'><strong>Christo</strong></span> <span class='ocrx_word' id='word_1_549' title='bbox 1586 3754 1739 3826; x_wconf 87' lang='lat' dir='ltr'><strong>institutae,</strong></span> <span class='ocrx_word' id='word_1_550' title='bbox 1760 3758 1804 3812; x_wconf 92' lang='lat' dir='ltr'><strong>vel</strong></span> <span class='ocrx_word' id='word_1_551' title='bbox 1823 3766 1856 3813; x_wconf 90' lang='lat' dir='ltr'><strong>ut</strong></span> <span class='ocrx_word' id='word_1_552' title='bbox 1872 3774 1913 3814; x_wconf 81' lang='lat' dir='ltr'><strong>ra·</strong></span> 
     </span>
     <span class='ocr_line' id='line_1_41' title="bbox 216 3830 1915 3912; baseline 0.006 -22"><span class='ocrx_word' id='word_1_553' title='bbox 216 3852 302 3892; x_wconf 87' lang='lat' dir='ltr'><strong>caena</strong></span> <span class='ocrx_word' id='word_1_554' title='bbox 321 3836 480 3890; x_wconf 77' lang='lat' dir='ltr'><strong>immediate</strong></span> <span class='ocrx_word' id='word_1_555' title='bbox 501 3837 631 3900; x_wconf 70' lang='lat' dir='ltr'><strong>defertur</strong></span> <span class='ocrx_word' id='word_1_556' title='bbox 648 3839 690 3890; x_wconf 79' lang='lat' dir='ltr'><strong>asi</strong></span> <span class='ocrx_word' id='word_1_557' title='bbox 706 3845 837 3904; x_wconf 74' lang='lat' dir='ltr'><strong>aegrotos</strong></span> <span class='ocrx_word' id='word_1_558' title='bbox 857 3840 901 3892; x_wconf 85' lang='lat' dir='ltr'><strong>orl</strong></span> <span class='ocrx_word' id='word_1_559' title='bbox 919 3830 1050 3907; x_wconf 76' lang='lat' dir='ltr'><strong>absentes,</strong></span> <span class='ocrx_word' id='word_1_560' title='bbox 1078 3838 1149 3893; x_wconf 89' lang='lat' dir='ltr'><strong>ctius</strong></span> <span class='ocrx_word' id='word_1_561' title='bbox 1169 3840 1281 3911; x_wconf 87' lang='lat' dir='ltr'><strong>loquar,</strong></span> <span class='ocrx_word' id='word_1_562' title='bbox 1310 3839 1363 3911; x_wconf 89' lang='lat' dir='ltr'><strong>ipsi</strong></span> <span class='ocrx_word' id='word_1_563' title='bbox 1383 3840 1548 3896; x_wconf 86' lang='lat' dir='ltr'><strong>institutioni</strong></span> <span class='ocrx_word' id='word_1_564' title='bbox 1568 3846 1596 3897; x_wconf 89' lang='lat' dir='ltr'><strong>et</strong></span> <span class='ocrx_word' id='word_1_565' title='bbox 1618 3841 1785 3899; x_wconf 88' lang='lat' dir='ltr'><strong>ordinationi</strong></span> <span class='ocrx_word' id='word_1_566' title='bbox 1803 3844 1915 3912; x_wconf 83' lang='lat' dir='ltr'><strong>Christi,</strong></span> 
     </span>
     <span class='ocr_line' id='line_1_42' title="bbox 216 3920 1915 4001; baseline 0.007 -25"><span class='ocrx_word' id='word_1_567' title='bbox 216 3930 246 3976; x_wconf 86' lang='lat' dir='ltr'><strong>ut</strong></span> <span class='ocrx_word' id='word_1_568' title='bbox 266 3923 348 3977; x_wconf 84' lang='lat' dir='ltr'><strong>illam</strong></span> <span class='ocrx_word' id='word_1_569' title='bbox 367 3925 529 3991; x_wconf 71' lang='lat' dir='ltr'><strong>emacient,</strong></span> <span class='ocrx_word' id='word_1_570' title='bbox 546 3920 603 3976; x_wconf 81' lang='lat' dir='ltr'><strong>non</strong></span> <span class='ocrx_word' id='word_1_571' title='bbox 622 3930 651 3976; x_wconf 84' lang='lat' dir='ltr'><strong>nt</strong></span> <span class='ocrx_word' id='word_1_572' title='bbox 670 3931 785 3976; x_wconf 83' lang='lat' dir='ltr'><strong>servent.</strong></span> <span class='ocrx_word' id='word_1_573' title='bbox 826 3923 947 3988; x_wconf 79' lang='lat' dir='ltr'><strong>Qtsidam</strong></span> <span class='ocrx_word' id='word_1_574' title='bbox 967 3928 1051 3981; x_wconf 85' lang='lat' dir='ltr'><strong>etiam</strong></span> <span class='ocrx_word' id='word_1_575' title='bbox 1078 3942 1149 3998; x_wconf 92' lang='lat' dir='ltr'><strong>quae</strong></span> <span class='ocrx_word' id='word_1_576' title='bbox 1180 3942 1230 3997; x_wconf 89' lang='lat' dir='ltr'><strong>per</strong></span> <span class='ocrx_word' id='word_1_577' title='bbox 1260 3925 1399 3983; x_wconf 87' lang='lat' dir='ltr'><strong>actionem</strong></span> <span class='ocrx_word' id='word_1_578' title='bbox 1428 3927 1464 3983; x_wconf 89' lang='lat' dir='ltr'><strong>ab</strong></span> <span class='ocrx_word' id='word_1_579' title='bbox 1492 3926 1552 3999; x_wconf 90' lang='lat' dir='ltr'><strong>ipso</strong></span> <span class='ocrx_word' id='word_1_580' title='bbox 1580 3929 1792 4001; x_wconf 88' lang='lat' dir='ltr'><strong>praescriptam,</strong></span> <span class='ocrx_word' id='word_1_581' title='bbox 1826 3931 1915 3988; x_wconf 78' lang='lat' dir='ltr'><strong>idest</strong></span> 
     </span>
     <span class='ocr_line' id='line_1_43' title="bbox 215 4009 1913 4083; baseline 0.006 -19"><span class='ocrx_word' id='word_1_582' title='bbox 215 4026 248 4064; x_wconf 91' lang='lat' dir='ltr'><strong>so</strong></span> <span class='ocrx_word' id='word_1_583' title='bbox 272 4027 359 4081; x_wconf 77' lang='lat' dir='ltr'><strong>sesque</strong></span> <span class='ocrx_word' id='word_1_584' title='bbox 377 4009 526 4080; x_wconf 79' lang='lat' dir='ltr'><strong>proprsssi</strong></span> <span class='ocrx_word' id='word_1_585' title='bbox 550 4017 627 4078; x_wconf 86' lang='lat' dir='ltr'><strong>sunt,</strong></span> <span class='ocrx_word' id='word_1_586' title='bbox 660 4017 693 4063; x_wconf 85' lang='lat' dir='ltr'><strong>nt</strong></span> <span class='ocrx_word' id='word_1_587' title='bbox 714 4010 851 4079; x_wconf 68' lang='lat' dir='ltr'><strong>(imment,</strong></span> <span class='ocrx_word' id='word_1_588' title='bbox 880 4020 937 4066; x_wconf 90' lang='lat' dir='ltr'><strong>tata</strong></span> <span class='ocrx_word' id='word_1_589' title='bbox 955 4015 1050 4067; x_wconf 85' lang='lat' dir='ltr'><strong>triduo</strong></span> <span class='ocrx_word' id='word_1_590' title='bbox 1078 4013 1323 4083; x_wconf 88' lang='lat' dir='ltr'><strong>consecrationem,</strong></span> <span class='ocrx_word' id='word_1_591' title='bbox 1352 4013 1587 4082; x_wconf 89' lang='lat' dir='ltr'><strong>distributionem,</strong></span> <span class='ocrx_word' id='word_1_592' title='bbox 1615 4015 1858 4074; x_wconf 88' lang='lat' dir='ltr'><strong>manducationem</strong></span> <span class='ocrx_word' id='word_1_593' title='bbox 1881 4034 1913 4075; x_wconf 86' lang='lat' dir='ltr'><strong>ae</strong></span> 
     </span>
     <span class='ocr_line' id='line_1_44' title="bbox 211 4084 1911 4176; baseline 0.007 -26"><span class='ocrx_word' id='word_1_594' title='bbox 211 4114 296 4168; x_wconf 89' lang='lat' dir='ltr'><strong>posse</strong></span> <span class='ocrx_word' id='word_1_595' title='bbox 313 4097 426 4151; x_wconf 85' lang='lat' dir='ltr'><strong>seruari</strong></span> <span class='ocrx_word' id='word_1_596' title='bbox 442 4097 643 4152; x_wconf 76' lang='lat' dir='ltr'><strong>tuebaristiam</strong></span> <span class='ocrx_word' id='word_1_597' title='bbox 658 4103 779 4166; x_wconf 81' lang='lat' dir='ltr'><strong>propter</strong></span> <span class='ocrx_word' id='word_1_598' title='bbox 800 4107 930 4167; x_wconf 78' lang='lat' dir='ltr'><strong>aspratos</strong></span> <span class='ocrx_word' id='word_1_599' title='bbox 950 4109 977 4154; x_wconf 90' lang='lat' dir='ltr'><strong>et</strong></span> <span class='ocrx_word' id='word_1_600' title='bbox 993 4084 1049 4156; x_wconf 77' lang='lat' dir='ltr'><strong>toto</strong></span> <span class='ocrx_word' id='word_1_601' title='bbox 1077 4099 1240 4155; x_wconf 88' lang='lat' dir='ltr'><strong>bibitionem</strong></span> <span class='ocrx_word' id='word_1_602' title='bbox 1260 4101 1435 4165; x_wconf 83' lang='lat' dir='ltr'><strong>observatur,</strong></span> <span class='ocrx_word' id='word_1_603' title='bbox 1459 4102 1594 4173; x_wconf 88' lang='lat' dir='ltr'><strong>repetitur</strong></span> <span class='ocrx_word' id='word_1_604' title='bbox 1612 4109 1639 4158; x_wconf 92' lang='lat' dir='ltr'><strong>et</strong></span> <span class='ocrx_word' id='word_1_605' title='bbox 1657 4104 1737 4176; x_wconf 87' lang='lat' dir='ltr'><strong>quasi</strong></span> <span class='ocrx_word' id='word_1_606' title='bbox 1755 4111 1911 4176; x_wconf 87' lang='lat' dir='ltr'><strong>renovatur,</strong></span> 
     </span>
     <span class='ocr_line' id='line_1_45' title="bbox 215 4185 1912 4264; baseline 0.006 -25"><span class='ocrx_word' id='word_1_607' title='bbox 215 4186 267 4240; x_wconf 81' lang='lat' dir='ltr'><strong>s&#39;tto</strong></span> <span class='ocrx_word' id='word_1_608' title='bbox 288 4185 380 4255; x_wconf 83' lang='lat' dir='ltr'><strong>spatio</strong></span> <span class='ocrx_word' id='word_1_609' title='bbox 404 4185 536 4254; x_wconf 83' lang='lat' dir='ltr'><strong>temporis</strong></span> <span class='ocrx_word' id='word_1_610' title='bbox 558 4199 616 4237; x_wconf 84' lang='lat' dir='ltr'><strong>esce</strong></span> <span class='ocrx_word' id='word_1_611' title='bbox 633 4190 852 4254; x_wconf 83' lang='lat' dir='ltr'><strong>sacramentam,</strong></span> <span class='ocrx_word' id='word_1_612' title='bbox 878 4193 904 4239; x_wconf 87' lang='lat' dir='ltr'><strong>et</strong></span> <span class='ocrx_word' id='word_1_613' title='bbox 918 4187 947 4239; x_wconf 85' lang='lat' dir='ltr'><strong>in</strong></span> <span class='ocrx_word' id='word_1_614' title='bbox 968 4204 1001 4242; x_wconf 87' lang='lat' dir='ltr'><strong>ea</strong></span> <span class='ocrx_word' id='word_1_615' title='bbox 1019 4207 1050 4243; x_wconf 86' lang='lat' dir='ltr'><strong>re</strong></span> <span class='ocrx_word' id='word_1_616' title='bbox 1077 4194 1220 4258; x_wconf 86' lang='lat' dir='ltr'><strong>acceptam</strong></span> <span class='ocrx_word' id='word_1_617' title='bbox 1242 4186 1384 4243; x_wconf 83' lang='lat' dir='ltr'><strong>ferendam</strong></span> <span class='ocrx_word' id='word_1_618' title='bbox 1407 4204 1467 4243; x_wconf 90' lang='lat' dir='ltr'><strong>esse</strong></span> <span class='ocrx_word' id='word_1_619' title='bbox 1487 4187 1609 4246; x_wconf 89' lang='lat' dir='ltr'><strong>dicimus.</strong></span> <span class='ocrx_word' id='word_1_620' title='bbox 1645 4190 1778 4256; x_wconf 82' lang='lat' dir='ltr'><strong>Quamvis</strong></span> <span class='ocrx_word' id='word_1_621' title='bbox 1795 4194 1912 4264; x_wconf 87' lang='lat' dir='ltr'><strong>proinde</strong></span> 
     </span>
     <span class='ocr_line' id='line_1_46' title="bbox 214 4271 1912 4342; baseline 0.006 -16"><span class='ocrx_word' id='word_1_622' title='bbox 214 4274 278 4342; x_wconf 71' lang='lat' dir='ltr'><strong>ipsa</strong></span> <span class='ocrx_word' id='word_1_623' title='bbox 296 4287 409 4325; x_wconf 76' lang='lat' dir='ltr'><strong>manem</strong></span> <span class='ocrx_word' id='word_1_624' title='bbox 428 4288 530 4340; x_wconf 78' lang='lat' dir='ltr'><strong>eorpus</strong></span> <span class='ocrx_word' id='word_1_625' title='bbox 549 4271 682 4340; x_wconf 87' lang='lat' dir='ltr'><strong>Domini,</strong></span> <span class='ocrx_word' id='word_1_626' title='bbox 712 4279 743 4324; x_wconf 81' lang='lat' dir='ltr'><strong>ut</strong></span> <span class='ocrx_word' id='word_1_627' title='bbox 762 4287 794 4325; x_wconf 83' lang='lat' dir='ltr'><strong>en</strong></span> <span class='ocrx_word' id='word_1_628' title='bbox 812 4272 944 4327; x_wconf 78' lang='lat' dir='ltr'><strong>Lindana</strong></span> <span class='ocrx_word' id='word_1_629' title='bbox 963 4277 1051 4341; x_wconf 76' lang='lat' dir='ltr'><strong>refert</strong></span> <span class='ocrx_word' id='word_1_630' title='bbox 1077 4272 1280 4330; x_wconf 87' lang='lat' dir='ltr'><strong>administratio</strong></span> <span class='ocrx_word' id='word_1_631' title='bbox 1312 4290 1407 4330; x_wconf 88' lang='lat' dir='ltr'><strong>sacrae</strong></span> <span class='ocrx_word' id='word_1_632' title='bbox 1437 4290 1540 4330; x_wconf 89' lang='lat' dir='ltr'><strong>coenae</strong></span> <span class='ocrx_word' id='word_1_633' title='bbox 1572 4275 1687 4331; x_wconf 90' lang='lat' dir='ltr'><strong>diversis</strong></span> <span class='ocrx_word' id='word_1_634' title='bbox 1717 4278 1825 4334; x_wconf 89' lang='lat' dir='ltr'><strong>actibus</strong></span> <span class='ocrx_word' id='word_1_635' title='bbox 1855 4279 1912 4336; x_wconf 90' lang='lat' dir='ltr'><strong>sive</strong></span> 
     </span>
     <span class='ocr_line' id='line_1_47' title="bbox 216 4357 1911 4432; baseline 0.006 -19"><span class='ocrx_word' id='word_1_636' title='bbox 216 4357 355 4413; x_wconf 74' lang='lat' dir='ltr'><strong>Claudius</strong></span> <span class='ocrx_word' id='word_1_637' title='bbox 376 4357 493 4412; x_wconf 69' lang='lat' dir='ltr'><strong>armen</strong></span> <span class='ocrx_word' id='word_1_638' title='bbox 510 4365 593 4426; x_wconf 83' lang='lat' dir='ltr'><strong>repet.</strong></span> <span class='ocrx_word' id='word_1_639' title='bbox 614 4362 637 4410; x_wconf 86' lang='lat' dir='ltr'><strong>t.</strong></span> <span class='ocrx_word' id='word_1_640' title='bbox 656 4360 691 4410; x_wconf 82' lang='lat' dir='ltr'><strong>de</strong></span> <span class='ocrx_word' id='word_1_641' title='bbox 712 4358 862 4414; x_wconf 81' lang='lat' dir='ltr'><strong>ettcborist.</strong></span> <span class='ocrx_word' id='word_1_642' title='bbox 881 4377 903 4412; x_wconf 83' lang='lat' dir='ltr'><strong>c.</strong></span> <span class='ocrx_word' id='word_1_643' title='bbox 922 4363 964 4415; x_wconf 90' lang='lat'><strong>12.</strong></span> <span class='ocrx_word' id='word_1_644' title='bbox 998 4360 1050 4417; x_wconf 89' lang='lat' dir='ltr'><strong>Re·</strong></span> <span class='ocrx_word' id='word_1_645' title='bbox 1077 4360 1232 4416; x_wconf 88' lang='lat' dir='ltr'><strong>actionibus</strong></span> <span class='ocrx_word' id='word_1_646' title='bbox 1256 4364 1376 4429; x_wconf 88' lang='lat' dir='ltr'><strong>constet,</strong></span> <span class='ocrx_word' id='word_1_647' title='bbox 1400 4360 1529 4418; x_wconf 89' lang='lat' dir='ltr'><strong>videlicet</strong></span> <span class='ocrx_word' id='word_1_648' title='bbox 1550 4363 1758 4432; x_wconf 89' lang='lat' dir='ltr'><strong>benedictione,</strong></span> <span class='ocrx_word' id='word_1_649' title='bbox 1782 4365 1911 4423; x_wconf 84' lang='lat' dir='ltr'><strong>distribu-</strong></span> 
     </span>
     <span class='ocr_line' id='line_1_48' title="bbox 216 4442 1912 4526; baseline 0.005 -26"><span class='ocrx_word' id='word_1_650' title='bbox 216 4445 398 4521; x_wconf 83' lang='lat' dir='ltr'><strong>spoudemus:</strong></span> <span class='ocrx_word' id='word_1_651' title='bbox 440 4442 604 4514; x_wconf 87' lang='lat' dir='ltr'><strong>Principalis</strong></span> <span class='ocrx_word' id='word_1_652' title='bbox 629 4444 737 4516; x_wconf 88' lang='lat' dir='ltr'><strong>quaesti</strong></span> <span class='ocrx_word' id='word_1_653' title='bbox 770 4450 823 4513; x_wconf 92' lang='lat' dir='ltr'><strong>est,</strong></span> <span class='ocrx_word' id='word_1_654' title='bbox 852 4448 985 4519; x_wconf 87' lang='lat' dir='ltr'><strong>supanis</strong></span> <span class='ocrx_word' id='word_1_655' title='bbox 1004 4467 1050 4504; x_wconf 92' lang='lat' dir='ltr'><strong>eu·</strong></span> <span class='ocrx_word' id='word_1_656' title='bbox 1077 4447 1164 4516; x_wconf 89' lang='lat' dir='ltr'><strong>tione,</strong></span> <span class='ocrx_word' id='word_1_657' title='bbox 1182 4447 1394 4503; x_wconf 87' lang='lat' dir='ltr'><strong>manducatione</strong></span> <span class='ocrx_word' id='word_1_658' title='bbox 1411 4454 1439 4502; x_wconf 90' lang='lat' dir='ltr'><strong>et</strong></span> <span class='ocrx_word' id='word_1_659' title='bbox 1457 4448 1608 4515; x_wconf 85' lang='lat' dir='ltr'><strong>sumtione,</strong></span> <span class='ocrx_word' id='word_1_660' title='bbox 1628 4467 1699 4521; x_wconf 91' lang='lat' dir='ltr'><strong>quae</strong></span> <span class='ocrx_word' id='word_1_661' title='bbox 1717 4452 1797 4506; x_wconf 90' lang='lat' dir='ltr'><strong>simul</strong></span> <span class='ocrx_word' id='word_1_662' title='bbox 1813 4453 1912 4526; x_wconf 78' lang='lat' dir='ltr'><strong>peragi</strong></span> 
     </span>
     <span class='ocr_line' id='line_1_49' title="bbox 214 4462 1913 4606; baseline 0.006 -20"><span class='ocrx_word' id='word_1_663' title='bbox 214 4530 378 4598; x_wconf 87' lang='lat' dir='ltr'><strong>charistiae,</strong></span> <span class='ocrx_word' id='word_1_664' title='bbox 395 4529 507 4601; x_wconf 84' lang='lat' dir='ltr'><strong>quando</strong></span> <span class='ocrx_word' id='word_1_665' title='bbox 524 4530 685 4585; x_wconf 87' lang='lat' dir='ltr'><strong>recitatione</strong></span> <span class='ocrx_word' id='word_1_666' title='bbox 704 4462 849 4585; x_wconf 65' lang='lat' dir='ltr'><strong>rebeum</strong></span> <span class='ocrx_word' id='word_1_667' title='bbox 872 4533 1051 4590; x_wconf 89' lang='lat' dir='ltr'><strong>institutionis</strong></span> <span class='ocrx_word' id='word_1_668' title='bbox 1076 4549 1132 4589; x_wconf 90' lang='lat' dir='ltr'><strong>non</strong></span> <span class='ocrx_word' id='word_1_669' title='bbox 1151 4538 1274 4605; x_wconf 81' lang='lat' dir='ltr'><strong>possunt,</strong></span> <span class='ocrx_word' id='word_1_670' title='bbox 1296 4551 1346 4588; x_wconf 89' lang='lat' dir='ltr'><strong>nec</strong></span> <span class='ocrx_word' id='word_1_671' title='bbox 1364 4533 1394 4588; x_wconf 89' lang='lat' dir='ltr'><strong>in</strong></span> <span class='ocrx_word' id='word_1_672' title='bbox 1412 4550 1467 4589; x_wconf 91' lang='lat' dir='ltr'><strong>uno</strong></span> <span class='ocrx_word' id='word_1_673' title='bbox 1485 4542 1622 4591; x_wconf 90' lang='lat' dir='ltr'><strong>momento</strong></span> <span class='ocrx_word' id='word_1_674' title='bbox 1640 4535 1717 4606; x_wconf 74' lang='lat' dir='ltr'><strong>fieri3</strong></span> <span class='ocrx_word' id='word_1_675' title='bbox 1736 4537 1800 4594; x_wconf 91' lang='lat' dir='ltr'><strong>illae</strong></span> <span class='ocrx_word' id='word_1_676' title='bbox 1819 4545 1913 4596; x_wconf 61' lang='lat' dir='ltr'><strong>nmen</strong></span> 
     </span>
     <span class='ocr_line' id='line_1_50' title="bbox 215 4616 1914 4697; baseline 0.002 -21"><span class='ocrx_word' id='word_1_677' title='bbox 215 4618 385 4686; x_wconf 86' lang='lat' dir='ltr'><strong>benedictus,</strong></span> <span class='ocrx_word' id='word_1_678' title='bbox 404 4616 591 4673; x_wconf 87' lang='lat' dir='ltr'><strong>sanctificatus</strong></span> <span class='ocrx_word' id='word_1_679' title='bbox 611 4624 660 4672; x_wconf 90' lang='lat' dir='ltr'><strong>aut</strong></span> <span class='ocrx_word' id='word_1_680' title='bbox 678 4623 854 4673; x_wconf 87' lang='lat' dir='ltr'><strong>consecratus</strong></span> <span class='ocrx_word' id='word_1_681' title='bbox 873 4626 927 4685; x_wconf 90' lang='lat' dir='ltr'><strong>est,</strong></span> <span class='ocrx_word' id='word_1_682' title='bbox 956 4623 1050 4677; x_wconf 88' lang='lat' dir='ltr'><strong>statim</strong></span> <span class='ocrx_word' id='word_1_683' title='bbox 1076 4636 1251 4693; x_wconf 87' lang='lat' dir='ltr'><strong>nequaquam</strong></span> <span class='ocrx_word' id='word_1_684' title='bbox 1271 4620 1298 4674; x_wconf 90' lang='lat' dir='ltr'><strong>in</strong></span> <span class='ocrx_word' id='word_1_685' title='bbox 1313 4619 1366 4675; x_wconf 90' lang='lat' dir='ltr'><strong>hac</strong></span> <span class='ocrx_word' id='word_1_686' title='bbox 1387 4622 1549 4693; x_wconf 88' lang='lat' dir='ltr'><strong>quaestione</strong></span> <span class='ocrx_word' id='word_1_687' title='bbox 1567 4623 1602 4677; x_wconf 91' lang='lat' dir='ltr'><strong>de</strong></span> <span class='ocrx_word' id='word_1_688' title='bbox 1621 4624 1914 4697; x_wconf 85' lang='lat' dir='ltr'><strong>praesentiacorporis</strong></span> 
     </span>
     <span class='ocr_line' id='line_1_51' title="bbox 215 4704 1913 4778; baseline 0.005 -18"><span class='ocrx_word' id='word_1_689' title='bbox 215 4707 251 4761; x_wconf 91' lang='lat' dir='ltr'><strong>sit</strong></span> <span class='ocrx_word' id='word_1_690' title='bbox 281 4704 500 4773; x_wconf 86' lang='lat' dir='ltr'><strong>distribuendus,</strong></span> <span class='ocrx_word' id='word_1_691' title='bbox 538 4705 688 4760; x_wconf 90' lang='lat' dir='ltr'><strong>sumendas</strong></span> <span class='ocrx_word' id='word_1_692' title='bbox 726 4711 755 4760; x_wconf 89' lang='lat' dir='ltr'><strong>et</strong></span> <span class='ocrx_word' id='word_1_693' title='bbox 784 4706 993 4762; x_wconf 86' lang='lat' dir='ltr'><strong>manducandus</strong></span> <span class='ocrx_word' id='word_1_694' title='bbox 1023 4709 1051 4762; x_wconf 90' lang='lat' dir='ltr'><strong>iu</strong></span> <span class='ocrx_word' id='word_1_695' title='bbox 1077 4714 1105 4762; x_wconf 89' lang='lat' dir='ltr'><strong>et</strong></span> <span class='ocrx_word' id='word_1_696' title='bbox 1132 4705 1274 4778; x_wconf 89' lang='lat' dir='ltr'><strong>sanguinis</strong></span> <span class='ocrx_word' id='word_1_697' title='bbox 1300 4705 1402 4762; x_wconf 87' lang='lat' dir='ltr'><strong>Christi</strong></span> <span class='ocrx_word' id='word_1_698' title='bbox 1424 4715 1488 4762; x_wconf 91' lang='lat' dir='ltr'><strong>sunt</strong></span> <span class='ocrx_word' id='word_1_699' title='bbox 1512 4709 1698 4778; x_wconf 89' lang='lat' dir='ltr'><strong>divellendae,</strong></span> <span class='ocrx_word' id='word_1_700' title='bbox 1731 4728 1793 4767; x_wconf 91' lang='lat' dir='ltr'><strong>cum</strong></span> <span class='ocrx_word' id='word_1_701' title='bbox 1817 4728 1913 4769; x_wconf 88' lang='lat' dir='ltr'><strong>omnes</strong></span> 
     </span>
     <span class='ocr_line' id='line_1_52' title="bbox 214 4791 1913 4871; baseline 0.004 -24"><span class='ocrx_word' id='word_1_702' title='bbox 214 4792 498 4849; x_wconf 88' lang='lat' dir='ltr'><strong>commemorationem</strong></span> <span class='ocrx_word' id='word_1_703' title='bbox 526 4791 643 4860; x_wconf 71' lang='lat' dir='ltr'><strong>Chusa,</strong></span> <span class='ocrx_word' id='word_1_704' title='bbox 667 4809 703 4848; x_wconf 89' lang='lat' dir='ltr'><strong>an</strong></span> <span class='ocrx_word' id='word_1_705' title='bbox 720 4808 785 4847; x_wconf 89' lang='lat' dir='ltr'><strong>vero</strong></span> <span class='ocrx_word' id='word_1_706' title='bbox 803 4797 867 4862; x_wconf 91' lang='lat' dir='ltr'><strong>post</strong></span> <span class='ocrx_word' id='word_1_707' title='bbox 883 4793 1050 4850; x_wconf 87' lang='lat' dir='ltr'><strong>benedictio-</strong></span> <span class='ocrx_word' id='word_1_708' title='bbox 1077 4792 1158 4847; x_wconf 90' lang='lat' dir='ltr'><strong>simul</strong></span> <span class='ocrx_word' id='word_1_709' title='bbox 1178 4794 1213 4847; x_wconf 89' lang='lat' dir='ltr'><strong>sd</strong></span> <span class='ocrx_word' id='word_1_710' title='bbox 1233 4792 1369 4848; x_wconf 85' lang='lat' dir='ltr'><strong>actionem</strong></span> <span class='ocrx_word' id='word_1_711' title='bbox 1387 4810 1489 4866; x_wconf 90' lang='lat' dir='ltr'><strong>genere</strong></span> <span class='ocrx_word' id='word_1_712' title='bbox 1507 4813 1604 4865; x_wconf 90' lang='lat' dir='ltr'><strong>unam,</strong></span> <span class='ocrx_word' id='word_1_713' title='bbox 1626 4797 1680 4851; x_wconf 90' lang='lat' dir='ltr'><strong>hoc</strong></span> <span class='ocrx_word' id='word_1_714' title='bbox 1700 4803 1743 4852; x_wconf 83' lang='lat' dir='ltr'><strong>cst</strong></span> <span class='ocrx_word' id='word_1_715' title='bbox 1759 4798 1913 4871; x_wconf 86' lang='lat' dir='ltr'><strong>legitimam</strong></span> 
     </span>
    </p>

    <p class='ocr_par' dir='ltr' id='par_1_13' title="bbox 176 4877 1913 5566">
     <span class='ocr_line' id='line_1_53' title="bbox 176 4877 1913 4960; baseline 0.004 -26"><span class='ocrx_word' id='word_1_716' title='bbox 176 4898 180 4909; x_wconf 88' lang='lat'><strong>·</strong></span> <span class='ocrx_word' id='word_1_717' title='bbox 215 4896 277 4935; x_wconf 89' lang='lat' dir='ltr'><strong>nem</strong></span> <span class='ocrx_word' id='word_1_718' title='bbox 307 4879 408 4935; x_wconf 90' lang='lat' dir='ltr'><strong>omissa</strong></span> <span class='ocrx_word' id='word_1_719' title='bbox 437 4877 643 4945; x_wconf 87' lang='lat' dir='ltr'><strong>distributione,</strong></span> <span class='ocrx_word' id='word_1_720' title='bbox 674 4879 811 4934; x_wconf 90' lang='lat' dir='ltr'><strong>sumtione</strong></span> <span class='ocrx_word' id='word_1_721' title='bbox 844 4888 872 4935; x_wconf 88' lang='lat' dir='ltr'><strong>et</strong></span> <span class='ocrx_word' id='word_1_722' title='bbox 886 4881 1050 4938; x_wconf 86' lang='lat' dir='ltr'><strong>¹manduca-</strong></span> <span class='ocrx_word' id='word_1_723' title='bbox 1077 4897 1171 4937; x_wconf 85' lang='lat' dir='ltr'><strong>sacrae</strong></span> <span class='ocrx_word' id='word_1_724' title='bbox 1191 4897 1293 4936; x_wconf 89' lang='lat' dir='ltr'><strong>coenae</strong></span> <span class='ocrx_word' id='word_1_725' title='bbox 1311 4882 1577 4939; x_wconf 87' lang='lat' dir='ltr'><strong>administrationem</strong></span> <span class='ocrx_word' id='word_1_726' title='bbox 1598 4900 1615 4939; x_wconf 90' lang='lat' dir='ltr'><strong>a</strong></span> <span class='ocrx_word' id='word_1_727' title='bbox 1633 4884 1740 4940; x_wconf 82' lang='lat' dir='ltr'><strong>Christo</strong></span> <span class='ocrx_word' id='word_1_728' title='bbox 1760 4888 1913 4960; x_wconf 77' lang='lat' dir='ltr'><strong>praescrip</strong></span> 
     </span>
     <span class='ocr_line' id='line_1_54' title="bbox 214 4965 1913 5045; baseline 0.005 -24"><span class='ocrx_word' id='word_1_729' title='bbox 214 4967 288 5023; x_wconf 88' lang='lat' dir='ltr'><strong>tione</strong></span> <span class='ocrx_word' id='word_1_730' title='bbox 306 4967 342 5021; x_wconf 89' lang='lat' dir='ltr'><strong>sit</strong></span> <span class='ocrx_word' id='word_1_731' title='bbox 360 4965 545 5037; x_wconf 90' lang='lat' dir='ltr'><strong>reponendus,</strong></span> <span class='ocrx_word' id='word_1_732' title='bbox 564 4965 761 5029; x_wconf 88' lang='lat' dir='ltr'><strong>includendus,</strong></span> <span class='ocrx_word' id='word_1_733' title='bbox 782 4967 979 5032; x_wconf 84' lang='lat' dir='ltr'><strong>asservandus,</strong></span> <span class='ocrx_word' id='word_1_734' title='bbox 999 4968 1050 5023; x_wconf 90' lang='lat' dir='ltr'><strong>cir-</strong></span> <span class='ocrx_word' id='word_1_735' title='bbox 1061 4982 1064 4997; x_wconf 75' lang='lat'><strong>⁴</strong></span> <span class='ocrx_word' id='word_1_736' title='bbox 1076 4973 1132 5020; x_wconf 72' lang='lat' dir='ltr'><strong>mm</strong></span> <span class='ocrx_word' id='word_1_737' title='bbox 1158 4974 1340 5038; x_wconf 71' lang='lat' dir='ltr'><strong>concurrant,</strong></span> <span class='ocrx_word' id='word_1_738' title='bbox 1366 4976 1449 5042; x_wconf 91' lang='lat' dir='ltr'><strong>atque</strong></span> <span class='ocrx_word' id='word_1_739' title='bbox 1469 4976 1501 5025; x_wconf 91' lang='lat' dir='ltr'><strong>ut</strong></span> <span class='ocrx_word' id='word_1_740' title='bbox 1518 4970 1605 5026; x_wconf 77' lang='lat' dir='ltr'><strong>Filius</strong></span> <span class='ocrx_word' id='word_1_741' title='bbox 1624 4970 1677 5026; x_wconf 91' lang='lat' dir='ltr'><strong>Dei</strong></span> <span class='ocrx_word' id='word_1_742' title='bbox 1689 4972 1725 5026; x_wconf 88' lang='lat' dir='ltr'><strong>·in</strong></span> <span class='ocrx_word' id='word_1_743' title='bbox 1744 4974 1834 5045; x_wconf 88' lang='lat' dir='ltr'><strong>prima</strong></span> <span class='ocrx_word' id='word_1_744' title='bbox 1852 4990 1913 5032; x_wconf 88' lang='lat' dir='ltr'><strong>cos-</strong></span> 
     </span>
     <span class='ocr_line' id='line_1_55' title="bbox 215 5052 1913 5126; baseline 0.006 -20"><span class='ocrx_word' id='word_1_745' title='bbox 215 5054 446 5126; x_wconf 85' lang='lat' dir='ltr'><strong>cumgestandus,</strong></span> <span class='ocrx_word' id='word_1_746' title='bbox 471 5052 651 5108; x_wconf 88' lang='lat' dir='ltr'><strong>ostentandus</strong></span> <span class='ocrx_word' id='word_1_747' title='bbox 671 5058 699 5108; x_wconf 89' lang='lat' dir='ltr'><strong>et</strong></span> <span class='ocrx_word' id='word_1_748' title='bbox 716 5053 752 5107; x_wconf 93' lang='lat' dir='ltr'><strong>ad</strong></span> <span class='ocrx_word' id='word_1_749' title='bbox 773 5052 841 5109; x_wconf 90' lang='lat' dir='ltr'><strong>alios</strong></span> <span class='ocrx_word' id='word_1_750' title='bbox 860 5071 925 5109; x_wconf 93' lang='lat' dir='ltr'><strong>usus</strong></span> <span class='ocrx_word' id='word_1_751' title='bbox 944 5071 1050 5110; x_wconf 91' lang='lat' dir='ltr'><strong>accom-</strong></span> <span class='ocrx_word' id='word_1_752' title='bbox 1076 5069 1129 5108; x_wconf 88' lang='lat' dir='ltr'><strong>nas</strong></span> <span class='ocrx_word' id='word_1_753' title='bbox 1152 5054 1389 5113; x_wconf 87' lang='lat' dir='ltr'><strong>administratione</strong></span> <span class='ocrx_word' id='word_1_754' title='bbox 1412 5074 1484 5111; x_wconf 81' lang='lat' dir='ltr'><strong>nexu</strong></span> <span class='ocrx_word' id='word_1_755' title='bbox 1503 5054 1689 5113; x_wconf 89' lang='lat' dir='ltr'><strong>indissolubili</strong></span> <span class='ocrx_word' id='word_1_756' title='bbox 1708 5065 1736 5114; x_wconf 91' lang='lat' dir='ltr'><strong>et</strong></span> <span class='ocrx_word' id='word_1_757' title='bbox 1754 5060 1913 5117; x_wconf 87' lang='lat' dir='ltr'><strong>immediato</strong></span> 
     </span>
     <span class='ocr_line' id='line_1_56' title="bbox 215 5138 1912 5219; baseline 0.008 -27"><span class='ocrx_word' id='word_1_758' title='bbox 215 5139 381 5210; x_wconf 91' lang='lat' dir='ltr'><strong>modandus,</strong></span> <span class='ocrx_word' id='word_1_759' title='bbox 406 5140 446 5195; x_wconf 87' lang='lat' dir='ltr'><strong>ita</strong></span> <span class='ocrx_word' id='word_1_760' title='bbox 464 5146 496 5194; x_wconf 91' lang='lat' dir='ltr'><strong>ut</strong></span> <span class='ocrx_word' id='word_1_761' title='bbox 514 5144 578 5211; x_wconf 89' lang='lat' dir='ltr'><strong>post</strong></span> <span class='ocrx_word' id='word_1_762' title='bbox 595 5138 702 5211; x_wconf 90' lang='lat' dir='ltr'><strong>aliquot</strong></span> <span class='ocrx_word' id='word_1_763' title='bbox 718 5139 762 5194; x_wconf 91' lang='lat' dir='ltr'><strong>vel</strong></span> <span class='ocrx_word' id='word_1_764' title='bbox 783 5139 855 5208; x_wconf 89' lang='lat' dir='ltr'><strong>dies,</strong></span> <span class='ocrx_word' id='word_1_765' title='bbox 874 5141 1050 5213; x_wconf 90' lang='lat' dir='ltr'><strong>septimanas,</strong></span> <span class='ocrx_word' id='word_1_766' title='bbox 1076 5156 1122 5195; x_wconf 85' lang='lat' dir='ltr'><strong>eas</strong></span> <span class='ocrx_word' id='word_1_767' title='bbox 1140 5143 1295 5214; x_wconf 86' lang='lat' dir='ltr'><strong>conjunxit,</strong></span> <span class='ocrx_word' id='word_1_768' title='bbox 1314 5143 1353 5200; x_wconf 87' lang='lat' dir='ltr'><strong>ita</strong></span> <span class='ocrx_word' id='word_1_769' title='bbox 1371 5160 1481 5216; x_wconf 89' lang='lat' dir='ltr'><strong>quoque</strong></span> <span class='ocrx_word' id='word_1_770' title='bbox 1501 5144 1611 5199; x_wconf 90' lang='lat' dir='ltr'><strong>anobis</strong></span> <span class='ocrx_word' id='word_1_771' title='bbox 1631 5144 1690 5201; x_wconf 87' lang='lat' dir='ltr'><strong>sine</strong></span> <span class='ocrx_word' id='word_1_772' title='bbox 1706 5145 1825 5219; x_wconf 87' lang='lat' dir='ltr'><strong>longiori</strong></span> <span class='ocrx_word' id='word_1_773' title='bbox 1845 5154 1912 5205; x_wconf 89' lang='lat' dir='ltr'><strong>tem·</strong></span> 
     </span>
     <span class='ocr_line' id='line_1_57' title="bbox 216 5226 1912 5301; baseline 0.008 -24"><span class='ocrx_word' id='word_1_774' title='bbox 216 5240 322 5280; x_wconf 88' lang='lat' dir='ltr'><strong>menses</strong></span> <span class='ocrx_word' id='word_1_775' title='bbox 346 5227 391 5282; x_wconf 92' lang='lat' dir='ltr'><strong>vel</strong></span> <span class='ocrx_word' id='word_1_776' title='bbox 416 5244 502 5282; x_wconf 89' lang='lat' dir='ltr'><strong>annos</strong></span> <span class='ocrx_word' id='word_1_777' title='bbox 528 5226 637 5282; x_wconf 91' lang='lat' dir='ltr'><strong>demum</strong></span> <span class='ocrx_word' id='word_1_778' title='bbox 662 5232 796 5298; x_wconf 89' lang='lat' dir='ltr'><strong>sequatur</strong></span> <span class='ocrx_word' id='word_1_779' title='bbox 821 5229 882 5298; x_wconf 87' lang='lat' dir='ltr'><strong>ejus</strong></span> <span class='ocrx_word' id='word_1_780' title='bbox 908 5227 1007 5283; x_wconf 90' lang='lat' dir='ltr'><strong>sumtio</strong></span> <span class='ocrx_word' id='word_1_781' title='bbox 1023 5227 1149 5298; x_wconf 76' lang='lat' dir='ltr'><strong>et‘poris</strong></span> <span class='ocrx_word' id='word_1_782' title='bbox 1185 5228 1392 5301; x_wconf 88' lang='lat' dir='ltr'><strong>intercapedine</strong></span> <span class='ocrx_word' id='word_1_783' title='bbox 1415 5230 1443 5283; x_wconf 92' lang='lat' dir='ltr'><strong>in</strong></span> <span class='ocrx_word' id='word_1_784' title='bbox 1467 5229 1704 5288; x_wconf 89' lang='lat' dir='ltr'><strong>administratione</strong></span> <span class='ocrx_word' id='word_1_785' title='bbox 1729 5250 1832 5290; x_wconf 83' lang='lat' dir='ltr'><strong>coenae</strong></span> <span class='ocrx_word' id='word_1_786' title='bbox 1849 5251 1912 5290; x_wconf 90' lang='lat' dir='ltr'><strong>con·</strong></span> 
     </span>
     <span class='ocr_line' id='line_1_58' title="bbox 216 5291 1912 5388; baseline 0.009 -25"><span class='ocrx_word' id='word_1_787' title='bbox 216 5310 404 5382; x_wconf 89' lang='lat' dir='ltr'><strong>manducatio,</strong></span> <span class='ocrx_word' id='word_1_788' title='bbox 434 5314 478 5369; x_wconf 90' lang='lat' dir='ltr'><strong>vel</strong></span> <span class='ocrx_word' id='word_1_789' title='bbox 508 5312 590 5369; x_wconf 91' lang='lat' dir='ltr'><strong>etiam</strong></span> <span class='ocrx_word' id='word_1_790' title='bbox 623 5313 705 5385; x_wconf 89' lang='lat' dir='ltr'><strong>plane</strong></span> <span class='ocrx_word' id='word_1_791' title='bbox 731 5314 882 5369; x_wconf 87' lang='lat' dir='ltr'><strong>omittatur.</strong></span> <span class='ocrx_word' id='word_1_792' title='bbox 928 5313 974 5370; x_wconf 83' lang='lat' dir='ltr'><strong>Ab</strong></span> <span class='ocrx_word' id='word_1_793' title='bbox 998 5291 1234 5386; x_wconf 68' lang='lat' dir='ltr'><strong>hseljungsnase</strong></span> <span class='ocrx_word' id='word_1_794' title='bbox 1264 5322 1329 5371; x_wconf 90' lang='lat' dir='ltr'><strong>sunt</strong></span> <span class='ocrx_word' id='word_1_795' title='bbox 1358 5333 1390 5371; x_wconf 87' lang='lat' dir='ltr'><strong>ac</strong></span> <span class='ocrx_word' id='word_1_796' title='bbox 1413 5314 1495 5369; x_wconf 90' lang='lat' dir='ltr'><strong>simul</strong></span> <span class='ocrx_word' id='word_1_797' title='bbox 1520 5318 1706 5388; x_wconf 80' lang='lat' dir='ltr'><strong>peragendae.</strong></span> <span class='ocrx_word' id='word_1_798' title='bbox 1747 5319 1808 5375; x_wconf 88' lang='lat' dir='ltr'><strong>Hac</strong></span> <span class='ocrx_word' id='word_1_799' title='bbox 1827 5321 1863 5378; x_wconf 90' lang='lat' dir='ltr'><strong>de</strong></span> <span class='ocrx_word' id='word_1_800' title='bbox 1882 5338 1912 5377; x_wconf 86' lang='lat' dir='ltr'><strong>re</strong></span> 
     </span>
     <span class='ocr_line' id='line_1_59' title="bbox 215 5384 1912 5475; baseline 0.009 -26"><span class='ocrx_word' id='word_1_801' title='bbox 215 5395 361 5466; x_wconf 88' lang='lat' dir='ltr'><strong>principali</strong></span> <span class='ocrx_word' id='word_1_802' title='bbox 382 5399 555 5470; x_wconf 89' lang='lat' dir='ltr'><strong>quaestione,</strong></span> <span class='ocrx_word' id='word_1_803' title='bbox 584 5399 619 5454; x_wconf 90' lang='lat' dir='ltr'><strong>ad</strong></span> <span class='ocrx_word' id='word_1_804' title='bbox 640 5418 723 5472; x_wconf 90' lang='lat' dir='ltr'><strong>quam</strong></span> <span class='ocrx_word' id='word_1_805' title='bbox 742 5414 775 5454; x_wconf 85' lang='lat' dir='ltr'><strong>ex</strong></span> <span class='ocrx_word' id='word_1_806' title='bbox 793 5398 884 5455; x_wconf 86' lang='lat' dir='ltr'><strong>verbis</strong></span> <span class='ocrx_word' id='word_1_807' title='bbox 903 5398 1049 5455; x_wconf 84' lang='lat' dir='ltr'><strong>iustitutio-</strong></span> <span class='ocrx_word' id='word_1_808' title='bbox 1062 5384 1064 5415; x_wconf 83' lang='lat'><strong>¹</strong></span> <span class='ocrx_word' id='word_1_809' title='bbox 1076 5400 1116 5454; x_wconf 91' lang='lat' dir='ltr'><strong>sic</strong></span> <span class='ocrx_word' id='word_1_810' title='bbox 1141 5401 1238 5457; x_wconf 89' lang='lat' dir='ltr'><strong>scribit</strong></span> <span class='ocrx_word' id='word_1_811' title='bbox 1260 5403 1294 5457; x_wconf 90' lang='lat' dir='ltr'><strong>D.</strong></span> <span class='ocrx_word' id='word_1_812' title='bbox 1317 5401 1455 5457; x_wconf 86' lang='lat' dir='ltr'><strong>Lutherus</strong></span> <span class='ocrx_word' id='word_1_813' title='bbox 1476 5401 1503 5455; x_wconf 92' lang='lat' dir='ltr'><strong>in</strong></span> <span class='ocrx_word' id='word_1_814' title='bbox 1523 5403 1639 5475; x_wconf 88' lang='lat' dir='ltr'><strong>epistola</strong></span> <span class='ocrx_word' id='word_1_815' title='bbox 1660 5406 1696 5460; x_wconf 87' lang='lat' dir='ltr'><strong>ad</strong></span> <span class='ocrx_word' id='word_1_816' title='bbox 1715 5406 1912 5464; x_wconf 82' lang='lat' dir='ltr'><strong>Wolfferinum</strong></span> 
     </span>
     <span class='ocr_line' id='line_1_60' title="bbox 215 5464 1913 5566; baseline 0.008 -31"><span class='ocrx_word' id='word_1_817' title='bbox 215 5482 258 5536; x_wconf 90' lang='lat' dir='ltr'><strong>nis</strong></span> <span class='ocrx_word' id='word_1_818' title='bbox 276 5483 406 5553; x_wconf 84' lang='lat' dir='ltr'><strong>expedita</strong></span> <span class='ocrx_word' id='word_1_819' title='bbox 422 5492 464 5541; x_wconf 86' lang='lat' dir='ltr'><strong>est</strong></span> <span class='ocrx_word' id='word_1_820' title='bbox 483 5488 639 5559; x_wconf 85' lang='lat' dir='ltr'><strong>responsio,</strong></span> <span class='ocrx_word' id='word_1_821' title='bbox 663 5505 718 5544; x_wconf 89' lang='lat' dir='ltr'><strong>ncn</strong></span> <span class='ocrx_word' id='word_1_822' title='bbox 738 5486 877 5559; x_wconf 87' lang='lat' dir='ltr'><strong>patiamur</strong></span> <span class='ocrx_word' id='word_1_823' title='bbox 896 5464 1064 5559; x_wconf 70' lang='lat' dir='ltr'><strong>peregrina*</strong></span> <span class='ocrx_word' id='word_1_824' title='bbox 1075 5493 1214 5557; x_wconf 87' lang='lat' dir='ltr'><strong>pastorem</strong></span> <span class='ocrx_word' id='word_1_825' title='bbox 1241 5486 1428 5556; x_wconf 88' lang='lat' dir='ltr'><strong>Islebeussm,</strong></span> <span class='ocrx_word' id='word_1_826' title='bbox 1455 5488 1502 5558; x_wconf 92' lang='lat' dir='ltr'><strong>qui</strong></span> <span class='ocrx_word' id='word_1_827' title='bbox 1530 5488 1668 5563; x_wconf 91' lang='lat' dir='ltr'><strong>reliquum</strong></span> <span class='ocrx_word' id='word_1_828' title='bbox 1689 5490 1748 5546; x_wconf 90' lang='lat' dir='ltr'><strong>vini</strong></span> <span class='ocrx_word' id='word_1_829' title='bbox 1774 5510 1807 5550; x_wconf 85' lang='lat' dir='ltr'><strong>ac</strong></span> <span class='ocrx_word' id='word_1_830' title='bbox 1831 5494 1913 5566; x_wconf 84' lang='lat' dir='ltr'><strong>panis</strong></span> 
     </span>
    </p>
   </div>
   <div class='ocr_carea' id='block_1_5' title="bbox 215 5538 1913 5654">
    <p class='ocr_par' dir='ltr' id='par_1_14' title="bbox 215 5538 1913 5654">
     <span class='ocr_line' id='line_1_61' title="bbox 215 5538 1913 5654; baseline 0.008 -30"><span class='ocrx_word' id='word_1_831' title='bbox 215 5567 449 5640; x_wconf 83' lang='lat' dir='ltr'><strong>disputationibus</strong></span> <span class='ocrx_word' id='word_1_832' title='bbox 475 5571 511 5626; x_wconf 88' lang='lat' dir='ltr'><strong>de</strong></span> <span class='ocrx_word' id='word_1_833' title='bbox 535 5580 673 5631; x_wconf 88' lang='lat' dir='ltr'><strong>momento</strong></span> <span class='ocrx_word' id='word_1_834' title='bbox 696 5571 840 5644; x_wconf 86' lang='lat' dir='ltr'><strong>temporis,</strong></span> <span class='ocrx_word' id='word_1_835' title='bbox 872 5588 928 5645; x_wconf 90' lang='lat' dir='ltr'><strong>quo</strong></span> <span class='ocrx_word' id='word_1_836' title='bbox 948 5538 1253 5643; x_wconf 85' lang='lat' dir='ltr'><strong>corpuslaucbaristici</strong></span> <span class='ocrx_word' id='word_1_837' title='bbox 1285 5566 1434 5628; x_wconf 75' lang='lat' dir='ltr'><strong>misculerat</strong></span> <span class='ocrx_word' id='word_1_838' title='bbox 1462 5590 1523 5631; x_wconf 86' lang='lat' dir='ltr'><strong>cam</strong></span> <span class='ocrx_word' id='word_1_839' title='bbox 1553 5574 1618 5631; x_wconf 86' lang='lat' dir='ltr'><strong>rino</strong></span> <span class='ocrx_word' id='word_1_840' title='bbox 1645 5592 1678 5632; x_wconf 89' lang='lat' dir='ltr'><strong>ac</strong></span> <span class='ocrx_word' id='word_1_841' title='bbox 1691 5612 1694 5618; x_wconf 35' lang='lat' dir='ltr'><strong>r</strong></span> <span class='ocrx_word' id='word_1_842' title='bbox 1709 5594 1782 5650; x_wconf 88' lang='lat' dir='ltr'><strong>pane</strong></span> <span class='ocrx_word' id='word_1_843' title='bbox 1813 5581 1913 5654; x_wconf 85' lang='lat' dir='ltr'><strong>priore,</strong></span> 
     </span>
    </p>
   </div>
   <div class='ocr_carea' id='block_1_6' title="bbox 0 0 2009 6020">
    <p class='ocr_par' dir='ltr' id='par_1_15' title="bbox 0 0 2009 6020">
     <span class='ocr_line' id='line_1_62' title="bbox 0 0 2009 6020; baseline 0 0"><span class='ocrx_word' id='word_1_844' title='bbox 0 0 2009 6020; x_wconf 95' lang='lat' dir='ltr'><strong> </strong></span> 
     </span>
    </p>
   </div>
  </div>
 </body>
</html>
