4004 6022
829 288 881 346 aa
896 288 1088 349 ιιιιιιιι
1136 304 1140 311 ·
1732 304 1791 364 535

103 448 191 516 cula’,
221 445 334 517 publice
363 444 469 502 scr‘licet
497 449 609 516 recepta
638 442 774 515 evangelii
806 442 938 507 docmina,
963 441 1187 515 Respondemus:
1214 446 1284 502 haec
1304 463 1360 502 non
1379 448 1521 517 omnibus,
1544 464 1596 504 nec
1613 450 1664 504 toti
1683 452 1793 522 populo,

99 551 235 606 acapnum
248 531 251 537 ’
265 549 323 586 csse
343 532 522 603 prodipium.
568 529 725 601 Distinguit
752 529 839 601 igitur
866 529 938 584 inter
962 530 1011 584 sed
1030 533 1127 603 paucis
1144 534 1280 588 duntaxat
1296 535 1325 589 in
1341 536 1443 590 ricinia
1460 536 1571 591 fuerunt
1589 542 1663 602 nota,
1682 536 1751 592 Luc.
1770 547 1792 610 l,

100 617 187 673 iidem
216 616 318 674 Christi
343 616 554 691 propagandam
581 633 615 671 ac
639 623 836 686 propagatam,
865 614 937 669 inter
961 633 987 671 v.
1000 622 1042 674 65.
1056 619 1305 685 aciactaiuerunt
1324 628 1472 693 antequam
1494 622 1611 678 docendi
1629 642 1728 680 munus
1744 625 1792 681 Jo-

97 710 204 759 stutum
235 704 368 759 ecclesiae
399 704 555 776 primitivae
586 708 615 757 et
645 709 770 770 tempora
797 702 858 771 ejus
886 716 935 771 po·
960 700 1065 758 hannes
1086 707 1300 777 aggrederetur;
1326 709 1375 762 ssd
1394 706 1533 762 Pontificii
1550 708 1664 779 exigunt
1680 718 1793 767 externa

97 796 211 855 ιιιιιιι,
229 805 262 843 ac
275 789 405 845 disertam
424 788 503 845 addit
513 788 655 856 rationem,
676 803 762 857 quare
773 786 935 842 confirmata
960 793 988 841 ιι
1006 790 1152 846 manifesta
1170 792 1311 856 miracula,
1331 793 1431 864 quibua
1450 794 1575 849 doctores
1593 813 1671 849 snam
1688 797 1792 854 missio·

98 875 186 930 semel
213 874 338 930 docuina
365 874 467 931 Christi
494 874 632 929 miraculis
662 888 717 926 non
745 873 864 943 amplius
891 871 1021 971 inlnem
1041 875 1211 932 confirment.
1246 878 1322 949 Ergo
1340 895 1395 933 nou
1419 885 1556 950 quaerunt
1574 879 1602 934 in
1621 897 1684 951 quo
1704 884 1793 940 seda

97 962 152 1017 erit
179 977 256 1032 opus
298 962 396 1016 Canon
421 962 524 1032 quippe
547 976 694 1014 comarum
717 959 865 1012 literarum
881 958 932 1026 (in-
959 976 1014 1030 quo
1039 961 1171 1017 miracula
1195 962 1272 1018 fiant.
1314 965 1357 1018 Ac
1380 965 1403 1018 si
1428 965 1562 1020 miracula
1586 966 1635 1019 illa
1657 967 1792 1025 Johanuis

99 1047 184 1120 quit),
206 1064 286 1117 quem
299 1048 476 1118 diffamatum
489 1064 547 1101 esse
565 1045 720 1116 oportebat,
737 1045 791 1098 illa
808 1045 933 1115 (antiqua
957 1046 1003 1100 rel
1019 1046 1139 1103 fuissent
1158 1049 1270 1119 publice
1290 1057 1368 1117 note,
1392 1051 1437 1106 vel
1456 1068 1506 1121 pro
1522 1051 1662 1107 miraculis
1680 1055 1791 1125 proprie

97 1132 234 1189 miracula
257 1150 275 1189 a
299 1131 409 1188 Christo
434 1139 462 1188 st
488 1121 619 1204 apostolis
640 1130 724 1196 edita)
742 1131 815 1191 facit
831 1130 932 1199 ubique
957 1130 997 1185 ιιι
1017 1132 1099 1187 dictis
1117 1132 1221 1202 habita,
1242 1151 1327 1205 quara
1345 1136 1495 1207 synedrion
1507 1135 1790 1209 Hierosolymitanum

95 1221 218 1274 recitari
245 1228 272 1274 ιι
300 1220 450 1274 memoriae
480 1227 639 1272 ιιιιιιιιιι
669 1216 815 1270 inhaerere
841 1233 931 1285 popu·
957 1234 991 1272 ex
1014 1218 1075 1289 ipso
1099 1219 1294 1291 quaesivisset,
1318 1239 1402 1290 psam
1424 1222 1537 1276 baberet
1559 1225 1730 1279 uocationem
1749 1229 1791 1280 ad

96 1306 198 1362 lorum.
956 1305 1112 1357 docendum
1129 1313 1155 1359 ιι
1174 1306 1371 1374 baptizandum
1394 1306 1457 1362 ιιι.
1481 1313 1510 1377 1,
1534 1326 1560 1362 v
1580 1311 1632 1365 25?
1659 1327 1789 1382 quorsum

45 1399 87 1442 ιο-
133 1397 191 1450 281.
222 1392 277 1447 Sed
296 1391 401 1445 invenit
418 1389 603 1445 Bellarminus
623 1387 743 1460 aliquid,
761 1386 836 1459 quod
854 1384 930 1439 hisce
957 1389 1040 1444 etiam
1059 1390 1164 1446 diceret
1180 1392 1299 1462 populus
1317 1392 1381 1449 Joh
1397 1399 1436 1456 10,
1450 1400 1500 1450 41.
1517 1394 1662 1449 Ιιιιιιιι
1678 1398 1789 1466 quidem

45 1453 71 1545 ιι
96 1496 237 1551 opponere
254 1477 349 1533 voluit.
377 1483 401 1531 1.
419 1478 557 1531 Nostram
577 1476 735 1530 dodanam
752 1489 930 1528 msenocam
957 1475 1065 1528 nullum
1087 1477 1159 1541 fecit
1182 1477 1349 1545 sipnumi
1341 1495 1369 1532 ru
1393 1494 1464 1549 quae
1486 1480 1617 1535 rerba
1595 1499 1635 1536 ιιι
1654 1499 1788 1539 commcn-

96 1574 124 1621 et
148 1583 210 1618 carn
231 1572 290 1618 tota
312 1564 480 1633 antiquitate
493 1570 672 1661 papnuntsm
709 1560 930 1631 Respondemus:
956 1566 1032 1616 tatur
1058 1561 1249 1617 Maidonstus.
1287 1562 1405 1616 Videtur
1437 1564 1467 1616 in
1496 1566 1547 1619 boc
1578 1569 1660 1622 verbo
1688 1570 1792 1637 duplea

95 1651 264 1706 contrarium
287 1649 456 1705 ostendimus
482 1648 615 1719 superius.
656 1648 739 1711 Quod
760 1646 929 1715 abantiquo
956 1657 1149 1715 arpumentum
1167 1649 1344 1718 implicatum
1362 1667 1429 1706 esse.
1465 1652 1592 1705 Alterum
1610 1663 1663 1722 est,
1682 1654 1791 1709 Jobnn·

96 1739 208 1791 dierum
232 1735 376 1793 descendit
402 1743 429 1790 et
455 1734 484 1789 in
508 1735 632 1804 antiquis
652 1732 865 1803 Scripturarum
883 1749 928 1784 aa·
955 1751 1004 1787 nes
1020 1734 1128 1788 necllum
1145 1752 1267 1803 unquam
1279 1736 1446 1790 miraculum
1457 1739 1532 1805 fecit
1544 1747 1569 1791 et
1584 1739 1633 1793 dli
1643 1741 1792 1811 medimna,

95 1841 208 1878 marum
232 1821 337 1875 tabulis
361 1819 508 1874 ιιιοιιιιιιιι
535 1827 638 1891 potest,
670 1820 700 1874 id
721 1836 822 1874 norum
848 1833 928 1872 nemo
955 1820 1043 1873 multo
1060 1821 1151 1889 mapis
1169 1839 1235 1891 erpo
1254 1823 1318 1875 buia
1334 1822 1446 1877 Cbrslsto
1462 1826 1577 1878 credere
1594 1826 1721 1880 debemus
1737 1832 1789 1882 etc.

45 1918 83 1964 ιιι
96 1909 204 1965 dixerit
251 1909 291 1963 At
320 1923 502 1979 quaecunque
533 1907 665 1979 dogmata
692 1905 810 1960 ecclesia
836 1911 929 1959 ιιιιιιι
956 1904 1141 1961 Salmcronius
1159 1913 1224 1962 tom.
1243 1914 1267 1963 4.
1287 1907 1349 1964 hist.
1368 1924 1464 1980 evang,
1483 1916 1554 1980 part.
1573 1915 1597 1966 2.
1616 1915 1719 1982 pres:
1736 1914 1788 1967 Jo-

94 1996 256 2068 profitetur,
281 2011 315 2049 es
339 1993 375 2050 ιιι
398 1993 512 2066 antiquo
536 1993 642 2048 dierum
664 1992 835 2048 descendunt
851 1997 880 2045 et
899 1989 928 2043 in
954 1993 1073 2060 baanes,
1099 2000 1131 2046 ut
1147 2001 1173 2046 ιι
1191 1994 1246 2046 alii
1264 1994 1347 2047 multi
1360 1995 1532 2064 propbetas,
1557 1997 1638 2064 sipna
1656 2017 1711 2050 ιιι
1730 1999 1788 2052 edi-

79 2082 216 2156 ‚antiquis
244 2079 448 2152 scripturarum
480 2095 619 2134 sacrarum
647 2078 752 2133 tabulis
781 2075 928 2131 monstrari
955 2079 1004 2132 dit.
1049 2078 1154 2143 Quodsi
1172 2079 1357 2134 Bellarminus
1375 2080 1529 2146 existimat,
1548 2082 1674 2139 sufficere
1691 2084 1727 2138 ad
1742 2085 1788 2139 de-

92 2176 217 2243 possunt.
238 2167 378 2240 Ergoctc.
411 2169 437 2219 2.
451 2164 595 2233 Constare,
608 2182 659 2219 nos
671 2164 770 2218 saltem
781 2164 866 2217 aliter
877 2163 927 2215 do·
955 2165 1161 2219 monstrandam
1194 2164 1314 2220 divinam
1345 2166 1501 2221 missionem
1531 2168 1663 2222 miracula
1692 2170 1788 2240 quovis

92 2272 171 2325 cere,
195 2271 280 2324 quam
307 2256 425 2308 doceant
456 2252 601 2304 ordinarii
623 2258 771 2319 pastores,
799 2256 927 2302 constare
955 2249 1036 2304 modo
1065 2251 1105 2305 sic
1128 2251 1219 2318 dicta,
1247 2252 1271 2306 ιι
1295 2253 1340 2307 ιιι
1365 2254 1482 2309 maxime
1508 2261 1620 2308 externo
1642 2255 1788 2325 splendore

92 2343 187 2410 etiam,
205 2358 257 2394 nos
275 2354 331 2392 non
349 2355 408 2392 esse
419 2340 519 2392 missos
532 2337 567 2390 ab
580 2336 738 2390 ordinariis
746 2336 910 2405 pastoribus
915 2355 927 2404 ,·
954 2352 1009 2390 non
1033 2336 1175 2392 incurrant
1196 2338 1225 2392 in
1246 2338 1356 2404 oculos,
1383 2340 1547 2409 opponimus
1570 2340 1612 2394 illi
1635 2340 1788 2396 mirabilem

92 2445 160 2496 erpo
179 2443 230 2480 nec
248 2426 359 2492 debere,
381 2442 431 2478 nec
450 2432 508 2477 tuto
525 2440 608 2493 posse
627 2423 786 2477 doctrinam
802 2430 927 2476 nostram
955 2422 1097 2478 docuinae
1115 2424 1292 2496 evangelicae
1310 2442 1485 2493 successum,
1504 2425 1577 2480 dona
1598 2426 1714 2481 docendi
1733 2426 1787 2480 sin-

91 2514 198 2584 recipi,
223 2513 279 2566 ιιιι
304 2512 399 2564 diuino
425 2511 580 2565 testimonio
600 2509 695 2563 missio
714 2511 927 2563 demonstretur.
955 2508 1064 2580 gularia
1094 2509 1124 2563 in
1153 2509 1290 2578 Luthero,
1320 2509 1508 2565 defensionem
1539 2511 1662 2582 ejusdem
1692 2519 1789 2566 ιιιιιιι

92 2598 319 2671 Respondemus:
353 2596 511 2666 Prophetae
536 2601 718 2667 repurgantes
743 2593 885 2649 ecclesiam
911 2609 928 2646 a
954 2602 997 2650 tot
1021 2594 1273 2666 potentissimorum
1299 2595 1420 2650 hostium
1448 2596 1535 2651 minas
1563 2603 1647 2668 atque
1674 2597 1787 2652 insidias

81 2684 216 2757 ,cultibus
231 2681 369 2739 baaliticis
387 2687 415 2736 et
428 2681 583 2752 peregrinis
596 2679 727 2736 doctrinis
741 2680 837 2734 itidem
848 2677 929 2732 aliter
954 2687 1006 2736 etc.
1043 2680 1123 2745 Quod
1147 2680 1330 2736 Bellarminus
1354 2681 1426 2736 inter
1448 2683 1582 2738 miracula
1607 2682 1636 2736 in
1659 2682 1787 2740 Johanne

93 2770 234 2827 docebant
250 2783 333 2840 quam
351 2765 481 2822 ordinarii
498 2774 632 2836 pastores,
652 2767 811 2821 sacerdotes
823 2764 929 2819 scilicet
954 2766 1030 2821 iacta
1051 2773 1179 2821 numerat
1202 2768 1445 2844 commorationem
1468 2769 1559 2838 ipsius
1583 2770 1614 2822 in
1638 2771 1747 2822 deserto
1770 2787 1788 2824 ι

93 2857 229 2925 Levium
260 2854 402 2912 ,Iohannes
427 2853 557 2923 Baptista
580 2851 675 2907 itidem
705 2851 785 2906 aliter
812 2851 929 2905 docebat
954 2869 1055 2925 puero,
1085 2855 1120 2909 ds
1147 2869 1180 2907 eo
1207 2851 1373 2908 annotamus
1400 2853 1487 2909 verba
1515 2853 1668 2910 Chemnicii
1695 2872 1718 2909 c.
1747 2860 1786 2911 16.

94 2960 178 3016 quam
192 2940 322 2996 ordinarii
335 2946 467 3010 pastores,
488 2936 927 3003 ιιιιιιιιιιιιιιιιιιΡιιιιιιιιις
953 2940 1040 2996 harm.
1067 2957 1131 3011 pag.
1156 2945 1220 2996 295:
1252 2941 1342 2994 Varia
1370 2942 1405 2993 de
1431 2940 1483 2995 illo
1511 2942 1620 2994 deserto
1646 2940 1787 2995 Jcbannis

93 3028 182 3086 nihilo
194 3034 287 3082 tamen
299 3026 389 3080 minus
402 3023 545 3080 lsraie'litae
556 3041 612 3078 non
621 3023 709 3078 solum
719 3028 780 3077 tuto
789 3029 926 3093 poterant,
954 3028 1099 3096 disputata
1118 3033 1234 3080 ιιιιιιι.
1271 3026 1362 3080 Multi
1378 3027 1450 3079 enim
1468 3027 1510 3079 ita
1530 3027 1685 3095 compiunt,
1705 3027 1788 3095 quasi

93 3115 144 3172 sed
156 3114 236 3169 etiam
245 3113 412 3170 tenebantur
422 3110 562 3166 doctrinae
571 3108 926 3181 ipsarumfidemadhibere‚
954 3113 1032 3166 locus
1051 3112 1148 3181 fuerit
1171 3112 1276 3178 incius,
1309 3111 1360 3164 ubi
1380 3110 1451 3164 inter
1474 3113 1556 3176 seras
1582 3119 1661 3165 entra
1680 3128 1786 3166 omnem

92 3200 203 3259 etiamsi
215 3206 326 3254 externo
342 3197 462 3270 quodam
473 3196 603 3251 miraculo
613 3195 769 3252 missionem
783 3212 861 3250 suam
870 3211 926 3248 non
953 3199 1093 3252 bominum
1122 3206 1304 3266 conspectumv
1328 3197 1435 3254 riserit.
1480 3198 1658 3266 Nicephorus
1686 3199 1786 3252 recitat

91 3287 276 3344 confirmaret.
314 3284 408 3340 Nostri
425 3282 544 3338 ministri
562 3299 617 3337 non
634 3281 689 3336 alia
709 3282 823 3350 docent,
842 3296 926 3351 quam
952 3284 1146 3353 traditionem,
1171 3302 1231 3336 cum
1250 3285 1380 3337 Herodes
1402 3283 1480 3336 circa
1496 3283 1657 3336 Bethlehem
1672 3284 1786 3352 puellos

91 3392 167 3449 quae
189 3371 306 3444 apostoli
325 3377 354 3426 et
371 3370 527 3442 primitivae
549 3368 681 3425 ecclesiae
700 3374 823 3440 pastores
842 3367 925 3420 dccu·
952 3371 1076 3440 undique
1102 3371 1146 3424 ad
1166 3370 1306 3423 cnsdelem
1334 3385 1428 3422 necem
1453 3368 1642 3437 conquireret,
1668 3378 1785 3424 matrem

93 3466 190 3530 erunt,
217 3459 272 3514 illis
292 3457 431 3514 debebant
447 3474 478 3512 se
496 3456 679 3522 conformare,
703 3455 751 3526 qui
769 3471 799 3509 se
817 3459 925 3524 aposto·
952 3457 1147 3513 Elisabetbam
1170 3474 1232 3510 cum
1249 3457 1373 3526 puerulo
1399 3474 1451 3510 suo
1478 3457 1613 3510 latitandi
1630 3474 1719 3509 causa
1735 3458 1784 3522 fn-

91 3550 183 3605 lorum
209 3560 379 3600 successores
406 3559 468 3598 esse
499 3541 666 3614 gloriantur,
694 3557 750 3596 uon
779 3558 796 3596 a
824 3539 925 3594 nostris
951 3544 1024 3615 pisse
1048 3545 1089 3597 ad
1113 3546 1252 3597 desertum
1279 3543 1370 3597 lomim
1396 3549 1422 3596 et
1445 3542 1604 3596 Jobannem
1626 3551 1727 3612 postea
1753 3544 1784 3596 in

94 3634 220 3706 exigere,
250 3637 282 3685 ut
308 3629 401 3702 potius
426 3628 591 3700 respiciant,
623 3628 689 3700 quid
717 3627 771 3698 ipsi
799 3628 925 3688 doceant,
953 3634 1061 3686 decemo
1089 3630 1157 3695 illo,
1188 3632 1230 3683 ad
1256 3631 1333 3699 qnod
1359 3629 1415 3683 tali
1441 3629 1587 3682 occasione
1607 3637 1784 3698 pervemat,

93 3737 179 3794 quam
204 3717 278 3790 quod
296 3716 421 3771 Christus
447 3720 475 3769 et
497 3713 614 3784 apostoli
641 3714 802 3770 docuerunt.
844 3712 924 3779 Quod
952 3717 1094 3771 memisse.
1129 3716 1209 3769 Haec
1227 3715 1324 3785 opinio
1343 3715 1468 3785 aliqrsam
1486 3715 1566 3768 babet
1585 3715 1712 3785 speciem,
1733 3718 1785 3770 sed

92 3805 216 3873 additur,
235 3804 385 3857 watrvm
404 3819 459 3855 non
475 3800 565 3865 fuisse
582 3799 697 3853 messum
715 3799 752 3852 ab
769 3799 927 3853 ordinariis
952 3805 1044 3859 Lascas
1072 3802 1153 3870 dicit,
1188 3801 1328 3871 Spiritum
1356 3809 1383 3855 ιι
1407 3819 1519 3856 manum
1547 3803 1666 3856 Domini
1692 3802 1784 3868 faisse

87 3890 268 3964 pastoribus,
294 3887 329 3942 ds
352 3902 385 3941 eo
410 3886 514 3940 dictum
536 3884 590 3940 fuit
608 3885 733 3955 superius
752 3884 781 3939 in
801 3883 926 3939 examine
952 3909 1013 3945 cum
1025 3889 1165 3958 Joiarns,
1183 3889 1268 3942 itaut
1287 3889 1322 3941 de
1335 3888 1463 3958 pueritia
1481 3895 1507 3941 et
1518 3888 1709 3941 adolescentia
1723 3889 1784 3957 ejus

92 3978 208 4051 quintae
235 3982 325 4030 notae.
366 3976 394 4028 3.
421 3972 580 4026 Jobanatm
608 3973 721 4041 quidem
744 3989 799 4025 non
822 3971 926 4035 fecitte
952 3994 1045 4030 omnes
1056 3976 1197 4030 dicerent:
1219 3974 1286 4037 Quis
1292 3982 1380 4044 putas
1390 3984 1462 4042 puer
1476 3974 1528 4027 ists
1541 3974 1617 4027 erit!
1638 3974 1702 4028 Non
1715 3991 1783 4043 erpo

90 4063 245 4131 miranda,
272 4061 302 4114 ιι
330 4061 392 4128 litto
417 4067 509 4112 lamen
537 4060 627 4113 multa
654 4067 681 4112 tl
708 4075 812 4128 maana
833 4057 925 4123 sttt'ttt
952 4065 981 4117 in
999 4065 1109 4116 deserto
1127 4062 1202 4115 invio
1225 4068 1303 4114 entra
1321 4060 1463 4114 bominum
1482 4067 1658 4129 conspectum
1678 4067 1704 4112 et
1721 4078 1783 4114 con·
1796 4074 1901 4119 mitt

90 4154 189 4219 facta,
216 4156 311 4218 utpote
337 4147 414 4216 prod
434 4154 518 4199 natus
541 4148 577 4199 de
600 4163 657 4199 anu
674 4162 709 4198 ac
727 4145 838 4217 sterili,
850 4146 927 4213 ιιιά
951 4148 1136 4203 versationem
1161 4147 1235 4200 inter
1261 4147 1345 4211 feras
1373 4147 1518 4200 Joliannes
1545 4146 1575 4198 in
1600 4145 1725 4214 pueritia
1758 4155 1784 4200 et

87 4246 176 4309 pater
194 4236 255 4305 ejus
274 4232 438 4288 obmutuerit
457 4240 483 4285 ct
496 4239 597 4301 postea
616 4233 709 4286 soluta
726 4231 764 4284 sit
780 4231 880 4301 linqua
896 4231 926 4283 ιι
953 4232 1144 4289 adolescentia
1172 4233 1247 4287 cinit.
1292 4232 1431 4285 Hebraeis
1461 4232 1534 4285 enim
1561 4232 1696 4285 distincta
1718 4241 1783 4286 sant

89 4323 151 4394 filii
167 4320 327 4387 nativitate,
353 4319 430 4388 quod
450 4317 481 4370 in
499 4325 578 4370 utero
597 4317 790 4381 exsultaverit,
815 4319 927 4386 quoda
952 4321 1088 4375 uocabula
1117 4318 1221 4372 deserti
1246 4325 1271 4371 et
1297 4318 1475 4387 solitudinis,
1501 4335 1536 4371 ac
1559 4318 1697 4370 desertam
1724 4335 1784 4373 esse

87 4427 183 4481 puero
205 4408 235 4461 in
261 4406 378 4460 desertis
402 4403 472 4458 locis
497 4403 603 4458 ιιιιιιι.
646 4403 824 4469 (renarrem
849 4420 926 4459 exce·
951 4416 1054 4462 terram
1072 4405 1162 4459 minus
1180 4402 1283 4457 cultam
1304 4411 1330 4456 et
1347 4405 1520 4467 foecundam
1539 4403 1603 4458 loca
1618 4403 1783 4472 Scripturas

92 4497 216 4568 ptionem
242 4491 344 4563 repetit
362 4491 488 4545 Becanus
514 4489 542 4543 in
561 4489 631 4560 disp.
651 4489 685 4545 de
704 4496 793 4544 vocat.
810 4490 925 4544 ministr.
951 4500 1087 4549 testantur
1112 4490 1158 4546 Es.
1184 4494 1234 4558 ιι,
1253 4506 1280 4544 r.
1304 4494 1343 4543 15.
1362 4488 1418 4545 Jer.
1442 4493 1488 4552 12,
1511 4506 1537 4542 ι.
1560 4494 1599 4544 10.
1625 4488 1721 4543 Matth.
1745 4493 1785 4556 14,“

91 4584 130 4639 th.
154 4587 196 4638 46.
223 4581 312 4634 multa
336 4577 444 4631 scilicet
472 4578 548 4630 circa
575 4577 734 4630 ,Iohannem
758 4577 840 4643 facta
867 4594 926 4630 ιιιι
950 4596 977 4635 r.
1008 4585 1048 4633 15.
1073 4583 1125 4632 etc.
1157 4575 1255 4628 rarior
1280 4575 1374 4643 itaque
1401 4583 1427 4627 et
1454 4575 1544 4628 minus
1569 4575 1705 4644 frepsens
1734 4591 1783 4629 nec

92 4668 241 4723 miracula.
278 4664 501 4735 Respondemus:
535 4668 556 4718 1.
574 4663 699 4733 plerique
716 4662 856 4724 auditores
878 4663 1025 4737 Jo-,adeo
1048 4664 1125 4717 culta
1142 4662 1203 4728 suit
1226 4661 1363 4715 habitatio
1381 4661 1410 4713 in
1432 4661 1556 4730 deserto,
1579 4662 1651 4714 sicut
1666 4661 1698 4714 in
1716 4661 1784 4714 aliis

91 4754 178 4811 hanni
196 4752 376 4808 adhaerentes
393 4749 443 4804 illa
459 4764 601 4820 nunquam
617 4755 803 4819 cognoverant
820 4751 865 4802 vel
878 4765 925 4802 au·
951 4751 1029 4805 locis¹
1074 4753 1098 4803 4.
1127 4748 1285 4803 Jobannem
1313 4748 1404 4812 fuisse
1432 4747 1519 4812 filium
1552 4747 1726 4817 sacerdotis,
1758 4756 1785 4802 ιι

92 4843 217 4908 ιιιιιιιιι;
236 4845 260 4895 t.
279 4838 327 4892 alii
347 4835 510 4892 densissima
528 4831 667 4889 oblivione
686 4834 859 4903 sepelierant,
877 4834 925 4889 sd·
947 4837 1070 4907 proinde
1089 4835 1260 4888 sacerdotem
1286 4841 1312 4885 et
1330 4833 1509 4886 ordinariam
1528 4833 1694 4888 ministrum.
1729 4832 1783 4887 Re·

91 4943 182 4999 coque
203 4924 279 4980 iacta
302 4923 415 4978 fuerunt
437 4920 518 4992 signa
535 4936 591 4973 uon
609 4918 645 4973 ad
663 4919 803 4973 auditores
821 4918 925 4975 bohan-
952 4922 1132 4993 spondemus:
1158 4920 1181 4971 si
1204 4934 1221 4973 a
1245 4917 1375 4989 synedrio
1395 4916 1648 4988 Hierosolymitauo
1673 4934 1723 4988 pro
1741 4935 1783 4972 sa·

91 5016 149 5082 nis,
179 5006 269 5083 n'equs
292 5015 359 5064 tunc
385 5007 495 5078 quando
518 5005 690 5062 vocationem
715 5006 832 5075 probare
856 5024 925 5077 opus
952 5008 1063 5065 cerdote
1083 5013 1111 5061 et
1130 5004 1270 5058 ordinario
1286 5003 1410 5057 ministro
1428 5001 1527 5058 fuisset
1543 5003 1663 5072 habitus,
1680 5020 1784 5074 nequa·

91 5107 167 5170 erat3
189 5103 212 5154 3.
227 5113 278 5153 nec
296 5097 348 5151 hoc
365 5095 466 5150 effectu
485 5098 514 5147 et
530 5090 594 5160 fine,
612 5097 644 5144 ut
658 5091 741 5145 talem
755 5092 926 5147 vocationem
952 5112 1035 5168 quam
1061 5093 1146 5147 missa
1171 5091 1207 5145 ad
1231 5089 1321 5161 ipsum
1351 5089 1488 5161 legatione
1515 5106 1576 5144 cam
1601 5106 1633 5144 eo
1657 5095 1784 5159 expostu-

93 5188 317 5242 dsmonstrarent
340 5181 416 5248 aliis,
442 5179 522 5234 multi
542 5177 633 5231 forent
650 5177 809 5232 immediate
826 5180 926 5244 vocati,
951 5183 1068 5244 lassent,
1093 5178 1166 5250 quod
1192 5176 1344 5231 secessione
1366 5192 1384 5230 ι
1408 5174 1512 5245 templo
1535 5175 1611 5230 iacta
1629 5175 1657 5228 ιιι
1677 5175 1785 5231 deserto

93 5269 253 5342 dequibus
279 5269 415 5323 diversum
436 5269 552 5321 constat.
588 5261 669 5317 Circa
686 5263 818 5333 populum
838 5264 925 5319 Israe·
952 5268 1065 5323 doceret
1091 5272 1119 5320 ιι
1145 5262 1308 5334 baptizaret.
1349 5263 1417 5316 Iriss't
1441 5262 1587 5316 Jobannes
1610 5261 1641 5314 in
1666 5263 1785 5315 desertis

92 5358 201 5414 liticum
225 5362 293 5427 quot
318 5351 460 5425 contigere
484 5349 630 5404 miracula!
659 5348 732 5402 circa
750 5350 927 5421 paralyticos,
952 5370 1039 5423 mque
1064 5353 1105 5405 ad
1127 5351 1200 5404 diem
1225 5348 1391 5402 ostensionis
1414 5364 1482 5401 suae
1502 5350 1544 5401 ad
1560 5346 1653 5402 Israel
1671 5346 1740 5402 Luc.
1762 5354 1785 5413 1,

94 5445 233 5515 leprosos,
252 5437 445 5494 daemoniacos
464 5441 515 5492 etc.
532 5450 550 5489 a
568 5433 677 5489 Christo
694 5434 833 5503 liberatos,
852 5437 927 5492 circa
953 5456 977 5493 ι.
997 5443 1039 5495 80.
1064 5453 1131 5509 ergo
1154 5435 1183 5490 in
1208 5431 1396 5490 adolescentia
1418 5449 1469 5488 sua
1486 5449 1540 5488 non
1559 5432 1614 5487 fuit
1631 5433 1730 5488 missus
1749 5434 1785 5486 ad

92 5530 218 5601 ldirjanr,
245 5526 416 5583 Naamanem
434 5522 549 5594 Syrum,
575 5521 664 5578 socios
680 5519 807 5577 Danielis
824 5525 926 5593 ctc.”)
952 5523 1071 5596 collegia
1091 5522 1155 5589 illa,
1178 5534 1250 5594 quas
1266 5518 1465 5591 Hierosolymis
1482 5535 1584 5591 magno
1601 5536 1716 5576 numero
1734 5535 1784 5590 pro
