4004 6022
187 149 248 207 sco
752 137 1313 199 uocusvrossmussacunnus

178 295 296 364 judicis
307 309 370 350 stes
381 294 522 351 oberosto
535 312 570 350 nc
580 296 670 362 facite
681 310 724 354 es.
753 295 903 352 Doctrinae
917 293 1018 349 Christi
1045 301 1242 372 consequetur,
1259 294 1403 352 doctrinae
1420 296 1575 364 veritatem,
1591 301 1760 353 newsum
1775 303 1882 368 ωρο-

186 386 215 438 et
226 381 412 453 apostolorum
424 381 554 437 novitatis
566 383 670 438 crimen
682 382 875 453 objiciebatur.
895 381 981 438 Marc.
998 387 1019 449 t,
1044 378 1081 433 ris
1107 380 1301 451 antiquitatem
1320 398 1380 438 esse
1398 381 1535 438 ecclesias
1552 390 1665 447 nomm,
1687 384 1883 441 strenam

185 485 211 520 r.
231 474 272 523 21.
293 468 449 524 exclamant
466 467 581 524 Judaei:
597 468 668 537 rtet}
688 469 788 539 διδαχὴ
807 467 823 537 ἡ
844 469 924 536 καινὴ
936 468 1019 534 cirre
1045 467 1177 523 ecclesiae
1207 468 1407 523 aestimandam
1440 485 1500 524 esse
1527 487 1561 525 ex
1583 470 1700 525 veritste
1729 470 1883 540 doctrinae,

186 570 320 622 quaenam
344 557 415 609 icccc
438 563 478 608 cst
500 571 572 608 nors
594 557 747 610 doctrine?
775 555 839 612 Act.
862 560 907 624 t'l,
928 572 954 607 r.
978 559 1018 610 19.
1045 569 1116 623 quae
1135 558 1178 607 est
1197 554 1275 625 quasi
1295 555 1387 610 anima
1405 555 1593 627 antiquitatis,
1610 555 1719 627 absque
1736 571 1795 628 qua
1812 555 1882 611 suh·-

186 640 369 697 Athenienses
392 640 428 695 sd
450 640 570 697 Paulum
594 641 704 698 dicunt:
729 643 916 696 Possumusne
937 642 1019 705 scire,
1045 639 1136 709 quites
1160 645 1204 694 est
1227 641 1346 695 cadaver
1362 641 1455 695 anima
1474 641 1645 697 destitutum.
1682 642 1738 696 llis
1755 651 1800 697 est
1818 655 1883 698 resa

186 744 324 797 qrwenom
350 729 387 782 sit
413 746 487 782 noca
512 730 580 794 illc,
605 747 677 799 qaae
703 747 722 783 a
741 738 768 784 te
782 730 952 799 properatur
968 730 1019 782 do·
1045 724 1210 796 antiquitas,
1242 743 1315 799 quse
1344 727 1457 797 respicit
1491 730 1635 798 antiquam
1663 730 1745 783 iliam
1772 730 1882 784 dierass

186 815 299 868 ctrina
326 813 383 869 Sed
406 815 475 869 haec
498 821 558 870 mat
582 815 691 871 novitas
714 815 849 871 duntaxat
873 831 1018 886 apparens,
1045 810 1116 868 Dan.
1136 818 1160 881 7,
1179 828 1206 869 r.
1229 817 1268 869 1³.
1286 829 1359 884 quae
1377 814 1500 869 divinam
1518 814 1604 870 habet
1620 816 1758 888 originem
1777 825 1882 872 etcum

185 916 258 970 quae
283 899 430 955 videbatur
454 899 518 955 tulis
544 900 614 970 illis,
641 902 689 971 qui
715 901 854 957 erroribus
880 901 1018 957 veteribus
1043 899 1160 952 veritate
1185 898 1325 954 doctrinae
1349 906 1392 954 cst
1408 903 1563 972 conjuncta
1600 908 1624 959 ³·
1645 902 1727 966 Quod
1745 920 1804 958 11⁰⁰
1821 919 1881 959 0⁰⁸·

185 993 264 1042 mant
281 984 416 1042 innutriti.
452 986 689 1052 Quemadmodum
713 987 797 1058 igitur
814 1003 878 1042 vere
895 986 1019 1042 fidelium
1045 984 1121 1039 venit
1137 984 1188 1038 soli
1207 985 1349 1054 ecelesiae,
1367 1004 1424 1041 non
1441 995 1484 1042 cst
1502 987 1626 1059 genuina
1642 995 1672 1043 et
1683 989 1800 1058 propria
1809 987 1881 1043 illins

186 1078 246 1127 erat
267 1071 304 1127 ab
327 1079 442 1128 ortena
459 1073 508 1127 ills
525 1074 656 1128 novitatis
672 1073 766 1145 specie
784 1074 889 1129 animos
909 1080 938 1128 et
955 1091 1018 1129 oen·
1044 1077 1118 1126 nota.
1152 1069 1236 1125 Ratio
1253 1072 1351 1128 asserti
1368 1072 1515 1129 manifesta
1531 1080 1575 1128 est
1592 1091 1625 1129 ex
1643 1072 1811 1130 definitione
1823 1090 1882 1145 pre·

185 1166 310 1215 armore
332 1176 366 1215 ac
391 1176 485 1215 veram
509 1159 703 1232 antiquitatem
728 1161 757 1215 in
775 1160 860 1216 sacris
877 1160 963 1216 literis
977 1161 1019 1215 in·
1044 1155 1105 1225 prii.
1140 1156 1206 1212 Jam
1220 1175 1289 1214 vvero
1306 1159 1456 1230 antiquitas
1468 1177 1524 1214 non
1536 1160 1665 1215 convenit
1676 1161 1729 1214 soli
1740 1161 1881 1218 ecclesiae.

186 1247 308 1317 quirere,
340 1246 412 1301 siout
437 1246 588 1302 Beroemes
612 1245 665 1302 hoc
692 1245 801 1301 nomine
827 1246 1020 1302 commendan-
1045 1240 1121 1313 Ergo
1139 1243 1291 1314 antiquitas
1309 1261 1364 1300 non
1384 1253 1427 1301 est
1444 1245 1567 1317 genuina
1584 1252 1613 1301 et
1625 1245 1882 1316 proprisecclesise

185 1336 232 1386 tur
250 1331 345 1387 Actor.
366 1338 406 1400 11,
423 1350 450 1385 v.
467 1338 507 1388 11.
527 1333 601 1403 quod
618 1333 654 1388 de
673 1332 800 1388 doctrina
812 1332 894 1389 Pauli
905 1340 935 1388 et
945 1332 1019 1389 Silae
1045 1333 1119 1382 not&
1148 1329 1310 1385 Awumtum
1328 1337 1438 1386 00³⁸th
1454 1330 1543 1402 primo
1557 1349 1590 1387 ⁶¹
1602 1349 1643 1396 0⁰,
1661 1333 1737 1404 (111οᾱ
1749 1332 1881 1406 Augu&-

186 1435 218 1473 ea
240 1416 410 1487 seripturis,
433 1435 489 1473 non
506 1427 597 1474 sutem
617 1437 650 1474 ex
669 1419 829 1490 apparentis
847 1419 1020 1491 antiquitatis
1045 1431 1098 1469 nus
1120 1415 1149 1470 in
1173 1416 1250 1471 libris
1269 1418 1434 1474 decivitate
1453 1419 1507 1474 Dei
1526 1419 1663 1482 ostendit,
1683 1421 1744 1490 jam
1764 1420 1833 1475 inde
1847 1418 1880 1475 ah

186 1504 279 1574 specie
300 1504 436 1574 judicium
461 1504 592 1575 iecerint,
617 1505 658 1560 ita
683 1521 793 1577 quoque
819 1504 899 1560 nobis
928 1505 1019 1560 adhue
1045 1500 1123 1555 initio
1148 1503 1259 1573 generis
1283 1503 1398 1558 humani
1423 1504 1509 1560 fuisse
1535 1507 1608 1559 dans
1633 1507 1763 1560 civitates
1783 1508 1843 1561 Dei
1857 1513 1883 1561 st

185 1588 321 1645 incumbit
336 1608 391 1645 nou
408 1591 512 1645 moveri
529 1590 653 1662 specioso
671 1591 846 1662 antiquitatis
864 1553 1169 1662 praetextu.ldisbolt;
1192 1589 1314 1644 secundo
1339 1607 1373 1645 cx
1396 1591 1541 1661 gentilium
1569 1593 1701 1662 exemplo.
1738 1591 1787 1647 1111
1813 1592 1882 1647 enin

186 1675 236 1730 sed
259 1693 293 1731 ex
311 1676 459 1746 Scripturis
483 1676 519 1731 de
543 1693 711 1749 unaquaque
735 1678 875 1747 doctrina,
899 1695 936 1733 an
954 1693 1019 1733 vers
1044 1672 1073 1726 in
1097 1673 1155 1727 suis
1178 1681 1274 1729 contra
1298 1675 1469 1730 Christianos
1491 1676 1725 1747 disputationibus
1748 1687 1881 1750 perpetes

186 1763 301 1833 antiqua
318 1763 370 1828 sit,
390 1763 526 1832 judicare.
562 1762 661 1818 Mattb.
681 1770 725 1833 111,
743 1781 768 1820 v.
786 1770 811 1821 3.
830 1764 974 1819 Pharisaei
990 1764 1019 1819 in
1045 1760 1082 1814 ad
1099 1760 1292 1832 antiquitatem
1312 1772 1506 1833 provocarunt.
1539 1764 1755 1835 Justiuusapol.
1769 1771 1880 1836 zpit.

186 1849 348 1921 quaestione
376 1849 411 1904 de
434 1849 557 1905 divortiis
581 1858 733 1921 provocant
757 1849 794 1906 ad
817 1851 1019 1923 antiquitatem,
1044 1846 1162 1902 ethnicis
1180 1848 1291 1912 tribuit,
1314 1850 1389 1920 quod
1408 1852 1532 1904 ds'seriu
1549 1849 1582 1904 τὰ
1601 1853 1707 1905 παλαιὰ
1726 1852 1779 1919 ἔθη
1798 1850 1880 1908 καὶὸ·

186 1938 261 2010 quod
278 1952 330 2008 per
346 1936 435 1991 multa
454 1935 548 1993 secula
564 1938 594 1991 in
610 1936 1019 2008 populoludsieoillatuerint
1046 1928 1116 1988 sim
1144 1940 1244 2004 τηρεῖν.
1284 1934 1469 2006 Symmachus
1496 1937 1620 1992 ethnicus
1645 1938 1674 1992 in
1703 1939 1824 2009 epistola
1846 1938 1880 1994 ad

186 2025 304 2092 usitata,
330 2023 379 2079 sed
398 2022 523 2078 Christus
549 2032 663 2078 revocat
684 2040 731 2079 eos
752 2023 787 2077 sd
807 2040 900 2078 reram
919 2030 947 2078 et
964 2024 1019 2094 pri·
1045 2019 1245 2090 Theodosium,
1283 2038 1356 2092 quas
1391 2029 1481 2078 exstat
1509 2024 1586 2094 apud
1616 2023 1745 2081 Ambros.
1778 2025 1829 2082 lib.
1857 2030 1880 2083 1

186 2126 260 2163 mam
279 2109 473 2179 antiquitatem
491 2109 521 2163 iu
540 2110 624 2164 sacris
642 2109 729 2164 literis
749 2109 930 2181 descriptam,
947 2126 973 2166 v.
993 2116 1018 2166 1.
1045 2107 1123 2178 epist
1145 2112 1189 2163 ³0:
1217 2106 1253 2161 St
1274 2108 1362 2176 lonpc
1385 2117 1466 2162 actes
1486 2112 1680 2164 aunonensem
1697 2113 1881 2181 relipsbniiss

187 2197 223 2250 ab
241 2197 323 2250 initio
340 2214 396 2250 non
413 2197 472 2261 fait
490 2197 545 2260 sic,
565 2211 616 2251 suo
632 2195 717 2267 igitur
734 2197 817 2252 docet
835 2197 973 2267 exemplo,
990 2196 1019 2251 in
1046 2194 1193 2257 corcaien
1220 2197 1361 2248 emendo
1381 2203 1421 2248 est
1438 2203 1479 2250 tot
1496 2197 1598 2251 aseclis
1613 2199 1686 2262 tides
1704 2207 1732 2252 et
1746 2200 1882 2270 seqaenrii

187 2282 396 2354 quaestionibus
416 2282 483 2337 fidei
505 2282 610 2336 nullam
632 2282 778 2336 diuturnae
804 2282 1019 2351 consuetudinis,
1045 2289 1109 2333 eant
1131 2280 1212 2334 nobie
1232 2288 1382 2350 parentes,
1405 2283 1455 2350 qni
1476 2284 1566 2336 acenti
1586 2293 1651 2338 sant
1662 2286 1794 2352 feliciter
1809 2304 1879 2346 sans.

187 2363 346 2440 apparentis
371 2367 544 2441 auh'qnitatis
567 2368 611 2422 vel
635 2368 858 2439 praescriptionis
874 2367 1019 2439 cujusdam
1045 2366 1203 2420 “Romam
1226 2384 1300 2421 nnnc
1318 2374 1448 2435 pateriae
1471 2370 1601 2424 assidere
1623 2378 1707 2439 atque
1731 2372 1779 2426 Ιιίε
1796 2374 1880 2428 cotie

186 2456 342 2512 habendam
361 2471 421 2510 esse
440 2455 585 2518 rationem,
609 2455 658 2509 sed
677 2471 710 2509 ex
727 2455 812 2510 sacris
830 2455 928 2529 literis,
949 2472 1020 2527 quse
1046 2470 1107 2507 cnm
1137 2469 1221 2522 apere
1255 2454 1435 2509 semmam.
1479 2455 1586 2525 Optimi
1610 2457 1760 2528 principiae
1786 2466 1880 2529 petras

187 2550 252 2597 sunt
276 2544 397 2598 omnium
422 2540 643 2613 antiquissimae,
667 2541 813 2597 veritatem>
830 2558 889 2596 esse
909 2541 1020 2596 investi·
1041 2539 1172 2608 patrice,
1196 2540 1363 2593 reveremini
1387 2557 1477 2594 annos
1501 2557 1591 2605 mos,
1619 2542 1649 2595 in
1664 2558 1735 2611 qnos
1756 2561 1799 2599 ene
1815 2548 1880 2616 piu

76 2640 173 2685 xalta
185 2629 315 2701 gandam.
351 2635 376 2684 2.
402 2627 482 2692 Quod
512 2628 644 2683 ecclesiae
673 2644 729 2681 nou
754 2629 885 2691 convenit,
903 2644 1020 2699 semper,
1044 2625 1116 2678 ritas
1142 2625 1281 2694 adduxit,
1311 2632 1343 2679 at
1367 2633 1432 2679 star
1459 2628 1622 2681 ceremoniis
1644 2629 1736 2686 scitis
1782 2633 1877 2703 Nepos

116 2734 120 2740 ·
185 2733 241 2770 non
267 2726 309 2770 est
334 2715 457 2787 genuina
485 2719 513 2769 et
538 2711 650 2785 propria
675 2713 808 2769 ecelesias
826 2721 900 2771 nota.
935 2715 1018 2769 Ratio
1045 2712 1117 2764 enim
1133 2713 1265 2780 poenitet.
1308 2712 1403 2766 Visam
1421 2730 1497 2767 more
1513 2731 1586 2779 mee,
1611 2717 1679 2784 quic
1697 2716 1791 2771 libera
1808 2736 1876 2776 m.

186 2810 264 2873 patet
288 2819 320 2857 ex
345 2800 504 2856 definitione
526 2800 637 2871 proprii.
676 2800 762 2872 Atqui
786 2800 937 2872 antiquitas
963 2818 1017 2857 non
1046 2797 1100 2851 Hic
1128 2797 1220 2851 cubas
1246 2797 1277 2850 in
1304 2798 1378 2867 leqes
1404 2815 1480 2851 mens
1507 2800 1600 2853 orbern
1621 2803 1784 2869 redsqw*
1822 2804 1876 2860 Sed

185 2887 313 2943 convenit
334 2886 467 2942 ecclesiae
489 2901 598 2958 semper
619 2893 648 2942 et
668 2892 812 2958 perpetuo.
847 2887 922 2959 Ergo
948 2888 1017 2943 anti·
1041 2882 1117 2963 enim
1149 2882 1223 2954 quod
1256 2882 1335 2952 epist.
1366 2889 1406 2939 32.
1432 2884 1597 2940 Ambrosius
1622 2886 1688 2942 huic
1715 2898 1877 2960 argumento

186 2975 276 3047 quites
298 2992 353 3029 non
379 2979 422 3028 est
448 2971 569 3046 genuina
597 2979 626 3027 et
653 2972 766 3044 propria
789 2972 922 3028 ecclesiae
941 2979 1016 3031 nota.
1044 2966 1202 3039 Symmachi
1231 2969 1395 3039 respondet,
1428 2968 1502 3025 idem
1530 2970 1685 3026 Pontificiis
1715 2991 1877 3047 responsum

185 3064 347 3117 Assumtum
369 3065 492 3128 constat,
516 3060 583 3132 quia
601 3059 656 3114 fuit
677 3066 798 3130 tempus,
821 3074 879 3132 quo.
901 3060 1018 3116 eeclesia
1043 3055 1177 3111 volumus.
1212 3057 1404 3125 Reprehendit
1421 3074 1543 3126 messem,
1560 3060 1629 3128 qais
1647 3077 1714 3114 sera
1730 3065 1877 3127 sewardi·

184 3165 250 3204 vera
276 3147 398 3203 nondum
424 3153 484 3201 erat
509 3145 630 3218 antiqua.
677 3144 741 3201 Sive
771 3145 843 3201 euim
873 3147 1017 3202 ecelesiam
1043 3149 1088 3196 tce
1104 3151 1160 3211 cst;
1177 3143 1357 3212 reprehendit
1374 3144 1550 3214 vindemiam,
1570 3147 1681 3215 quiain
1695 3152 1878 3205 occaecasset

184 3235 220 3291 V.
241 3235 273 3289 T.
294 3233 440 3304 respicias,
463 3232 512 3287 illa
533 3231 699 3303 principium
725 3231 825 3287 habuit
846 3232 876 3286 in
895 3232 1017 3297 Adane,
1044 3236 1098 3296 eat;
1116 3230 1297 3298 reprehendit
1313 3229 1425 3300 odram,
1445 3233 1512 3299 quin
1528 3241 1687 3301 postrenus
1705 3244 1748 3289 est
1759 3238 1875 3302 tradas.

184 3323 243 3378 sire
268 3320 303 3377 N.
325 3319 358 3374 Τ.
385 3319 528 3375 ecclesiam
553 3318 698 3390 respicias,
724 3318 773 3374 iila
793 3319 901 3374 initium
921 3318 1018 3374 habuit
1044 3316 1149 3370 Messe
1167 3325 1267 3371 nostra
1281 3319 1353 3382 rides
1372 3325 1426 3387 est,
1444 3336 1516 3388 qnae
1536 3321 1572 3372 ab
1591 3329 1653 3374 orta
1669 3325 1772 3377 mnndi
1788 3341 1875 3380 niens

104 3431 108 3437 ¹
184 3414 308 3480 tempore
328 3406 431 3463 Christi
452 3411 480 3462 et
497 3406 693 3477 apostolorum,
710 3406 783 3460 unde
805 3405 947 3461 interimus
964 3407 1018 3462 hoo
1044 3403 1091 3455 bct
1116 3403 1147 3456 in
1168 3404 1288 3473 sanctis,
1312 3407 1365 3458 sed
1381 3414 1525 3474 postrema
1548 3415 1641 3462 ansts
1662 3426 1692 3462 se
1713 3412 1832 3481 diffudi
1847 3413 1875 3466 is

184 3496 279 3551 modo:
307 3494 368 3560 Quo
392 3499 517 3564 tempore
540 3509 585 3547 res
609 3510 688 3546 suum
707 3493 822 3548 sortitur
839 3493 960 3562 initium,
984 3510 1017 3548 eo
1040 3491 1171 3558 papales,
1191 3493 1307 3560 espiers
1324 3493 1413 3562 ipitar
1431 3511 1465 3547 en
1484 3494 1623 3563 opinione,
1640 3513 1714 3565 qrsae
1729 3507 1798 3552 ante
1815 3515 1875 3554 css·

185 3581 307 3638 nondum
329 3586 373 3635 est
394 3581 516 3651 antiqua
557 3578 612 3635 Sed
636 3578 754 3635 ecclesia
775 3579 811 3635 V.
835 3578 868 3635 T.
893 3585 1018 3651 tempore
1042 3577 1146 3640 validi,
1171 3578 1206 3630 id
1232 3579 1310 3647 qssod
1335 3585 1397 3631 erat
1422 3596 1530 3648 cmm,
1554 3581 1620 3649 jare
1639 3584 1806 3651 praelatam
1829 3595 1875 3646 est,

186 3666 302 3734 Adoni,
327 3666 444 3722 ecclesia
466 3665 501 3722 N.
522 3665 555 3721 T.
575 3671 697 3737 tempore
716 3665 817 3721 Christi
837 3672 865 3721 et
881 3667 1017 3738 apostolo·
1042 3662 1206 3718 Lactantius
1224 3662 1274 3720 lib.
1292 3669 1316 3720 1.
1334 3664 1450 3720 institut.
1470 3666 1555 3723 divin.
1573 3683 1597 3724 o.
1616 3673 1639 3723 t.
1656 3685 1686 3740 p.
1706 3675 1748 3728 88.
1765 3671 1802 3727 de
1811 3689 1875 3747 gen·

185 3771 246 3810 rum
268 3770 348 3807 suum
374 3751 472 3807 sortita
494 3757 537 3807 est
560 3751 675 3807 initium.
712 3751 894 3808 Bellarminus
917 3753 965 3811 lib.
991 3760 1016 3812 1.
1041 3750 1138 3805 tilibns
1155 3751 1195 3804 sic
1212 3750 1322 3806 scribit:
1345 3752 1410 3806 Hae
1428 3760 1493 3807 sant
1511 3755 1678 3824 reie'pienes,
1697 3775 1770 3826 qnns
1787 3760 1843 3814 stes·
1856 3777 1874 3814 a

186 3841 221 3896 de
246 3841 342 3896 eccles.
366 3856 389 3894 c.
412 3846 435 3896 5.
461 3835 490 3914 ξ
511 3838 560 3893 sed
578 3837 621 3892 iu:
647 3838 813 3893 Christiana
835 3840 937 3908 reiiqio
950 3840 1016 3909 jam
1043 3838 1198 3905 majoritas
1222 3838 1281 3890 sais
1302 3840 1426 3892 traditas
1440 3840 1666 3908 pertinacissime
1683 3847 1762 3898 taeri
1777 3863 1814 3900 ce
1828 3848 1873 3901 ds·

184 3943 280 3981 recessa
298 3935 366 3980 ncta
384 3943 448 3980 moe
464 3932 627 3995 oppupnato
641 3925 701 3988 fuit
717 3943 736 3977 α
753 3924 853 3978 scribis
870 3933 898 3978 et
913 3926 1017 3980 Phari·
1040 3926 1160 3991 ferdere
1179 3932 1373 3993 peraeoerant,
1397 3942 1447 3978 nce
1468 3929 1664 3991 considerent,
1690 3933 1793 4000 punies
1813 3934 1873 4000 sint,

183 4015 266 4083 saed,
284 4012 332 4069 ubi
350 4012 467 4083 ipsemet
476 4009 621 4065 infantiam
634 4010 774 4083 quandam
786 4010 928 4083 religionis
938 4011 1015 4068 chri-
1041 4013 1094 4065 sed
1110 4028 1143 4064 es
1160 4011 1211 4065 hoc
1224 4011 1361 4080 probatos
1373 4020 1456 4081 atquc
1467 4030 1549 4066 wne
1560 4032 1618 4068 esse
1630 4019 1784 4087 confidant,
1802 4021 1873 4091 qaod

184 4100 289 4156 stisnas
318 4097 451 4170 agnoscit
491 4097 567 4170 Ergo
591 4104 650 4153 tum
672 4097 794 4151 nondum
816 4096 872 4152 fuit
893 4099 1016 4172 antiqua.
1043 4113 1091 4150 eos
1108 4105 1214 4151 ederes
1230 4099 1419 4167 tradiderant,
1436 4107 1569 4169 tantaque
1583 4106 1872 4162 mandoritcsssts-

183 4185 309 4242 iesuitae
329 4183 410 4239 hodie
427 4184 589 4255 gloriantur,
609 4183 683 4255 quod
701 4183 730 4238 in
744 4184 822 4238 novis
836 4184 933 4239 insulis
948 4187 1016 4241 mul·
1042 4185 1138 4252 statis,
1169 4191 1200 4236 nt
1230 4183 1373 4253 inquirere
1404 4186 1435 4237 in
1464 4202 1526 4239 enm
1554 4188 1646 4242 aceias
1672 4205 1732 4243 esse
1763 4194 1871 4248 mese

183 4279 226 4328 tas
248 4271 419 4329 constituant
442 4277 470 4328 st
492 4270 612 4326 fundent
628 4270 766 4327 ecclesias.
801 4270 860 4326 Eas
878 4287 944 4328 vero
960 4290 1016 4330 non
1042 4268 1215 4325 ''Caecilius
1234 4276 1326 4324 orator
1343 4285 1470 4341 paganus
1488 4273 1563 4342 apud
1577 4273 1725 4329 Minatium
1736 4275 1872 4335 Felicem:

184 4366 249 4414 sunt
266 4359 405 4431 antiquae,
426 4357 475 4413 ssd
487 4373 584 4423 novae,
603 4373 747 4412 nnmrero
757 4358 1015 4428 proptereadiccnt,
1045 4357 1153 4419 Quanto
1180 4356 1374 4421 venerantiae,
1402 4374 1437 4410 cc
1463 4359 1562 4412 melias
1589 4362 1729 4415 cunnus
1750 4365 1872 4420 camaris

184 4464 239 4502 non
257 4461 318 4502 esse
334 4445 433 4500 veras?
461 4441 490 4500 Si
508 4443 708 4514 respondeant,
723 4451 1014 4516 proptereonsensum
1042 4443 1181 4512 majoram
1205 4443 1332 4512 excipere
1356 4442 1552 4512 disciplinam,
1579 4446 1740 4515 retiptcna:
1754 4453 1870 4505 mm

184 4550 247 4590 cum
276 4530 391 4602 antiqua
414 4529 553 4585 catholica
577 4528 694 4586 ecclesis
718 4547 765 4585 cas
788 4547 848 4586 esse
871 4531 1015 4603 antiqnss;
1041 4530 1144 4594 colere,
1167 4532 1253 4597 Deos,
1269 4545 1339 4598 qnos
1356 4532 1557 4599 aparentibus
1573 4540 1640 4587 ants
1654 4534 1778 4591 intans
1793 4554 1825 4592 es
1839 4537 1870 4592 ti·

184 4618 398 4691 respondemus,
423 4616 451 4670 id
476 4617 559 4687 longe
585 4615 687 4671 rectius
715 4616 749 4671 de
772 4617 874 4672 nostris
892 4619 1016 4674 ecclesiis
1042 4633 1114 4671 mere
1140 4632 1223 4685 pacm
1241 4632 1373 4683 coenosae
1391 4618 1582 4686 familiarius,
1609 4623 1751 4688 adorere,
1772 4641 1824 4678 nec
1838 4625 1871 4678 de

131 4700 141 4765 ’,
184 4704 239 4761 dici
257 4720 346 4777 posse,
364 4701 520 4773 quodcum
540 4700 654 4774 antiqua
670 4701 808 4756 catholica
825 4703 1015 4778 etapcstoilce
1040 4702 1199 4757 nominihus
1213 4701 1292 4762 ferre
1309 4704 1487 4774 scantiam,
1513 4707 1565 4758 sed
1578 4706 1724 4776 priorem
1741 4709 1871 4765 ami

184 4789 301 4849 eeclesia
317 4790 504 4857 consentiant,
528 4787 558 4842 id
577 4788 651 4859 quod
671 4803 705 4842 aa
724 4787 839 4860 Scriptis
858 4790 1015 4860 apostolicis
1041 4789 1253 4860 chrysostomus
1269 4788 1299 4842 in
1319 4793 1341 4844 1.
1357 4787 1479 4845 Corinth
1496 4790 1589 4846 homil.
1604 4798 1637 4848 7:
1655 4794 1764 4848 Fertis·
1780 4796 1871 4863 Plato,

183 4879 213 4934 in
232 4877 348 4950 singubs
365 4874 544 4931 confessionis
559 4880 671 4930 noemae
689 4873 812 4929 articdis
829 4874 1016 4932 demonstrare
1041 4874 1167 4945 mmsis
1184 4878 1260 4928 esrto
1278 4891 1374 4929 eornm
1391 4876 1560 4944 intelliqeret
1578 4894 1717 4946 errorem,
1741 4882 1793 4951 qni
1809 4882 1872 4935 deos

183 4965 274 5039 parati
295 4981 397 5020 sumus.
432 4962 570 5017 Desinant
585 4961 671 5034 igitur
687 4960 819 5016 novitatis
838 4962 1016 5018 accusatione
1041 4960 1170 5030 colerent,
1187 4961 1402 5016 solennitatibus
1419 4971 1510 5017 tumen
1528 4971 1555 5017 et
1569 4964 1638 5018 aliis
1649 4981 1872 5022 emansorem·

183 5070 234 5108 nos
249 5066 382 5123 premere.
419 5049 569 5105 Praeterea
592 5048 762 5120 quaerimus,
782 5049 812 5104 in
830 5065 885 5121 quo
902 5048 1015 5104 tandem
1040 5046 1096 5100 aiis
1123 5050 1365 5114 conducendiese,
1393 5057 1433 5102 at>
1446 5059 1520 5119 pata
1544 5052 1595 5120 qni
1619 5054 1818 5107 comunem·
1833 5070 1871 5107 re

185 5155 273 5195 norae
290 5153 323 5190 ac
339 5141 464 5190 recentes
481 5134 546 5190 illae
566 5135 697 5191 ecclesiae
717 5152 781 5190 cnm
795 5134 912 5208 antiqua
922 5133 1016 5190 catho·
1036 5150 1166 5205 passere
1197 5153 1253 5190 non
1282 5144 1385 5205 posset.
1431 5135 1514 5199 Qacc
1542 5154 1579 5191 -rs
1603 5137 1667 5208 spen
1695 5157 1716 5193 c
1739 5141 1871 5211 suspires

184 5223 239 5278 lica
267 5220 385 5278 cccleda
413 5218 607 5275 consentienti
647 5227 722 5276 certe
747 5238 803 5275 uon
827 5219 856 5276 in
883 5219 1017 5292 temporis
1041 5217 1304 5290 (successisset,
1322 5223 1372 5292 qai
1388 5231 1534 5293 nsspsetas
1552 5225 1693 5292 wdone
1712 5228 1793 5280 cirea
1809 5225 1871 5281 reli·

124 5356 128 5368 ,
185 5307 364 5378 entiquitate,
390 5305 457 5378 quia
482 5309 549 5361 ante
574 5319 661 5360 annos
686 5321 742 5359 non
765 5306 805 5360 ita
825 5304 928 5362 multos
950 5311 1016 5360 sunt
1041 5307 1151 5377 psbnem
1179 5308 1341 5377 innovasse,
1371 5315 1479 5363 tantm
1506 5309 1617 5373 nisset,
1639 5317 1673 5364 at
1695 5313 1774 5381 quaed
1796 5312 1873 5369 eelld

186 5393 335 5466 plantatae
370 5392 447 5466 Ergo
472 5393 501 5448 in
528 5391 669 5449 doctrinas
695 5390 818 5447 veritate.
853 5392 894 5447 At
918 5409 953 5449 ex
980 5408 1014 5448 eo
1041 5402 1241 5464 mcqscrdw,
1258 5403 1291 5448 at
1306 5394 1411 5464 coin,
1426 5397 1553 5464 mmsis
1561 5396 1707 5467 defense,
1723 5399 1870 5455 cecide-d
