4004 6022
256 244 316 301 404
819 233 940 291 Locus
958 232 1162 291 VICESIMUS
1181 233 1379 292 SECUNDUS

256 389 396 459 cedimus,
413 388 557 446 ecclesiam
577 388 791 458 omnitempore
810 388 909 455 fuisse,
933 389 982 444 ssd
1000 405 1033 445 er
1053 403 1086 444 eo
1114 387 1246 445 fundatae
1264 397 1342 457 sunt,
1363 394 1444 446 erunt
1462 404 1559 453 verse,
1579 386 1749 459 apostolicae
1766 393 1795 442 et
1814 384 1943 457 antiquis·

256 495 312 532 non
339 477 474 548 sequitur,
505 474 579 546 quod
604 475 663 528 sola
686 475 836 547 antiquitas
862 481 890 530 et
916 476 1028 547 quidem
1041 491 1086 539 ea,
1111 476 1197 532 simae
1213 476 1354 532 ecclesiae.
1389 475 1443 531 Sed
1462 492 1633 546 consequens
1653 473 1943 546 negatBellarminns.

258 581 329 635 quae
352 581 408 619 non
430 568 522 634 potest
545 562 666 618 revocari
690 563 728 617 ad
750 563 871 618 divinam
890 563 1086 618 revelationem
1112 562 1187 635 Ergo
1209 570 1238 619 et
1265 561 1430 618 antecedens
1447 578 1549 632 negare
1568 562 1658 618 debet.
1698 561 1780 626 Quod
1802 557 1945 630 subjungit

257 667 290 706 ac
308 651 441 706 destituta
460 658 502 706 est
518 651 634 705 veritate
651 651 794 707 doetrinae
811 650 922 715 comite,
949 651 984 705 sit
1001 650 1087 705 eccle·
1113 646 1297 704 Bellarminus
1316 666 1349 703 ex
1367 647 1538 702 Tertulliano
1566 648 1594 702 in
1617 648 1726 718 apolog.
1751 664 1775 701 o.
1798 652 1839 703 ta.
1859 653 1887 702 st
1905 653 1943 702 to.

257 736 315 792 siae
333 745 405 802 nota,
426 736 563 808 quiajam
583 733 649 792 inde
666 736 702 790 ab
721 737 800 792 initio
817 737 913 791 mundi
933 736 1006 792 duae
1024 737 1088 791 illae
1113 736 1271 807 Augustino
1288 735 1336 792 lib.
1353 741 1391 791 ta.
1409 735 1446 789 de
1463 736 1515 788 civ.
1529 734 1583 789 Dei
1603 753 1625 789 c.
1644 741 1686 792 37.
1699 740 1727 788 et
1741 740 1783 789 38.
1803 733 1945 787 acclama

256 824 382 879 civitates
403 822 456 878 Dei
473 832 501 879 et
519 822 635 889 diaboli,
654 824 772 879 ecclesia
791 840 858 879 vera
876 827 904 877 et
922 823 1001 888 falsa,
1020 830 1087 877 tem-
1115 820 1306 875 Christianam
1333 838 1391 875 esse
1414 823 1600 890 antiquiorem
1625 822 1751 875 omnibus
1768 837 1945 891 poposceram

257 910 334 980 plum
360 908 414 964 Dei
445 916 473 965 et
499 909 630 965 sacellum
660 908 763 964 diaboli
795 909 908 964 fuerunt
931 910 1087 980 conjuncta,
1115 909 1312 961 concentictdis
1336 916 1362 961 ot
1388 908 1566 977 Scriptorum
1592 925 1705 961 sacram
1728 923 1791 960 esse
1810 907 1946 975 antiquio

258 996 324 1067 quin
355 996 409 1050 imo
439 996 614 1067 Augustinus
640 995 780 1066 disputat,
810 996 882 1052 inter
906 996 1029 1051 homines
1055 1012 1088 1050 ex
1114 1011 1172 1047 rem
1190 993 1261 1062 ipsis
1281 996 1337 1047 diis
1357 995 1518 1064 postitium
1537 994 1566 1048 id
1585 994 1708 1049 nondum
1723 993 1836 1065 probat,
1854 1007 1944 1063 quam·

256 1082 366 1136 Adamo
394 1089 422 1137 et
448 1081 508 1136 Eva
533 1088 612 1135 natos
635 1081 754 1151 priorem
779 1081 866 1136 tuisse
888 1082 976 1137 civem
1002 1082 1088 1136 seculi
1115 1080 1156 1133 vis
1186 1079 1380 1151 antiquitatem
1408 1097 1467 1134 esse
1491 1096 1572 1135 verae
1600 1080 1733 1135 ecclesiae
1759 1085 1870 1163 notam,
1899 1077 1944 1132 sed

258 1184 340 1238 qaam
376 1168 463 1225 civem
497 1166 559 1223 Dei.
611 1169 648 1221 In
680 1169 809 1222 aniverso
839 1185 938 1237 qaaere
969 1170 1088 1222 tamone
1115 1182 1175 1219 eam
1192 1170 1315 1235 tantum,
1333 1183 1405 1238 quse
1421 1166 1544 1221 revocari
1562 1172 1653 1236 potest
1670 1166 1707 1219 ad
1725 1165 1853 1219 divinam
1868 1165 1946 1236 origi·

257 1253 364 1321 (scribit
388 1254 436 1310 lib.
461 1260 498 1310 15.
525 1253 559 1309 de
583 1254 635 1309 civ.
659 1252 800 1330 Dsi'cap.
827 1256 859 1322 l.)
884 1272 946 1307 eam
965 1256 1089 1323 primam
1115 1269 1179 1307 nem
1201 1269 1234 1308 ac
1257 1253 1398 1309 doctrinas
1419 1252 1546 1309 coelestis
1566 1253 1709 1307 veritatem
1731 1252 1820 1308 habet
1837 1253 1945 1323 conjun-

258 1341 333 1394 duoe
351 1341 421 1394 istae
439 1348 588 1410 coeperant
603 1343 746 1400 nascendo
764 1349 849 1411 atquc
862 1341 1007 1394 moriendo
1022 1342 1089 1411 piro·
1116 1347 1201 1405 ctam,
1225 1340 1261 1394 de
1283 1355 1317 1394 ea
1342 1340 1415 1394 enim
1432 1339 1635 1395 Tertullianum
1654 1347 1682 1395 et
1699 1340 1894 1411 Augustinus
1910 1339 1946 1396 lo·

260 1444 373 1480 currere
392 1428 531 1496 civitates,
545 1429 631 1496 prior
648 1436 688 1482 ost
705 1435 788 1481 notas
807 1429 875 1482 civis
893 1429 977 1497 tejas
995 1430 1090 1497 secali,
1117 1427 1165 1496 qui
1200 1426 1322 1480 ostendit
1357 1425 1417 1496 ipse
1446 1425 1593 1480 verborum
1622 1443 1713 1484 sonus.
1763 1425 1947 1483 “Pontifici

257 1515 402 1583 posterior
425 1522 517 1568 autom
542 1515 596 1568 isto
618 1515 832 1584 peregrinaris
850 1515 943 1568 secam
961 1517 1090 1585 otperts'·
1117 1517 1219 1583 urgent
1238 1513 1328 1567 locum
1354 1529 1387 1567 ex
1403 1512 1550 1569 Vincentio
1571 1511 1715 1568 Lerinensi
1740 1518 1841 1569 contra
1859 1514 1947 1569 haere·

260 1617 327 1654 aem
347 1602 387 1653 ad
404 1602 543 1654 medatem
565 1602 636 1668 Dei,
654 1601 749 1669 pratia
763 1602 1009 1671 proedestinatus,
1027 1619 1091 1672 pro-
1118 1615 1160 1653 ses
1179 1615 1239 1669 cap.
1263 1604 1302 1653 25.
1325 1599 1374 1653 ubi
1400 1598 1572 1654 catholicum
1592 1599 1702 1664 delinit,
1735 1602 1785 1669 qai
1812 1601 1949 1670 quidquid

261 1687 303 1739 tio
321 1687 431 1756 electas,
450 1687 546 1754 pratia
561 1687 729 1755 peregrinas
747 1689 888 1754 deorsam,
907 1690 1004 1757 pratia
1023 1689 1091 1742 eicis
1117 1686 1313 1739 stationaliter
1325 1687 1479 1755 antiquitas
1492 1689 1638 1741 ecclesiam
1652 1687 1821 1741 catholicam
1831 1688 1949 1742 teorsirsc

260 1789 376 1825 sorsum.
424 1771 567 1838 Quomodo
594 1771 679 1844 igitur
705 1773 854 1845 antiquitas
881 1774 933 1830 erit
959 1774 1091 1830 ecclesiae
1117 1774 1286 1841 cognoverit,
1312 1774 1347 1830 id,
1363 1773 1454 1826 solnm
1477 1774 1532 1827 sabi
1554 1759 1699 1827 tenendum
1728 1775 1950 1844 credendumque

260 1859 347 1912 nota?
378 1856 452 1915 Vide
476 1858 559 1913 etiam
582 1865 699 1914 enarrat.
736 1859 837 1916 Psalm.
862 1866 902 1916 26.
927 1867 955 1916 et
974 1867 1016 1917 61.
1042 1860 1090 1915 ubi
1117 1860 1249 1913 decernit.
1285 1858 1506 1932 Respondemus:
1525 1859 1554 1914 id
1572 1861 1689 1916 libenter
1708 1860 1949 1931 amplectimur,si

261 1952 377 1999 matrem
392 1945 572 2016 'Babylonem
591 1946 773 2017 antiquiorem
791 1951 879 2003 matre
896 1946 1091 2017 Hierosolyma
1117 1963 1167 2015 per
1191 1947 1383 2017 antiquitatem
1407 1954 1435 2001 et
1454 1963 1617 2001 consensum
1634 1948 1808 2018 intelligatur
1827 1965 1862 2003 ea
1880 1947 1947 2002 anti·

262 2032 365 2087 statuit.
409 2037 432 2088 3.
455 2032 579 2088 Ecclesia
603 2033 705 2087 dicitur
729 2033 880 2104 apostolica
903 2033 1091 2105 principaliter
1118 2033 1209 2103 quitas
1227 2039 1255 2089 et
1271 2033 1295 2086 is
1315 2048 1477 2102 consensus,
1502 2035 1549 2104 qui
1572 2052 1635 2089 cum
1652 2033 1823 2105 propheticis
1844 2041 1873 2090 et
1887 2051 1947 2106 apo
1970 2057 1973 2060 ·

262 2136 295 2173 ac
313 2119 462 2191 praecipue
479 2127 590 2192 propter
608 2121 680 2175 hanc
696 2138 817 2190 causam,
834 2121 900 2192 quia
915 2120 1090 2191 apostolicam
1117 2119 1222 2173 stolicis
1248 2119 1357 2190 scriptis
1385 2119 1546 2188 concordat,
1574 2137 1625 2175 nec
1654 2137 1703 2190 pro
1729 2137 1802 2175 novo
1821 2120 1949 2192 dogmate

262 2204 346 2260 tidem
375 2213 403 2261 et
428 2206 581 2261 doctrinam
605 2211 695 2276 tenet,
721 2208 765 2261 vel
791 2214 822 2261 ut
847 2207 951 2261 Paulus
970 2205 1092 2278 loquitur
1114 2207 1268 2276 judicetur,
1287 2206 1361 2277 quod
1379 2223 1412 2261 ex
1430 2207 1515 2260 sacris
1533 2206 1626 2261 bibliis
1647 2207 1831 2262 demonstrari
1850 2214 1947 2278 potest,

261 2291 362 2364 Ephes.
382 2299 407 2363 2,
425 2310 451 2351 v.
472 2299 519 2350 td:
538 2296 691 2350 Eastrasta
712 2304 752 2348 est
772 2312 858 2365 saper
876 2296 1091 2360 fundamentum
1118 2293 1225 2349 etiamsi
1246 2291 1298 2347 sub
1319 2292 1439 2347 tenebris
1459 2292 1611 2348 Pontificiis
1637 2293 1810 2364 aliquamdiu
1831 2294 1947 2358 latuerit,

261 2381 461 2451 apostoloram.
499 2380 689 2452 Quaecunque
707 2382 780 2435 enim
799 2380 916 2436 ecclesia
930 2381 1012 2437 iidem
1026 2400 1091 2454 apo·
1118 2386 1146 2435 et
1165 2380 1188 2434 si
1206 2396 1240 2435 ea
1256 2378 1428 2450 intelligatur
1445 2380 1604 2451 antiquitas,
1622 2397 1694 2452 quae
1711 2381 1861 2437 Vincentio
1875 2381 1950 2437 Leri-

261 2465 386 2522 stolicam
399 2466 581 2537 amplectitur,
595 2467 644 2521 illa
655 2473 697 2522 est
712 2466 871 2537 apostolica,
887 2467 963 2523 rivel
975 2469 1091 2524 maxime
1116 2467 1194 2520 nensi
1215 2465 1367 2538 antiquitas
1384 2466 1445 2521 fuit.
1480 2465 1558 2520 Vixit
1580 2466 1604 2519 is
1628 2467 1702 2520 circa
1721 2484 1825 2521 annum
1844 2473 1902 2524 tto.
1922 2467 1948 2521 id

261 2569 317 2608 non
331 2553 367 2607 sit
378 2553 413 2608 ab
427 2553 556 2623 apostolis
568 2553 702 2623 fandats3
721 2560 816 2608 contra
829 2571 894 2610 vero
910 2571 1091 2626 quaecunque
1117 2552 1233 2623 proinde
1252 2552 1277 2606 ei
1295 2552 1452 2624 antiquum,
1478 2553 1552 2624 quod
1576 2559 1700 2624 tempore
1718 2555 1907 2624 apostolorum
1923 2560 1949 2610 et

262 2639 379 2694 ecclesia
402 2638 485 2694 iidem
512 2640 689 2709 apostolicam
718 2641 870 2710 corrumpit
894 2657 927 2694 ac
955 2642 1091 2711 repudiat,
1117 2640 1239 2710 proximo
1262 2647 1326 2710 post
1350 2639 1488 2710 apostolos
1515 2640 1607 2695 seculo
1624 2640 1653 2694 in
1672 2641 1790 2696 eeclesia
1808 2647 1949 2714 receptum

262 2725 310 2779 illa
326 2742 383 2779 non
400 2732 443 2780 est
460 2727 623 2797 apostolica.
652 2725 675 2780 si
697 2726 742 2780 vel
766 2727 883 2782 maxime
905 2727 941 2782 ab
959 2729 1090 2798 apostolis
1117 2727 1182 2797 fuit,
1208 2743 1297 2799 neque
1318 2726 1390 2780 enim
1409 2727 1553 2798 antiquum
1570 2727 1693 2797 putavit,
1717 2729 1791 2799 quod
1813 2747 1864 2785 sno
1883 2735 1948 2784 tem·

261 2811 327 2866 olim
345 2812 381 2866 sit
401 2811 526 2881 fundata,
545 2818 578 2866 ut
596 2811 784 2866 Tertullianus
802 2811 864 2867 libr.
883 2813 917 2867 de
929 2815 1090 2884 praescript.
1116 2830 1183 2884 pore
1210 2821 1258 2867 aut
1283 2821 1395 2868 centum
1420 2813 1529 2867 circiter
1555 2813 1633 2868 annis
1658 2820 1707 2868 aut
1732 2815 1860 2871 ducentis
1887 2823 1949 2871 ante

262 2898 324 2953 adv.
341 2898 453 2954 haeres.
481 2898 610 2954 ostendit.
652 2899 727 2971 Ergo
757 2900 845 2970 prima
872 2917 906 2955 ae
931 2901 1090 2972 principalis
1117 2917 1179 2954 eum
1200 2900 1278 2953 annis
1297 2907 1392 2953 natum
1414 2905 1468 2969 est,
1487 2900 1573 2955 multo
1591 2917 1655 2956 vero
1673 2902 1773 2971 minus,
1794 2903 1870 2973 qnod
1889 2909 1950 2974 post

263 2983 455 3057 appellationis
471 3000 555 3039 eausa
569 2991 611 3040 est
625 2984 750 3040 doctrina
762 2986 920 3056 apostolica,
932 3004 987 3041 non
999 2994 1091 3041 autem
1118 3004 1197 3041 suum
1215 2986 1362 3041 seculum
1354 3004 1383 3040 ιιι
1401 2986 1533 3057 religione
1555 2987 1739 3057 excogitatum
1762 2995 1814 3047 etc.
1820 2992 1858 3029 *t

263 3073 341 3143 origo
361 3071 396 3125 ab
417 3071 557 3143 apostolia.
594 3077 617 3127 4.
637 3071 819 3126 Bellarminus
844 3072 967 3144 sibiipsi
984 3080 1091 3128 contra
1154 3077 1211 3128 itt.
1251 3074 1408 3126 Memorem
1441 3076 1598 3129 secandam
1640 3071 1718 3128 Sitne
1749 3076 1868 3131 ecclesia
1897 3075 1949 3131 Ro·
1961 3075 1988 3116 Μ’

262 3159 338 3213 dicit
379 3158 489 3213 Etenim
525 3158 548 3211 si
578 3151 695 3215 ecclesia
719 3159 820 3213 dicitur
841 3159 1004 3230 apostolica,
1029 3178 1091 3232 pro·
1118 3175 1200 3212 mana
1226 3159 1283 3213 sive
1310 3158 1448 3228 papistica
1472 3159 1593 3213 omnium
1617 3160 1818 3230 antiquissima.
1858 3129 1998 3270 Primoqlfi

170 3256 173 3263 ·
261 3252 357 3316 pterea
380 3245 445 3315 quia
469 3244 505 3299 ab
530 3243 661 3314 apostolis
685 3251 727 3299 est
749 3244 889 3316 plantata,
921 3263 1092 3318 consequens
1118 3245 1239 3299 omnium
1256 3262 1413 3314 monemus,
1441 3245 1574 3317 dogmata
1593 3245 1725 3301 ecclesiae
1741 3245 1886 3304 Romanae
1904 3234 1998 3321 ho·,¹,',¹,

261 3330 358 3396 fuerit,
384 3329 544 3396 ecclesiam,
569 3347 640 3402 quae
665 3348 719 3386 non
747 3338 789 3386 est
812 3332 848 3387 ab
865 3333 997 3403 apostolis
1016 3334 1092 3404 plan·
1118 3332 1229 3387 diemae
1255 3347 1311 3385 non
1336 3347 1395 3385 esse
1415 3331 1497 3385 unius
1517 3339 1545 3387 et
1563 3333 1686 3402 ejusdem
1707 3334 1826 3404 generis.
1863 3335 1949 3401 Quae·
1958 3284 1998 3426 {V

261 3423 335 3484 tata,
359 3435 416 3471 non
441 3433 499 3472 esse
524 3418 712 3488 apostolicam.
754 3417 817 3473 Jam
837 3435 901 3474 vero
920 3435 1007 3476 novae
1027 3421 1091 3476 illae
1119 3419 1182 3472 dam
1205 3418 1278 3473 enim
1302 3417 1450 3487 scripturis
1470 3418 1555 3471 sacris
1574 3425 1638 3473 sunt
1655 3426 1857 3494 consentanea,
1886 3439 1948 3494 quo·

264 3503 424 3559 ecclesiae'
416 3520 445 3557 ιιι
462 3502 549 3557 Indiis
567 3521 622 3559 non
640 3504 803 3575 plantantur
820 3505 856 3560 ab
877 3508 1021 3577 apostolis,
1039 3506 1091 3562 nisi
1117 3523 1178 3560 ram
1203 3504 1309 3559 ratione
1334 3521 1497 3559 consensum
1515 3522 1547 3559 ac
1566 3506 1726 3561 societatem
1745 3508 1887 3578 quandam
1905 3508 1948 3563 ob·

260 3590 332 3645 forte
348 3589 470 3646 Jesuitas
489 3590 672 3659 apostolorum
692 3591 878 3661 appellatione
897 3593 1006 3665 dignari
1026 3595 1091 3649 reli·
1119 3594 1188 3648 tinet
1218 3609 1280 3646 cum
1312 3591 1429 3646 ecelesia
1458 3590 1584 3646 Romana
1615 3593 1729 3664 antiqua
1758 3594 1794 3649 ab
1821 3597 1948 3667 apostolis

261 3692 330 3733 mus
365 3675 441 3747 Ergo
464 3691 519 3729 non
543 3683 624 3730 erunt
649 3677 824 3746 apostolicae.
867 3677 896 3733 Si
927 3681 1092 3751 respondere
1119 3679 1248 3746 fundata,
1274 3694 1325 3748 per
1350 3694 1420 3748 quae
1446 3678 1529 3732 etiam
1548 3680 1696 3734 accedente
1713 3680 1845 3751 baptismi
1862 3699 1948 3738 sacra·

261 3760 336 3830 velit,
354 3763 413 3815 dici
431 3762 603 3831 apostolicos
617 3773 736 3833 proptor
754 3782 912 3819 consensum
929 3784 990 3820 oum
1009 3769 1092 3822 eccle·
1119 3774 1225 3828 mento,
1257 3764 1331 3838 quod
1361 3765 1499 3837 integrum
1530 3765 1621 3820 adhuc
1649 3766 1765 3837 retinet,
1793 3767 1948 3841 spirituales

262 3848 307 3902 sio
325 3848 456 3901 Romano
473 3849 508 3901 ad
526 3849 662 3919 apostolis
677 3851 819 3920 plantato,
838 3869 867 3906 re
886 3852 1093 3922 ipsaooncedit,
1118 3852 1190 3908 filios
1207 3853 1268 3907 Deo
1285 3858 1407 3923 generat,
1425 3853 1497 3906 sicut
1511 3852 1703 3908 olimecclesia
1716 3846 1851 3911 Judaica·
1845 3873 1947 3930 ,quae

262 3934 346 3990 fidem
377 3941 406 3990 et
439 3934 590 3990 caeninam
622 3937 802 4006 apostolicam
830 3955 890 3993 esse
916 3939 1034 3995 indicem
1061 3958 1093 3996 ao
1121 3941 1183 3995 dam
1201 3955 1267 3993 vero
1287 3939 1417 4009 dogmata
1441 3943 1506 3992 sunt
1523 3938 1673 4010 Scripturis
1688 3942 1774 3995 sacris
1791 3943 1910 4000 adversa
1924 3950 1949 4000 ct

261 4026 361 4077 testem
381 4022 550 4093 apostolicae
568 4024 708 4093 ecclesiae,
728 4024 794 4095 quia
811 4041 960 4079 consensus
973 4026 1092 4082 illesum
1120 4027 1270 4090 contraria,
1297 4042 1369 4097 quae
1391 4041 1447 4079 non
1474 4024 1578 4080 habent
1604 4027 1736 4098 originem
1755 4027 1792 4084 ab
1813 4031 1949 4102 apostolia,

263 4107 379 4164 ecclesia
397 4107 523 4163 Romana
539 4109 665 4164 consistit
683 4110 712 4164 in
730 4111 811 4165 nnius
831 4112 1009 4185 ejusdemque
1027 4112 1093 4168 fidei
1120 4130 1210 4185 neque
1239 4113 1275 4168 ab
1306 4113 1424 4168 ecclesia
1452 4113 1577 4167 Romana
1607 4113 1722 4186 antiqua
1754 4115 1790 4170 ab
1823 4116 1949 4189 apostolis

262 4195 439 4267 professione,
453 4206 536 4266 quam
548 4197 728 4266 apostolicam
742 4213 803 4254 esse
814 4198 975 4270 gloriantur.
1007 4207 1030 4256 t.
1045 4200 1094 4256 Ul·
1120 4202 1260 4272 plantata,
1286 4200 1335 4255 sed
1359 4201 1481 4265 noviter,
1504 4201 1701 4271 posterioribus
1720 4203 1828 4258 scilicet
1846 4204 1948 4274 seculis,

262 4282 348 4338 terius
366 4281 788 4352 autecclesiaapostolicafuit
806 4285 1025 4357 omnitempore,
1046 4295 1095 4342 aut
1120 4295 1184 4343 sunt
1206 4287 1378 4352 introducta,
1402 4304 1435 4340 ae
1460 4286 1568 4341 illorum
1591 4287 1696 4344 ratione
1719 4289 1831 4362 proprie
1854 4291 1949 4347 dicitur

262 4369 354 4440 coepit
382 4373 457 4423 certo
489 4373 629 4439 tempore,
659 4369 812 4439 imperante
844 4371 950 4427 scilicet
981 4373 1094 4428 Tiberio
1120 4373 1257 4445 papistica
1280 4373 1336 4427 sive
1362 4371 1502 4441 Romana,
1536 4373 1602 4444 quia
1629 4373 1734 4430 seilicet
1760 4378 1948 4434 auctoritatem

227 4509 236 4530 ‚
262 4458 401 4527 Augusto.
437 4453 467 4511 Si
484 4456 575 4527 prius,
604 4473 658 4510 non
676 4461 770 4526 potest
789 4456 842 4513 dici
861 4459 1013 4529 apostolica
1030 4461 1094 4515 iude
1120 4461 1237 4517 Romani
1261 4458 1399 4530 pontificis
1425 4459 1455 4512 in
1480 4459 1650 4529 professione
1679 4469 1707 4516 et
1730 4464 1948 4535 propugnatione

238 4549 346 4614 'atque
363 4543 439 4608 idco,
464 4544 529 4615 quia
549 4543 604 4597 fuit
621 4542 657 4596 ab
677 4543 809 4614 apostolis
827 4545 960 4615 plantata.
996 4547 1026 4603 Si
1045 4567 1093 4620 po·
1119 4549 1228 4603 illorum
1247 4547 1409 4618 dogmatum
1427 4547 1559 4618 sequitur.
1595 4547 1713 4613 Quando
1729 4548 1817 4620 igitur
1828 4550 1880 4605 hoc
1893 4551 1948 4606 loco

262 4632 373 4696 sterius,
399 4647 454 4686 non
477 4630 529 4685 erit
553 4629 689 4685 catholica
706 4646 739 4685 cx
758 4630 905 4702 hypothesi
926 4633 1093 4690 definitionis
1119 4635 1269 4707 quaeritur,
1288 4649 1324 4687 an
1337 4633 1463 4687 Romana
1482 4635 1598 4689 ecclesia
1618 4635 1654 4689 sit
1674 4635 1875 4707 antiquissima,
1894 4646 1949 4692 tum

148 4728 186 4773 ιι.
201 4729 250 4780 tte.
263 4718 505 4786 Bellarminianae,
525 4717 570 4771 cui
590 4717 729 4777 catholico
749 4719 855 4771 dicitur
873 4720 1006 4793 ecclesio,
1026 4724 1093 4792 qm‘a
1119 4724 1171 4777 hoc
1187 4720 1299 4792 proprie
1320 4719 1469 4790 quaeritur,
1487 4737 1523 4775 an
1543 4721 1676 4776 hodierna
1693 4722 1948 4789 ecclesiaRomaus‚

260 4807 319 4873 fecit
338 4807 559 4873 omnitempore.
595 4811 618 4860 θ.
635 4803 664 4860 Si
681 4803 798 4859 ecclesia
816 4805 852 4860 ab
871 4807 1004 4877 apostolis
1015 4809 1093 4879 plan·
1119 4824 1190 4881 qnae
1206 4806 1330 4878 pontifici
1347 4806 1473 4862 Romano
1491 4815 1523 4862 ut
1541 4826 1589 4864 suo
1607 4809 1693 4879 capiti
1711 4810 1793 4866 unice
1810 4811 1948 4880 adhaeret,

261 4901 320 4949 tata
339 4901 381 4949 est
398 4891 598 4964 antiquissima,
616 4907 787 4963 consequens
800 4892 893 4960 fuerit,
911 4896 1016 4949 nullam
1029 4904 1094 4952 ante
1119 4896 1193 4951 sanis
1218 4896 1358 4950 doetrinae
1379 4895 1505 4951 coelestis
1525 4896 1662 4967 capitibus
1688 4910 1791 4952 errores
1810 4898 1948 4968 admiscet,

259 4981 397 5052 apostolos
421 4979 507 5034 fuisse
534 4978 686 5034 ecclesiam.
729 4978 784 5035 Sed
810 4980 863 5036 tuit
888 4982 1007 5037 ecclesia
1029 4990 1094 5037 ante
1118 4982 1202 5037 verbo
1219 4980 1272 5037 Dei
1290 4982 1451 5038 traditiones
1470 4982 1604 5036 humanas
1626 4982 1764 5055 adjungit,
1782 4999 1800 5038 a
1816 4981 1947 5055 justifica·

259 5068 410 5139 apostolos,
435 5084 491 5123 non
508 5067 595 5121 solum
615 5084 693 5137 vera,
719 5068 785 5138 quia
802 5068 956 5124 Israilitica
975 5070 1094 5126 ecclesia
1119 5068 1194 5122 tione
1211 5067 1277 5124 fidei
1297 5069 1332 5124 ad
1350 5069 1448 5124 merita
1466 5085 1579 5139 operum
1598 5075 1625 5124 et
1641 5069 1768 5140 proprias
1787 5068 1947 5127 satisfactio·

259 5154 293 5212 V.
312 5154 346 5212 T.
371 5153 424 5209 fuit
447 5154 523 5225 prior
542 5154 688 5225 apostolis,
712 5154 762 5209 sed
780 5154 863 5209 etiam
880 5155 966 5219 falsa,
988 5156 1093 5211 scilicet
1119 5171 1168 5209 nes
1187 5155 1318 5225 abducit,
1338 5173 1355 5212 a
1372 5155 1481 5211 Christo
1502 5156 1538 5210 ad
1557 5155 1761 5210 Antichristum
1779 5158 1892 5225 transit,
1910 5163 1947 5213 at·

258 5242 386 5308 Judaica,
406 5258 424 5295 a
442 5257 497 5313 qua
517 5241 636 5313 apostoli
647 5241 836 5298 discedebant.
873 5246 897 5298 l.
913 5238 941 5297 Si
954 5240 1092 5314 plantatio
1119 5258 1173 5313 que
1203 5249 1236 5298 ut
1265 5245 1348 5300 verbo
1382 5244 1485 5315 dicam,
1515 5260 1587 5315 quae
1618 5242 1701 5299 fidem
1732 5244 1762 5300 in
1787 5244 1947 5301 Tridentino

259 5327 294 5381 ab
317 5327 448 5398 apostolis
472 5329 549 5384 facta
573 5326 673 5397 efficit,
703 5336 735 5383 ut
759 5326 876 5381 ecclesia
901 5330 1037 5401 quaedam
1056 5330 1093 5385 sit
1118 5328 1233 5385 coneilio
1253 5331 1403 5402 expositam
1422 5330 1598 5401 amplectitur
1614 5336 1642 5386 et
1654 5338 1821 5403 propugnat,
1839 5333 1875 5387 sit
1886 5345 1948 5387 vera

259 5426 331 5483 vera,
352 5415 504 5485 apostolica
523 5422 552 5472 et
568 5414 768 5487 antiquissima,
789 5413 886 5485 utique
906 5416 989 5470 etiam
1004 5414 1090 5471 eccle·
1118 5422 1146 5472 et
1163 5416 1354 5489 antiquissima
1371 5416 1420 5471 illa
1438 5414 1567 5481 ecclesia,
1585 5417 1659 5488 quod
1678 5433 1728 5473 nos
1745 5435 1881 5490 negamus
1898 5418 1947 5473 hoe

258 5497 315 5554 slas
336 5499 620 5574 Graecae,⁸quarum
647 5500 783 5575 quaedam
804 5500 841 5556 ab
864 5501 932 5572 ipsis
958 5502 1088 5574 apostolis
1117 5502 1204 5559 innixi
1222 5510 1396 5576 argumento:
1425 5501 1612 5575 Quaecunque
1638 5504 1757 5562 ecclesia
1775 5520 1831 5562 non
1850 5505 1949 5563 retinet
