4004 6022
651 240 656 249 ·
702 203 780 263 :DE
801 202 926 262 SACRA
946 203 1081 265 COENA.
1696 217 1755 276 iti

55 362 157 418 οἰκίη.
198 357 386 417 Bsnuninns
412 358 519 431 regerit
536 357 585 415 lib.
604 363 629 414 2.
644 357 680 415 de
695 358 808 415 euehat.
829 376 853 414 c.
873 364 896 410 3.
919 376 997 427 puae
1015 367 1105 417 eona
1125 366 1152 413 et
1168 358 1200 411 in
1218 358 1302 411 elim
1319 367 1527 415 mmmmesmr.
1553 358 1764 430 chmmtomus

55 448 133 507 eires
153 447 256 512 tinem,
287 462 395 518 panem
416 445 516 500 noceri
539 446 751 513 ecclesistiam,
777 448 830 503 sed
843 463 896 514 po·
925 445 981 511 (vei
1010 447 1169 517 quicunque
1194 445 1265 501 alias
1289 450 1396 511 auctus)
1426 446 1462 501 ad
1482 445 1643 504 Caesarium
1669 465 1763 505 mauu

57 552 120 591 nens
138 535 288 590 coetuum
305 542 333 589 et
352 534 487 597 divinum,
504 533 715 587 nostriticeum.
737 530 896 601 Responde·
925 530 1007 586 chum
1029 540 1152 602 tempore
1169 532 1270 587 exsilii:
1289 534 1448 600 nusquam
1459 536 1651 597 sanctificetur
1664 536 1772 605 passis„

18 676 22 683 ,
55 636 135 679 nias:
154 621 270 678 sanein
289 620 458 677 eucharistia
474 636 529 674 non
541 617 633 672 nudus
645 618 733 687 penis,
752 618 801 671 sed
814 617 896 672 etiam
927 634 1026 671 ,sunem
1045 622 1229 685 nominamus,
1247 619 1345 672 steina
1363 630 1455 672 nutem
1473 620 1556 675 ulain
1572 623 1764 685 sanctificante

59 707 139 764 cibus
158 706 303 775 autentis,
324 704 457 761 videlicet
474 721 574 775 corpus
593 703 709 768 Christi,
726 703 806 759 nohis
823 703 897 758 exhi·
925 704 1021 772 pratia
1039 706 1180 758 mediante
1198 705 1345 757 secerdote
1369 704 1506 759 llerotus
1524 715 1564 760 est
1582 707 1619 761 ae
1636 708 1764 777 appella·

58 793 150 863 betur,
166 793 278 849 interim
298 799 391 849 umen
410 791 488 862 panis
508 808 563 846 nnn
583 791 752 846 convertitur
769 789 897 845 essentis·
926 793 999 845 n'one
1014 792 1111 860 ponis,
1130 793 1233 860 diynus
1251 799 1343 843 antem
1361 791 1471 846 halitus
1484 801 1524 845 est
1538 794 1686 849 Dominici
1704 811 1765 848 cor·

56 878 120 937 liter
138 880 171 935 in
189 878 294 936 cunuti
311 896 427 950 carpus,
446 877 495 933 sed
515 877 724 932 sacramentalis
741 875 773 932 fit
789 875 828 931 rei
845 884 897 930 ter·
924 879 1005 946 poris
1024 879 1228 947 appellatione,
1254 877 1307 930 ent
1330 886 1434 931 natura
1454 878 1544 946 penis
1569 881 1681 950 inipso
1700 898 1765 950 per·

56 984 144 1025 renue
171 975 202 1023 et
228 966 357 1022 menas
381 965 454 1020 unio.
498 969 522 1021 2.
543 964 617 1029 Quis
640 974 733 1035 putres
757 962 829 1017 dues
846 979 899 1025 res,
928 965 1037 1018 missit.
1080 963 1272 1019 Theodoretus
1299 963 1363 1018 disi.
1391 972 1412 1020 1.
1439 982 1467 1035 p.
1495 970 1553 1022 ³39.
1578 965 1645 1020 edit
1669 963 1764 1022 Calon.

56 1060 199 1112 messem
230 1059 259 1110 et
288 1052 448 1119 coelestem,
480 1053 510 1106 in
541 1051 710 1107 eucharistia
737 1058 898 1120 agnoscunt.
925 1051 1094 1107 orthodoxus
1120 1050 1223 1121 inquit:
1252 1050 1285 1103 ln
1308 1052 1502 1119 mysteriorum
1524 1053 1680 1109 traditione
1703 1071 1765 1108 eor·

10 1139 194 1198 athenaeus
210 1139 261 1197 lih.
279 1146 310 1209 t,
328 1156 352 1194 c.
372 1145 419 1196 tt:
447 1137 502 1201 Qui
519 1146 560 1195 est
578 1156 598 1191 a
615 1147 693 1191 terre
706 1138 795 1206 punis
808 1135 898 1204 perei-
926 1155 978 1199 ,sess
1002 1154 1105 1206 possem
1132 1136 1289 1205 appellauit
1315 1145 1341 1190 et
1367 1140 1547 1207 sanquinem,
1575 1141 1609 1195 iel
1634 1141 1712 1210 priori
1734 1139 1765 1195 in

57 1229 142 1298 pisse
158 1226 332 1282 noeumane
346 1226 411 1292 Dei,
424 1225 491 1294 jam
510 1242 567 1279 non
584 1232 627 1278 est
640 1224 790 1278 communis
802 1222 899 1290 panis,
927 1224 1016 1278 colice
1043 1225 1170 1288 infusum
1194 1231 1220 1276 el
1242 1222 1418 1277 cemmiotum
1436 1234 1483 1279 est.
1518 1224 1680 1296 Rmpondet
1697 1224 1764 1283 Era·

57 1316 112 1370 ssd
135 1313 310 1369 mesenae
330 1313 442 1367 leena
467 1310 549 1365 rebus
572 1317 717 1377 constans,
743 1318 856 1363 terressn
873 1324 897 1361 es
928 1311 1026 1365 nistes:
1073 1309 1122 1364 Itu
1163 1310 1324 1365 nominauit.
1384 1309 1575 1367 Orthedoxns:
1613 1313 1704 1382 Atqui
1737 1319 1765 1366 st

57 1400 184 1457 messit
218 1397 356 1455 Eusebius
382 1397 431 1453 lib.
458 1403 499 1452 20.
526 1396 557 1451 in
583 1395 674 1451 Lavit.
695 1412 757 1465 cap.
778 1400 803 1450 8.
828 1397 898 1449 dirus
928 1397 1004 1466 omni
1029 1404 1071 1450 est
1096 1399 1249 1451 secundum
1274 1404 1407 1451 naturam
1433 1415 1548 1466 corpus,
1574 1416 1676 1468 corpus
1694 1398 1765 1469 jure

57 1504 108 1543 res
130 1486 162 1543 in
186 1501 273 1545 coena
297 1486 396 1541 adesse
412 1484 480 1540 (linit
498 1489 528 1538 et
544 1500 644 1553 corpus
662 1482 823 1537 manducari
838 1498 899 1535 cuni
928 1483 1069 1539 osscalitur
1096 1492 1123 1538 st
1150 1485 1247 1537 itidem
1276 1484 1401 1550 sonyuis.
1447 1484 1603 1542 Eranistess
1637 1486 1674 1540 ln
1701 1503 1765 1547 con·

57 1589 150 1645 pane,
175 1590 232 1644 quo
254 1573 339 1629 refert
357 1578 457 1642 typum
475 1567 543 1625 Lea.
563 1574 587 1625 8.
626 1567 740 1638 Excipit
756 1567 898 1623 Beliarsni·
919 1571 1004 1637 fesso
1042 1577 1091 1625 est.
1145 1567 1344 1626 Orthodornss
1383 1568 1517 1625 Servatur
1547 1572 1661 1641 mem
1692 1580 1765 1627 certe

56 1676 115 1716 nus
132 1659 182 1716 tib.
201 1665 226 1715 2.
245 1657 405 1715 deeuehar.
423 1673 448 1711 c.
472 1660 567 1724 uper
584 1672 642 1709 rem
659 1664 801 1709 terrenam
820 1655 900 1708 intri-
929 1665 1021 1712 'semer
1053 1658 1168 1712 noosina
1201 1659 1397 1725 commutarit,
1440 1667 1466 1711 et
1501 1659 1617 1729 corpori
1653 1660 1765 1730 quidem

57 1747 116 1815 ls'yi
134 1747 215 1800 mesia
235 1744 411 1807 mmdmua,
439 1759 511 1812 puae
537 1741 593 1795 sint
616 1756 683 1794 uera
708 1757 768 1807 res,
792 1749 820 1794 et
837 1757 900 1794 rere
927 1745 960 1797 id
987 1746 1065 1812 qued
1091 1753 1154 1798 erut
1179 1744 1299 1813 syrnloli
1323 1761 1358 1799 ac
1390 1745 1468 1811 siyni
1497 1763 1597 1801 nomen
1624 1746 1765 1816 imposuit.

57 1841 176 1888 terrena
196 1847 259 1897 res,
287 1828 399 1899 alioqui
425 1829 551 1883 smsibus
573 1828 770 1898 corporalibus
798 1843 898 1896 appre·
929 1830 1059 1899 Symbola
1088 1839 1198 1901 autem,
1224 1832 1302 1901 puori
1326 1838 1389 1886 erat
1413 1833 1550 1903 eorporis.
1585 1833 1718 1889 Itanum
1735 1849 1766 1886 se

56 1916 153 1975 leudi
168 1933 226 1971 aon
239 1923 365 1986 possem.
398 1913 504 1971 Eadem
523 1913 627 1985 effugio
647 1914 735 1968 utitur
748 1911 900 1984 Gregorius
928 1918 1009 1971 ritem
1027 1917 1209 1983 nominasset,
1226 1919 1405 1988 saspranem,
1430 1919 1464 1973 id
1481 1920 1560 1988 quoe
1578 1928 1639 1977 srot
1658 1919 1766 1991 symle-

58 2004 101 2061 de
124 2003 236 2061 vitent
274 1999 499 2072 Respondemus:
523 2000 654 2056 Itennenn
678 2009 806 2056 notanter
823 2001 900 2068 dicit,
927 2004 991 2069 tries,
1008 2002 1173 2072 appellauit.
1201 2002 1359 2068 &eristen
1376 2005 1441 2060 Hae
1455 2005 1569 2073 quidem
1580 2022 1644 2065 cere
1658 2005 1765 2061 euna.

58 2092 143 2163 quod
162 2090 251 2160 panis
274 2089 421 2160 percipiet
443 2088 616 2143 uocationem
639 2088 705 2141 Dei.
749 2087 814 2144 Jusn
836 2106 901 2143 vero
933 2088 1035 2142 Vellem
1060 2097 1153 2142 erstem
1179 2090 1253 2143 scire
1283 2107 1398 2144 causam
1427 2091 1589 2147 mutationis
1614 2091 1765 2153 nominasse.

58 2177 120 2234 Dei
135 2175 244 2233 recedo
262 2190 319 2231 non
336 2173 411 2229 tellit
427 2191 520 2229 rerum
537 2179 681 2242 naturam,
699 2173 801 2228 deinde
818 2184 899 2228 vocet
927 2175 1117 2231 Orthederus:
1136 2176 1327 2240 Manifestum
1344 2184 1385 2230 est
1403 2175 1560 2231 institutum
1571 2177 1621 2241 iis,
1640 2177 1690 2246 qui
1699 2183 1764 2231 sunt

57 2281 137 2333 rsus,
154 2279 212 2320 non
227 2260 385 2318 meseum
401 2259 449 2317 rei
490 2260 622 2325 Quamvis
642 2261 715 2316 cuim
733 2260 899 2316 vocabulum
927 2262 1031 2315 diuinis
1058 2261 1199 2330 mysteriis
1219 2262 1330 2317 initiati
1372 2261 1489 2316 Volebat
1507 2263 1599 2332 enim,
1624 2279 1686 2330 ses,
1715 2262 1766 2333 qui

56 2351 104 2408 rei
128 2363 274 2406 commuue
295 2346 332 2401 sit
351 2344 516 2401 substantiis
533 2354 561 2402 et
577 2345 782 2415 accidentibus,
807 2351 900 2402 minen
927 2357 991 2402 sunt
1011 2347 1171 2403 dioinomsm
1191 2348 1385 2416 mysteriorum
1401 2350 1574 2419 participes,
1597 2367 1654 2404 nos
1679 2357 1765 2407 auen·

57 2453 129 2494 enus
150 2432 295 2506 analogice
316 2431 414 2487 saitem
438 2431 630 2488 accidentibus
655 2433 815 2501 conveniat,
838 2433 900 2486 ideo
928 2438 995 2490 ders
1019 2442 1150 2489 naturam
1176 2450 1287 2502 sorum,
1316 2450 1388 2504 puae
1405 2435 1553 2506 sidentur,
1578 2437 1631 2491 sesi
1645 2443 1767 2505 propter

58 2523 154 2583 ηιὶιιι
176 2520 213 2576 de
237 2519 294 2575 illis
314 2525 473 2588 usurpetur.
512 2517 662 2575 Praeterea
678 2520 706 2572 si
724 2535 770 2573 res
789 2527 901 2573 terrena
929 2522 1067 2576 uenenum
1084 2521 1317 2590 permutationem
1335 2521 1493 2591 mutaticum,
1511 2538 1583 2592 quae
1596 2523 1634 2591 fit
1652 2537 1686 2576 ta
1699 2538 1764 2592 yre-

46 2607 201 2681 .eecipitur
217 2611 328 2663 tuntum
346 2604 380 2659 de
392 2604 592 2674 accidentibus,
610 2606 694 2661 etiam
707 2621 751 2663 res
766 2604 901 2671 conans,
927 2609 977 2667 tie,
994 2609 1116 2663 medere.
1155 2606 1210 2669 Qui
1226 2607 1301 2660 enim
1317 2608 1395 2676 quod
1411 2615 1517 2662 natura
1536 2624 1640 2678 corpus
1654 2615 1695 2665 cst
1713 2607 1764 2666 tri·

58 2712 138 2770 qne
155 2692 312 2757 matters
329 2708 394 2764 pare
417 2691 616 2762 eucharistiae,
641 2710 693 2762 pro
710 2691 901 2748 accidentibus
926 2695 1041 2758 ticenum,
1072 2701 1098 2748 ct
1123 2710 1229 2763 panem
1256 2693 1427 2763 appellarit,
1456 2702 1484 2748 st
1513 2697 1597 2751 sitem
1615 2711 1716 2751 rursus
1733 2710 1763 2749 ss

60 2781 189 2854 eorporis
208 2778 313 2835 Christi
337 2778 461 2834 sumnus
485 2778 538 2833 erit
561 2778 731 2849 accipienda
773 2778 902 2850 Denique
928 2783 1018 2851 ipsum
1037 2778 1204 2845 nominauit,
1222 2779 1247 2831 is
1264 2779 1391 2847 symbola
1408 2787 1435 2835 et
1450 2781 1550 2850 siyna,
1570 2798 1643 2851 ques
1662 2798 1764 2845 uaeas·

61 2867 145 2927 sunit
164 2868 313 2923 tremus
336 2866 378 2919 sie
400 2872 427 2918 et
448 2881 572 2933 corpora
597 2872 696 2919 nostra
711 2867 903 2935 percipiantia
927 2876 989 2937 tur,
1016 2864 1210 2937 appellatione
1239 2867 1368 2936 corporis
1393 2873 1419 2921 et
1443 2867 1593 2937 sanyssinis
1610 2868 1765 2932 honorant

63 2951 267 3011 menmium
283 2951 350 3021 J'am
373 2968 430 3004 sen
451 2958 517 3004 suns
542 2952 741 3020 corruptibilia
763 2968 840 3020 spem
859 2969 902 3006 rc·
929 2973 984 3009 non
1002 2962 1135 3007 naturam
1153 2953 1266 3021 puidam
1283 2961 1408 3017 mutans,
1432 2956 1623 3011 seducturus
1641 2955 1766 3023 pretinm

61 3039 250 3097 messinis
275 3037 414 3092 labentia.
454 3037 495 3091 At
524 3054 580 3092 nen
610 3054 704 3092 sumne
738 3037 902 3108 incorrupti·
929 3042 1084 3110 adjiciens,
1104 3036 1140 3093 oi
1154 3038 1204 3106 sir
1221 3037 1312 3110 spiam
1326 3037 1504 3112 presentes,
1527 3038 1599 3095 siliis
1617 3040 1668 3108 τὴν
1680 3038 1767 3112 χάριν

63 3126 138 3185 biles
153 3123 328 3182 substantiae
348 3121 394 3179 vel
412 3128 528 3178 naturae
548 3122 751 3192 immutatione,
777 3123 827 3178 sed
845 3140 902 3178 ma·
929 3130 960 3201 τῇ
986 3128 1071 3199 φύσει
1098 3124 1306 3198 npoosstnsuic.
1345 3122 1410 3183 dial.
1436 3130 1462 3183 2.
1489 3143 1517 3198 p.
1540 3132 1599 3185 369.
1635 3127 1767 3185 Ersnists

62 3220 150 3271 mnu
181 3211 279 3269 ωάοω
308 3208 465 3264 substantie
491 3209 716 3280 incorruptibiles
745 3208 903 3279 reddimen
929 3212 1064 3283 Eutychis
1083 3216 1176 3282 partes
1194 3227 1389 3282 propugnans:
1412 3210 1492 3265 Sicut
1509 3214 1636 3280 symbola
1647 3214 1768 3269 Domini

64 3299 232 3371 ituqnoque
249 3295 329 3368 panis
349 3302 377 3351 et
395 3294 491 3350 vinum
510 3295 539 3350 in
558 3312 640 3351 secra
657 3312 745 3352 coena
761 3303 903 3351 mutentur
929 3299 1056 3369 eorporis
1082 3306 1108 3352 ct
1130 3298 1278 3367 sunpuinis
1304 3298 1366 3351 alia
1392 3298 1506 3367 medem
1523 3305 1587 3352 sunt
1607 3307 1672 3353 ente
1690 3299 1766 3354 ineo-

64 3403 124 3442 non
140 3382 296 3440 mundum
311 3381 505 3450 subtantiam,
524 3381 574 3437 sed
592 3388 701 3436 tanturn
719 3388 903 3438 sacramentu-
928 3387 1065 3441 sotionem
1082 3384 1252 3453 recedetis,
1279 3386 1331 3438 sesi
1351 3391 1420 3453 pest
1434 3384 1636 3439 invocationem
1655 3391 1765 3438 muten-

63 3471 139 3528 liter.
186 3475 212 3526 ³.
236 3468 311 3535 Quia
343 3464 485 3523 materiale
512 3467 594 3538 penis
624 3484 737 3524 munere
767 3475 902 3524 statuunt
930 3483 976 3528 tur
1003 3478 1029 3527 ct
1057 3470 1120 3524 elia
1143 3471 1229 3540 firmi,-
1256 3469 1300 3523 ito
1323 3470 1408 3524 mam
1430 3486 1533 3540 corpus
1561 3470 1680 3525 Domini
1699 3475 1766 3540 past

64 3557 205 3630 Οτίςωω
225 3555 256 3612 in
281 3571 379 3611 comm.
404 3570 430 3610 e.
455 3560 495 3610 15.
520 3552 618 3611 Mettis.
642 3554 717 3609 circe
740 3553 837 3610 tinem:
864 3556 904 3609 Et
929 3558 1124 3615 assumtionem
1144 3563 1267 3609 mumtur
1285 3556 1315 3609 in
1329 3555 1459 3610 divinam
1480 3555 1674 3612 substantiam.
1711 3555 1766 3625 (Ex

62 3645 117 3700 stts
142 3644 232 3711 atu,
256 3643 308 3712 yssi
327 3641 519 3709 mnctificetur
532 3657 589 3708 pes·
605 3642 718 3695 omium
735 3643 796 3696 Dei
812 3649 838 3695 ct
859 3642 903 3695 ob·
929 3643 1075 3717 hypothesi
1095 3640 1413 3698 transsubstantiationis
1431 3634 1626 3714 mgumsnturn
1643 3640 1766 3698 110ch·

61 3731 258 3794 maionem
270 3728 357 3798 ⁸inserta
370 3728 411 3791 id,
428 3728 506 3796 quod
521 3727 604 3780 labet
621 3728 777 3791 materiale,
794 3729 824 3782 in
841 3746 903 3781 oen·
929 3731 1091 3803 tychienum
1116 3735 1158 3787 est
1178 3727 1341 3795 ἀδιάλυτον,
1370 3727 1420 3783 sed
1442 3728 1599 3797 videamus,
1629 3728 1767 3800 mornado

62 3825 140 3872 treas
155 3815 217 3871 alit
232 3822 260 3869 st
275 3815 307 3867 iss
323 3829 460 3867 secessum
477 3813 622 3868 emittitur.
657 3813 695 3869 Et
712 3820 821 3885 postes:
844 3816 904 3869 Nee
931 3817 1100 3873 orthodoxus
1119 3815 1155 3870 ad
1174 3814 1244 3869 iilud
1262 3813 1429 3885 respondeat
1438 3817 1454 3882 ε)
1472 3815 1599 3882 Retibsss,
1617 3831 1689 3884 yuae
1706 3815 1767 3884 ipss

64 3901 299 3972 metaponti,
318 3901 372 3956 sed
389 3916 474 3969 saper
493 3899 575 3956 Mum
589 3901 681 3954 diense
690 3917 781 3957 sermo
794 3910 840 3969 est,
857 3903 907 3972 yssi
932 3905 1045 3960 meanti
1054 3911 1155 3973 coptus
1166 3919 1203 3957 es.
1229 3902 1328 3971 Neque
1341 3902 1414 3956 enim
1425 3901 1552 3970 symbola
1568 3902 1687 3971 mystica
1699 3907 1768 3970 post

61 3980 377 4062 prodsmmindiyni
385 3986 510 4041 Domino
520 3988 676 4041 comedenti
687 3988 777 4045 illum
801 3989 904 4046 Belias·
931 3990 1181 4055 sanctificationem
1201 3990 1334 4043 recedunt
1352 4005 1372 4041 a
1388 4006 1441 4042 sua
1459 3996 1578 4055 amara,
1596 3985 1648 4042 oie
1666 3992 1768 4049 οἰκείας

64 4076 161 4133 minus
177 4074 228 4132 lib.
249 4080 275 4131 2.
293 4073 330 4129 de
349 4071 428 4130 euch.
447 4090 471 4128 e.
492 4079 517 4131 8.
536 4090 608 4144 resp.
627 4074 664 4131 ud
677 4079 701 4130 2.
719 4075 830 4146 exeipit,
847 4094 904 4130 ma·
932 4080 1070 4142 ἐξίσταται
1087 4075 1206 4148 φύσεως,
1224 4077 1304 4148 μένει
1321 4074 1376 4144 peip
1396 4074 1442 4127 ini
1458 4075 1505 4143 τῆς
1523 4079 1660 4146 προτέρας
1671 4073 1769 4136 οὐσίας

63 4163 170 4221 inmte
193 4163 230 4217 ab
249 4161 369 4230 Oriysne
387 4161 486 4215 necari
503 4162 663 4215 accidentia
680 4162 819 4231 vmihslie,
843 4181 904 4216 cum
932 4168 978 4219 sal
990 4167 1039 4218 τοῦ
1051 4162 1190 4233 σχήματος
1201 4165 1247 4214 set
1258 4160 1308 4215 rori
1319 4160 1417 4226 siloas,
1428 4169 1538 4215 manent
1552 4160 1626 4215 enim
1637 4160 1668 4214 in
1672 4160 1771 4231 priori

65 4269 102 4308 en
113 4247 326 4322 priucipatibus
343 4246 530 4301 mrtsrucs‘oe
546 4246 736 4301 accidentibus
749 4249 786 4302 sit
797 4250 904 4319 mayns'·
931 4270 987 4307 sua
1004 4249 1175 4318 mummio,
1193 4249 1297 4316 formu
1314 4254 1341 4299 et
1357 4246 1458 4316 specie,
1477 4254 1503 4300 et
1520 4245 1616 4301 eidem
1633 4247 1768 4319 tanpipue

65 4339 148 4401 eredo,
165 4351 239 4406 puae
251 4333 398 4403 pertineat
415 4333 456 4386 ad
473 4334 628 4387 mam.
666 4333 706 4388 At
723 4352 795 4405 quae
812 4353 904 4407 grain
930 4345 1064 4406 possunt,
1093 4336 1165 4389 sieut
1194 4341 1220 4387 et
1250 4333 1353 4402 prium
1382 4331 1579 4401 intelliyantur
1610 4341 1704 4387 autem
1733 4348 1767 4386 eu

65 4422 172 4481 msice
195 4419 269 4475 hunc
293 4417 423 4491 phrasin,
446 4434 519 4490 quae
539 4417 676 4475 rhetorice
693 4419 767 4475 hunc
784 4429 903 4493 tropum,
931 4426 1027 4487 suam,
1046 4438 1120 4501 quac*
1135 4422 1220 4485 facta
1236 4427 1312 4488 sunt,
1336 4426 1363 4471 et
1380 4419 1535 4473 ereduntur
1554 4427 1580 4474 et
1599 4421 1768 4488 adorantur,

65 4526 141 4584 qnae
160 4506 278 4579 physica
295 4504 369 4560 hanc
388 4504 577 4560 contusionem
588 4506 727 4577 proponit,
745 4514 778 4562 ut
790 4508 904 4563 muteris
932 4514 1142 4584 προσκυνεῖται,
1172 4514 1202 4560 ut
1232 4521 1304 4575 puae
1332 4503 1386 4557 illa
1410 4505 1484 4575 sint,
1512 4521 1586 4576 quae
1604 4507 1766 4560 medentur.

66 4613 119 4669 pro
141 4592 334 4650 tendentibus
352 4590 543 4663 intelligatur?
583 4599 607 4649 t.
627 4592 698 4659 Quis
716 4595 859 4649 oculorum
876 4603 905 4650 et
933 4597 1039 4660 Confer
1058 4611 1126 4664 erpo
1145 4592 1294 4662 imayinem
1311 4590 1480 4661 ceemplori,
1498 4598 1524 4645 et
1541 4592 1649 4647 oidem‘s
1667 4590 1767 4647 emat·

67 4697 201 4738 sensum
220 4678 359 4748 jndicium
383 4677 458 4733 circa
482 4687 595 4735 esurus
622 4681 749 4751 symbola
768 4700 824 4737 non
841 4681 904 4753 reji·
930 4683 1062 4738 suainem.
1100 4681 1216 4750 Oportet
1238 4679 1310 4733 enim
1327 4679 1455 4746 fipuram
1479 4693 1538 4732 esse
1560 4678 1674 4733 eemtati
1690 4677 1767 4732 simi·
1831 4703 1835 4707 -

68 4768 156 4823 dunt.
189 4764 368 4836 Augustinus
388 4763 418 4818 in
435 4781 514 4818 serm.
533 4765 570 4819 ed
589 4766 688 4837 neoph.
707 4766 809 4822 cimntc
826 4768 906 4823 Beda
931 4770 991 4824 lem.
1027 4767 1111 4822 Itlud
1130 4767 1204 4820 enim
1222 4781 1325 4835 eorpus
1342 4764 1425 4817 halet
1438 4765 1567 4834 priorem
1580 4765 1767 4835 quidemser·

14 4853 98 4910 nin
117 4861 140 4911 i.
157 4851 221 4909 Cer.
242 4858 288 4908 10:
307 4850 390 4914 Quoa
405 4851 524 4914 uidistis,
537 4854 809 4921 pans'eesteteoliu,
828 4856 906 4924 qseoei
931 4872 1005 4907 mam
1029 4861 1055 4906 et
1080 4852 1201 4920 Jiyarem
1227 4860 1254 4906 et
1277 4851 1561 4920 circumscriptionem
1584 4858 1610 4906 et
1633 4859 1663 4905 us
1682 4850 1769 4907 scrut

68 4941 154 4994 etiam
165 4938 341 4994 omdioeetri
351 4939 505 5004 enuntiant,
526 4941 603 5007 quod
615 4947 705 4993 autem
715 4941 793 5006 fides
810 4947 903 4994 aestro
932 4942 1026 4995 &aas
1042 4938 1171 5009 eorporis
1188 4937 1388 5007 medanum
1413 4937 1573 4994 immortale
1593 4945 1686 4993 mum
1700 4943 1769 5009 pest

69 5027 236 5083 usnemun
250 5025 387 5095 postulet,
403 5026 490 5096 panis
509 5032 550 5080 est
567 5042 678 5096 eorpus,
695 5027 772 5081 celia
789 5028 906 5097 sanpuis
930 5027 1163 5081 resurrectionem
1188 5028 1297 5089 factum
1327 5031 1368 5078 est
1392 5033 1418 5079 et
1441 5026 1595 5097 potentias,
1627 5043 1712 5096 psam
1737 5029 1769 5082 ut

70 5112 185 5168 Otrs'eti.
230 5118 255 5167 5.
274 5109 347 5176 unu
372 5118 500 5167 naturam
527 5112 606 5182 panis
634 5129 745 5167 munere
771 5120 904 5168 asserunt
931 5112 994 5166 ulla
1014 5112 1045 5166 in
1061 5113 1154 5182 speum
1173 5111 1259 5166 cadet
1279 5110 1424 5183 comnptio
1442 5121 1468 5167 et
1488 5113 1616 5167 inters'tus
1634 5116 1768 5169 sessione·

56 5198 236 5254 'Ambrosias
253 5195 303 5253 lib.
321 5205 345 5253 t.
361 5197 398 5253 de
414 5215 483 5254 secr.
502 5215 525 5252 c.
540 5206 569 5252 t:
593 5197 684 5266 Vides,
704 5217 788 5267 yssem
807 5218 906 5269 opere·
932 5216 985 5270 que
1012 5199 1054 5252 ad
1079 5200 1206 5252 dextrum
1224 5199 1371 5267 diynetum
1389 5207 1428 5253 est
1445 5207 1471 5251 et
1491 5198 1621 5253 alumni
1636 5209 1769 5257 matura

70 5286 159 5341 tarisss
174 5286 215 5339 sit
233 5285 295 5339 Dei
315 5301 405 5338 sermo
423 5290 475 5340 etc.
521 5284 557 5339 Si
575 5302 642 5353 erpo
660 5292 739 5337 tenta
754 5285 797 5339 ois
816 5293 858 5341 est
876 5285 906 5338 in
932 5288 1086 5353 admetus,
1108 5290 1139 5337 ut
1162 5285 1239 5353 quod
1261 5285 1420 5354 appelletur
1443 5302 1545 5355 corpas
1569 5291 1689 5342 naturae
1707 5289 1768 5344 Do·

68 5389 194 5429 miens
211 5369 321 5426 Christi
326 5407 334 5439 ,
351 5378 382 5425 ut
401 5370 556 5439 inciperent
573 5388 646 5439 esse,
667 5388 739 5440 praee
755 5389 810 5425 non
827 5380 907 5425 erant
932 5371 1010 5425 nuni.
1044 5369 1124 5425 Haec
1145 5369 1351 5436 Theodoretus,
1375 5369 1423 5442 qui
1444 5368 1586 5441 Ephesius
1605 5381 1633 5427 et
1653 5372 1768 5430 Chalce·

67 5458 107 5529 (in
123 5457 287 5527 audone),
305 5465 409 5528 quanto
427 5458 518 5526 mayis
537 5459 714 5527 operatorias
734 5465 782 5525 eet,
801 5463 830 5509 ut
841 5458 905 5526 sint,
932 5455 1048 5515 dunensi
1065 5454 1190 5512 conciliis
1207 5457 1391 5514 oecumenicis
1409 5456 1544 5530 intptfuit.
1575 5458 1688 5535 Excipit
1703 5457 1768 5518 Bet·
