3998 6024
786 332 790 338 ⁸
878 264 932 322 ns
951 263 1143 323 scamma.
1616 249 1621 256 ’
1748 278 1857 381 ,up

163 421 274 476 brevem
303 435 438 475 summam
466 437 499 475 ex
524 420 651 490 symbolo
678 420 831 491 apostolico
860 420 889 475 in
915 436 994 491 pras-
1009 417 1012 495 l
1027 427 1184 491 separatum
1215 421 1252 476 ad
1267 435 1359 496 ,usum
1386 426 1415 474 et
1438 418 1570 475 honoram
1588 416 1642 475 Dei
1666 427 1810 491 separatur
1832 412 1862 479 et'

163 506 325 562 cedentibus
357 508 530 575 recitaverat)
561 507 577 574 ἡ
605 509 734 575 ἐκκλησία
759 515 857 576 καίπερ
885 508 915 561 tr
940 507 995 575 ὅλῳ
1010 500 1218 578 icomeeratm,
1247 507 1276 561 in
1302 506 1445 577 Scriptura
1471 512 1588 561 vocatur
1614 513 1742 561 sanctum
1770 509 1859 564 Lavit.

163 597 200 663 τῷ
236 592 332 664 κόσμῳ
367 594 554 665 διεσπαρμένῃ
593 595 728 666 ἐπιμελῶς
766 592 921 664 φυλάσσει,
963 595 998 652 ὠς
1027 597 1072 658 10,
1095 610 1120 645 v.
1150 599 1190 648 10.
1219 593 1285 664 quia
1310 600 1437 646 sanctam
1456 593 1516 645 Dei
1536 594 1650 646 uerbum
1669 594 1716 646 illi
1735 603 1775 646 est
1794 612 1855 649 con·

164 678 212 733 ire
243 679 322 733 οἶκον
351 680 465 732 οἰκοῦσα
491 683 536 731 καὶ
561 678 665 750 ὁμοίως
687 678 810 733 πιστεύει
834 677 939 737 τούτοις
963 675 998 737 ὡς
1025 679 1175 745 creditum,
1212 678 1291 733 Rom.
1317 683 1345 746 3,
1373 694 1398 733 v.
1423 683 1447 734 2.
1472 677 1538 748 quia
1559 678 1677 748 Spiritus
1702 686 1816 735 sanctus
1832 680 1861 735 iu

163 771 233 839 pter
251 763 344 834 ψυχὴν
364 769 411 818 καὶ
430 763 479 831 τὴν
498 763 584 832 αὐτὴν
603 766 705 835 ἔχουσα
726 766 844 834 καρδίαν
863 767 906 817 καὶ
927 761 1076 836 nup-,hoc
1102 769 1184 818 coetu
1210 764 1353 818 credentes
1376 762 1530 818 sanctificat
1556 763 1658 819 Christi
1684 765 1860 821 sanctitatem

165 848 265 919 οώνως
284 853 367 904 ταῦτα
387 847 520 921 appiana
538 854 584 903 κιι1
597 849 722 905 διδάσκει
738 855 782 903 mr>
797 851 998 922 παραδίδωσιν,
1011 836 1074 918 iper
1099 848 1182 905 fidem
1198 848 1254 902 illis
1272 849 1452 919 applicando,
1477 850 1633 906 interiorem
1651 853 1856 907 renovationem

166 934 201 996 ὡς
231 935 262 989 ἓν
290 935 379 1006 στόμα
403 941 562 1006 κεκτημένη.
603 935 684 992 Sicut
705 954 763 991 una
780 936 874 990 anima
891 935 1001 991 diversa
1025 939 1053 989 et
1072 934 1249 989 sanctitatem
1266 935 1294 988 in
1311 935 1441 990 cordibus
1460 935 1582 1005 ipsorum
1601 937 1741 1007 operando
1754 945 1783 992 et
1796 952 1857 1008 per·

165 1023 287 1093 corporis
325 1021 450 1077 membra
489 1021 628 1084 vivificatz
673 1023 712 1076 sic
741 1028 826 1077 totam
854 1021 1000 1077 ecclesiam
1024 1019 1115 1074 fectae
1134 1021 1289 1076 sanctitatis
1306 1020 1472 1076 desiderium
1491 1021 1520 1074 in
1538 1021 1592 1075 illis
1610 1023 1765 1077 excitando.
1798 1021 1861 1078 leh.

166 1127 236 1165 unus
254 1108 373 1179 Spiritus
392 1109 498 1163 animat
517 1115 545 1163 et
561 1113 682 1179 vegetat.
715 1107 794 1163 Sicut
813 1108 840 1162 in
858 1106 931 1161 malo
946 1107 1001 1161 Pu·
1030 1111 1074 1170 11,
1098 1123 1125 1157 v.
1152 1112 1197 1161 l'l:
1237 1109 1325 1162 Pater
1342 1107 1488 1174 carnifice
1507 1124 1553 1161 ees
1571 1108 1601 1160 in
1620 1108 1744 1163 cantate.
1780 1108 1859 1163 Rem.

167 1195 228 1249 nico
260 1212 315 1249 uno
344 1194 448 1250 cortice
478 1194 567 1248 multa
596 1209 685 1265 grana
717 1193 838 1264 capsulis
869 1192 1002 1247 distincta
1030 1197 1058 1258 1,
1077 1209 1103 1249 v.
1120 1198 1143 1249 1.
1168 1195 1275 1247 uocatis
1293 1194 1408 1252 sanctia
1437 1200 1458 1248 1.
1478 1192 1541 1249 Cor.
1561 1198 1589 1259 3,
1608 1211 1634 1248 v.
1651 1201 1695 1249 17:
1718 1196 1862 1265 Templum
1968 1192 1971 1213 ⁵

166 1281 314 1350 uniuntur3
340 1281 379 1335 sic
404 1280 561 1334 innumeros
580 1280 698 1351 populos
716 1278 781 1334 fidei
800 1279 891 1334 unitas
911 1279 940 1333 iu
958 1295 1001 1333 ec·
1030 1279 1089 1332 Dei
1113 1286 1239 1333 sanctum
1262 1287 1314 1347 est,
1340 1281 1417 1348 quod
1440 1281 1506 1332 estis
1527 1298 1584 1334 vos.
1628 1279 1706 1335 Sicut
1727 1281 1861 1346 Christus,

166 1366 249 1423 clesia
281 1366 411 1422 continet.
456 1364 535 1421 Sicut
557 1364 708 1421 fasciculus
736 1364 837 1436 aliquis
862 1382 918 1420 uno
943 1365 1002 1419 vin·
1028 1365 1076 1436 qui
1096 1364 1230 1420 ecclesiae
1248 1371 1333 1436 caput
1350 1371 1400 1431 cst,
1423 1363 1457 1420 dc
1475 1364 1582 1435 Spiritu
1599 1373 1694 1422 sancto
1712 1373 1889 1439 conceptus.

167 1454 228 1509 culo
252 1453 416 1524 colligatum
443 1452 483 1507 sic
510 1458 605 1507 coetus
629 1458 787 1506 sanctorum
813 1468 869 1506 una
895 1452 1002 1507 eadem-
1029 1457 1083 1520 est3
1107 1451 1147 1504 sic
1164 1457 1262 1505 sancta
1280 1450 1404 1515 ecclesia,
1425 1468 1497 1523 quae
1514 1452 1600 1521 ipsius
1617 1469 1717 1524 corpus
1738 1460 1793 1523 cst,
1819 1472 1862 1511 co·

167 1556 219 1611 qua
239 1539 311 1606 fide,
339 1555 388 1609 spe
416 1544 445 1592 ot
469 1538 584 1594 canate
608 1538 820 1610 constringitur,
846 1545 930 1609 atque
947 1556 1003 1593 uno
1030 1537 1093 1592 dem
1113 1536 1217 1606 Spiritu
1236 1544 1331 1592 sancto
1348 1536 1485 1608 repletur,
1505 1543 1537 1591 ut
1554 1538 1635 1593 visat.
1674 1538 1863 1611 Distinguitnr

167 1625 276 1680 divinae
297 1625 476 1697 protectionis
501 1624 651 1679 munimine
675 1624 868 1679 circumdatur.
911 1624 1003 1695 ”Cy-
1029 1624 1115 1696 igitur
1145 1622 1198 1677 hoc
1224 1623 1349 1677 encomio
1377 1622 1493 1677 ecclesia
1515 1639 1570 1676 non
1588 1624 1682 1678 'solum
1709 1642 1863 1681 accuvan-

167 1712 279 1781 prianus
304 1717 385 1766 tract.
414 1715 438 1765 3.
467 1710 502 1764 de
532 1710 621 1781 simpl.
653 1711 840 1781 praelatorum
864 1710 892 1764 in
915 1710 1002 1780 princ.
1028 1709 1121 1763 ticulis
1151 1710 1297 1780 impiorum
1324 1715 1352 1763 st
1378 1708 1594 1779 haereticorum,
1631 1727 1702 1782 quae
1731 1720 1864 1768 vocantur

169 1815 195 1867 p.
216 1803 280 1853 lot:
304 1798 436 1851 Ecclesia
453 1805 577 1865 unaeet,
597 1798 717 1866 quaein
735 1795 943 1851 matititudinem
962 1798 1003 1851 la·
1029 1814 1173 1865 synapopa
1193 1796 1321 1850 Satanae
1339 1795 1427 1866 Apoe.
1447 1802 1477 1861 2,
1496 1813 1521 1850 v.
1540 1804 1564 1853 3.
1587 1804 1615 1853 et
1641 1814 1665 1854 c.
1685 1804 1709 1866 3,
1726 1817 1750 1852 s.
1771 1805 1795 1855 9.
1815 1800 1863 1855 sed

168 1885 222 1936 tim
239 1885 407 1938 incremento
422 1883 629 1946 foecunditatis
648 1884 816 1938 extenditur.
858 1882 1003 1946 Quomodo
1030 1882 1111 1938 etiam
1136 1882 1174 1938 ab
1199 1882 1355 1954 hypocritis
1378 1889 1491 1938 externo
1512 1883 1646 1938 ecclesiae
1667 1884 1757 1938 coetui
1780 1885 1863 1940 iater-

169 1970 236 2025 eolis
256 1969 338 2023 multi
353 1968 442 2035 radii,
459 1970 511 2022 sed
527 1970 618 2023 lumen
637 1988 735 2039 unum,
755 1977 781 2024 ct
797 1971 873 2024 remi
890 1970 1003 2024 arboris
1029 1968 1128 2026 mixtis.
1168 1968 1313 2024 catholica
1329 1974 1445 2024 vocatur
1463 1975 1484 2024 1.
1497 1977 1624 2040 respectu
1638 1969 1770 2025 ecclesiae
1784 1969 1819 2025 V.
1829 1968 1863 2026 T.
1875 1968 1895 2063 ᾗ
1894 1970 1990 2063 ἅψο-

169 2057 261 2119 multi,
279 2057 332 2110 sed
347 2053 434 2108 robur
452 2072 536 2108 unam
555 2056 649 2109 tenaci
668 2057 768 2109 radice
778 2057 955 2122 fundatum·
979 2064 1004 2110 et
1029 2054 1102 2113 Nam
1131 2055 1160 2109 in
1185 2055 1221 2113 V.
1247 2055 1280 2112 Τ.
1309 2056 1426 2111 ecclesia
1450 2057 1588 2112 ordinarie
1611 2056 1726 2129 alligata
1747 2062 1807 2112 erat
1827 2057 1864 2112 ad
1923 2050 1928 2061 '

169 2159 228 2196 crum
246 2143 282 2195 de
296 2141 383 2209 sonte
397 2156 452 2192 uno
473 2139 531 2193 riui
544 2141 668 2210 plurimi
685 2143 823 2210 defluunt,
851 2143 1002 2196 numerosi·
1029 2159 1112 2197 unam
1130 2141 1253 2214 aliquam
1271 2150 1397 2215 gentem,
1416 2143 1545 2200 videlicet
1565 2142 1759 2207 lsrailiticam
1782 2143 1863 2198 etad

169 2237 210 2282 tas
236 2229 302 2281 licet
327 2227 434 2295 diffusa
460 2225 590 2279 videatur
614 2229 780 2282 emendantis
799 2229 897 2297 copiae
915 2228 1003 2295 tarpi—
1030 2234 1135 2284 certum
1161 2227 1265 2297 locum,
1292 2228 1422 2284 videlicet
1441 2229 1652 2285 tabernaculum
1676 2237 1704 2284 et
1720 2229 1863 2300 templum,

168 2322 236 2383 tate,
261 2313 357 2368 unitas
375 2320 467 2366 tamen
486 2320 613 2366 ematur
631 2314 661 2367 in
684 2315 801 2384 oripine.
840 2314 939 2369 Auelle
955 2333 1003 2368 ra·
1029 2314 1070 2371 ite
1093 2321 1125 2369 ut
1147 2314 1184 2370 ad
1207 2313 1284 2370 illum
1311 2320 1420 2370 coetum
1443 2314 1612 2385 conjungere
1634 2332 1665 2370 se
1684 2313 1863 2386 oportuerint,

170 2402 245 2454 ἀίοοι
269 2398 340 2453 solis
363 2416 382 2452 a
400 2415 531 2468 corpore,
557 2399 721 2454 diuisionem
742 2400 816 2455 lucis
834 2401 929 2454 unias
946 2416 1003 2453 non
1029 2399 1188 2471 quicunque
1211 2400 1340 2456 volebant
1360 2400 1494 2457 ecclesiae
1514 2416 1574 2456 esse
1590 2400 1722 2456 membra.
1762 2398 1863 2455 Psalm.

170 2486 260 2554 capit;
278 2485 314 2538 ab
335 2485 435 2539 arbore
452 2486 693 2553 sranperamum
711 2486 825 2550 fractus
843 2485 1003 2556 permittere
1029 2491 1074 2552 16,
1094 2503 1120 2542 v.
1145 2491 1167 2542 1.
1197 2485 1485 2556 reclamante.
1520 2485 1593 2540 Fani.
1612 2491 1661 2554 31,
1678 2504 1703 2539 v.
1724 2492 1747 2542 9.
1783 2484 1864 2540 Rom.

169 2589 221 2625 non
248 2570 373 2640 poterit;
401 2588 421 2622 a
447 2571 529 2634 fonte
556 2571 706 2639 praecide
725 2572 830 2640 riuum,
854 2571 1003 2640 praecisus
1029 2577 1054 2637 3,
1071 2590 1095 2627 v.
1114 2576 1138 2627 2.
1159 2589 1182 2626 c.
1202 2578 1227 2637 4,
1246 2589 1271 2625 v.
1293 2576 1317 2627 4.
1336 2578 1387 2627 etc.
1406 2571 1456 2627 sed
1473 2572 1502 2625 in
1520 2571 1553 2626 N.
1573 2571 1607 2629 Τ.
1627 2572 1686 2627 siue
1704 2571 1862 2626 discrimine

170 2664 293 2713 arescet.-
319 2656 360 2710 sic
388 2664 414 2709 et
438 2656 557 2710 ecclesia
575 2656 696 2710 Domini
722 2657 783 2710 luce
807 2658 930 2727 perfusa
948 2671 1003 2727 per
1029 2658 1207 2730 populorum,
1234 2657 1356 2713 locorum
1374 2663 1402 2711 et
1419 2673 1599 2728 personarum
1616 2675 1667 2728 per
1683 2655 1865 2713 universalem

171 2745 261 2798 orbem
280 2750 368 2797 toturn
385 2741 485 2795 radios
502 2759 568 2795 suos
583 2741 722 2811 percipit,
745 2760 830 2796 unum
849 2750 942 2797 tamen
962 2742 1004 2795 lu·
1030 2743 1167 2817 evangelii
1201 2742 1435 2816 praedicationem
1471 2744 1543 2799 inter
1577 2761 1671 2799 omnes
1707 2749 1804 2815 gentes
1832 2760 1865 2798 ex

170 2848 227 2885 men
254 2836 309 2896 est,
333 2830 410 2897 quod
433 2827 534 2897 reliqum
554 2828 739 2898 diffunditur,
763 2845 813 2882 nec
831 2829 926 2882 unitas
945 2845 1004 2883 car·
1030 2831 1157 2886 omnibus
1192 2829 1336 2886 hominum
1368 2829 1528 2886 nationibus
1557 2836 1585 2886 et
1614 2829 1717 2901 linguis
1749 2827 1866 2885 ecclesia

168 2918 246 2987 peris
268 2922 437 2986 separatur,·
463 2932 559 2969 ramos
584 2932 649 2970 suos
670 2914 701 2968 in
720 2916 880 2970 univercum
900 2923 1005 2969 terram
1030 2917 1171 2990 colligitur
1189 2915 1288 2972 Matth.
1307 2922 1354 2985 28,
1376 2934 1401 2971 v.
1424 2922 1463 2972 19.
1496 2915 1582 2971 Marc.
1602 2922 1647 2985 ro,
1673 2934 1699 2971 v.
1722 2922 1760 2971 15.
1796 2914 1865 2971 Luc.

172 3004 251 3075 sepia
273 3002 411 3056 ubertatis
436 3002 571 3070 extendit,
592 3001 765 3070 profluentes
786 3001 906 3070 laspiter
929 3001 1005 3055 riuos
1031 3008 1081 3071 rt,
1106 3020 1131 3058 v.
1160 3009 1203 3060 17.
1251 3001 1345 3058 Actor.
1378 3009 1407 3065 1,
1434 3019 1459 3056 v.
1487 3007 1511 3057 3.
1547 3000 1699 3069 Colossi,
1723 3017 1749 3056 v.
1771 3007 1794 3056 6.
1814 3006 1866 3056 etc.

173 3089 256 3143 latim
282 3087 432 3158 expandit,
462 3105 547 3140 unum
581 3094 673 3140 tamen
699 3093 783 3157 capet
810 3095 851 3141 eet
876 3095 901 3141 et
926 3087 1005 3156 oripo
1031 3089 1244 3162 chrysostomus
1269 3088 1298 3142 in
1321 3105 1344 3142 c.
1372 3092 1396 3144 2.
1432 3086 1543 3141 Esaiae:
1574 3087 1707 3142 Ecclesia
1739 3088 1866 3155 massis

173 3192 229 3228 una
255 3181 281 3227 et
311 3191 369 3227 una
390 3180 480 3227 mater
496 3173 708 3240 foecunditatis
734 3173 905 3227 successimus
930 3174 1006 3244 copi-
1031 3177 1134 3243 finibus
1157 3182 1184 3228 et
1205 3175 1349 3229 reclinatis
1374 3171 1501 3227 manibus
1518 3173 1664 3227 universas
1682 3170 1866 3244 undecunque

176 3261 273 3318 esest*
317 3258 502 3315 Bellarminus
530 3258 579 3314 lib.
602 3263 627 3315 3.
653 3258 688 3314 de
709 3257 827 3313 ecclesia
844 3275 867 3314 c.
888 3264 911 3312 5.
931 3259 1007 3312 circa
1032 3272 1173 3317 terrarum
1195 3269 1290 3330 pentes
1308 3261 1417 3329 erupit.
1456 3264 1481 3317 2.
1500 3259 1640 3330 Respectu
1657 3256 1866 3329 particularium

175 3347 244 3404 med.
270 3345 346 3401 haud
374 3345 471 3402 inseite
493 3336 705 3416 philosophatur
730 3344 764 3398 de
789 3342 921 3398 ecclesiae
947 3343 1007 3398 uni·
1033 3347 1226 3415 ecelesiarum,
1253 3363 1369 3418 quarum
1395 3345 1424 3399 in
1450 3351 1508 3400 toto
1533 3344 1606 3399 orbe
1619 3350 1683 3399 sunt
1703 3344 1867 3414 complures,

175 3438 238 3488 tete.
281 3432 436 3501 Multiplce
460 3429 570 3501 (inquit)
594 3430 690 3483 undae
713 3429 743 3483 is
767 3429 887 3483 coeletia
904 3429 1007 3483 inveni·
1034 3451 1066 3489 ex
1095 3432 1196 3506 quibus
1224 3450 1275 3488 ceu
1303 3432 1432 3488 membris
1458 3449 1514 3485 una
1539 3430 1715 3486 constituitur
1740 3430 1866 3494 ecclesia,

96 3525 123 3569 11
135 3534 164 3578 nn,
176 3527 226 3573 tur.
271 3519 374 3572 Prima
400 3526 440 3570 est
463 3519 558 3570 unitae
581 3516 693 3570 ratione
717 3516 842 3584 ejusdem
859 3513 1007 3585 principii,
1033 3537 1105 3593 quac
1128 3524 1171 3574 cst
1194 3524 1223 3575 et
1243 3519 1344 3574 dicitur
1360 3517 1503 3586 καθολική.
1543 3517 1587 3573 Sic
1605 3517 1696 3586 Petri,
1720 3516 1821 3572 iacobi
1839 3522 1867 3571 et
1880 3516 1914 3559 ΠΛ
1927 3515 1960 3558 ⁸⁷·

175 3606 205 3659 id
226 3614 267 3661 est
285 3606 344 3660 Dei
366 3603 505 3672 vocanti&
528 3604 653 3656 secunda
677 3601 773 3655 onias
797 3601 907 3655 ratioet
934 3599 1006 3667 eiw-
1032 3606 1169 3663 lobannis
1194 3605 1339 3676 epistolae,
1368 3605 1433 3675 quia
1459 3622 1513 3659 non
1536 3603 1684 3673 inscriptae
1702 3610 1767 3657 sunt
1784 3600 1868 3657 certis

175 3694 235 3746 dem
246 3691 342 3746 ultimi
354 3689 433 3759 finis,
453 3688 554 3743 salutis
571 3688 679 3742 scilieet
697 3696 843 3757 aeternam
863 3688 947 3741 tertia
960 3705 1007 3740 ra·
1032 3690 1247 3764 particularibus
1265 3690 1404 3754 ecclesiis,
1430 3707 1480 3744 nec
1499 3690 1611 3745 additur
1630 3707 1729 3746 nomen
1747 3687 1867 3761 regionis

175 3780 246 3833 tione
267 3779 418 3832 eorundem
438 3777 609 3845 mediorum,
632 3776 666 3829 id
684 3783 724 3828 est
737 3775 820 3844 fidel,
849 3790 1007 3827 samaraeo·
1033 3779 1078 3834 vel
1097 3776 1190 3841 urbis,
1214 3778 1250 3832 ad
1273 3794 1357 3848 quam
1376 3777 1405 3829 in
1423 3777 1515 3846 specie
1534 3776 1589 3830 sint
1608 3776 1743 3846 directae,
1767 3790 1866 3831 vocan-

175 3872 275 3932 terum,
300 3865 409 3932 lepum,·
432 3870 535 3932 quarta
554 3870 595 3916 est
614 3862 725 3916 ratione
742 3861 869 3928 ejusdem
884 3859 1009 3929 Spiritus
1033 3872 1079 3920 tur
1110 3862 1263 3918 catholicae
1291 3878 1341 3917 seu
1366 3861 1544 3917 universales.
1590 3860 1765 3933 Augustinus
1789 3861 1867 3932 epist.

175 3969 194 4003 s.
213 3968 232 4004 a
258 3967 312 4019 quo
340 3957 475 4018 tanquam
495 3957 607 4003 aterno
627 3955 652 4002 ol
669 3953 802 4017 separato
819 3952 928 3999 1001016
946 3946 1009 3999 tmi-
1037 3956 1098 4007 170:
1135 3949 1283 4004 Catholica
1309 3948 1428 4001 ecclesia
1457 3949 1576 4016 dicitur,
1610 3949 1678 4016 quia
1704 3966 1758 4016 per
1784 3955 1869 4002 totum

175 4053 255 4091 versa
280 4035 397 4090 ecclesia
421 4036 612 4105 palernatur5
639 4035 737 4103 quinta
754 4032 865 4086 ratione
884 4033 1009 4100 ejusdem
1033 4045 1175 4091 terranem
1204 4034 1297 4088 orbem
1325 4033 1505 4104 diffunditur.
1551 4037 1574 4086 3.
1592 4031 1731 4102 Respecto
1757 4032 1869 4087 catholi-

176 4124 276 4193 capitu
296 4131 431 4192 tanquam
450 4122 554 4175 interni
573 4129 599 4174 tt
611 4120 756 4189 conjuncti
774 4119 907 4182 rectore,
929 4119 1009 4172 Ultri-
1034 4139 1083 4178 cae
1101 4121 1175 4191 fidei,
1193 4136 1266 4193 quas
1284 4116 1457 4175 aestimanda
1475 4123 1517 4172 est
1536 4134 1569 4172 ex
1589 4118 1728 4171 communi
1747 4117 1869 4173 omnium

176 4212 210 4264 eti
234 4210 341 4265 antica
370 4208 427 4277 (cui
457 4205 641 4261 Bellarminus
667 4205 747 4260 addit
773 4204 905 4259 acanum
925 4208 1011 4274 caput
1035 4208 1143 4279 piorum
1176 4222 1209 4262 ac
1238 4205 1362 4262 fidelium
1395 4221 1562 4276 quocunque
1596 4210 1719 4280 tempore
1751 4210 1779 4259 et
1807 4203 1869 4259 loco

177 4296 333 4366 pontificem
345 4293 525 4358 Romanum);
544 4299 622 4346 aecta
642 4298 683 4344 est
700 4290 812 4344 ratione
832 4289 1010 4343 connexionis
1036 4295 1169 4362 vixerint,
1199 4291 1243 4348 vel
1267 4291 1361 4347 adhuc
1385 4290 1496 4359 vivant,
1517 4291 1561 4346 vel
1579 4307 1661 4361 porro
1679 4289 1779 4345 victuri
1797 4297 1868 4357 sunt,

176 4383 359 4436 rnembrorum
380 4380 410 4432 in
433 4397 462 4432 se
487 4387 512 4431 et
533 4377 686 4447 praecipue
712 4394 774 4430 cum
794 4377 894 4447 capite.
932 4375 1010 4429 Inter
1035 4396 1178 4435 consensu.
1223 4377 1396 4434 eonsensum
1421 4383 1514 4433 autem
1541 4377 1619 4432 illum
1643 4376 1785 4431 catholicis
1807 4392 1869 4446 pro-

177 4467 226 4522 tae
249 4467 371 4520 unitates
395 4466 477 4530 silae,
495 4480 572 4534 puae
588 4463 706 4531 faciunt
725 4463 847 4532 proprie
866 4463 1010 4515 ecclesiam
1035 4465 1182 4537 phetumm
1201 4467 1230 4520 et
1247 4464 1435 4537 apostolorum
1453 4463 1571 4534 scriptis,
1591 4479 1662 4534 qnae
1678 4468 1742 4516 sunt
1757 4460 1870 4515 unicum

177 4571 268 4618 unam,
287 4560 351 4606 sunt
370 4554 444 4605 duae
463 4550 586 4617 ultimae,
603 4566 669 4603 nam
684 4565 740 4619 per
752 4549 879 4618 primam
893 4547 1011 4601 ecclesia
1036 4549 1167 4606 ecclesiae
1194 4549 1421 4614 fundamentum,
1444 4549 1548 4622 Ephes.
1570 4554 1595 4617 2,
1614 4566 1639 4602 v.
1660 4554 1701 4604 to.
1721 4548 1802 4603 unice
1818 4546 1870 4601 niti

178 4658 231 4694 non
250 4648 311 4693 tam
330 4646 371 4691 est
387 4654 453 4699 aaa,
473 4654 556 4705 οιιοιιι
576 4651 609 4688 ee
629 4653 702 4702 ano,-
717 4651 772 4705 per
789 4634 940 4688 secundam
954 4651 1010 4685 nen
1036 4642 1152 4707 oportet,
1199 4636 1362 4692 Vincentius
1391 4635 1483 4692 Lerin.
1516 4636 1579 4692 adv,
1602 4633 1707 4689 haeres.
1735 4650 1759 4688 e.
1788 4639 1811 4689 3,
1830 4632 1870 4686 di-

179 4735 232 4780 tem
251 4734 290 4780 eet
309 4743 375 4793 una,
394 4740 479 4791 quarn
491 4739 661 4792 perstnum5
677 4737 733 4791 per
749 4721 861 4774 tertiam
878 4736 934 4772 non
953 4727 1011 4772 tam
1037 4722 1089 4792 eit,
1113 4723 1281 4777 catholicam
1309 4724 1395 4788 fidem
1419 4730 1550 4776 constare
1577 4721 1770 4783 universitate,
1801 4720 1870 4772 anti·

180 4822 217 4867 eet
242 4829 314 4880 urna,
346 4827 430 4880 ptam
453 4810 504 4863 sul>
532 4828 605 4877 uno;
635 4824 691 4878 per
720 4814 851 4878 quartam
874 4824 930 4860 non
954 4813 1012 4860 tarn
1038 4811 1152 4880 putata
1171 4809 1359 4865 comessione.
1394 4814 1417 4864 1.
1434 4807 1576 4878 Respectu
1593 4805 1804 4872 haereticorum,
1824 4806 1871 4876 qai

179 4909 216 4952 ²⁸2
242 4915 315 4962 ooo,
339 4915 424 4967 ovam
443 4899 484 4949 ad
501 4913 606 4959 1111111111
631 4911 688 4964 ΡΘΓ
712 4894 838 4964 mimam
865 4900 1012 4946 etcertum
1038 4913 1056 4950 s
1078 4895 1214 4951 catholico
1238 4895 1286 4949 illo
1305 4893 1458 4950 catholicae
1475 4892 1541 4948 fidei
1557 4893 1586 4947 in
1605 4892 1753 4962 scripturis
1773 4891 1872 4946 funda·

176 4986 293 5055 proprie
311 4991 351 5037 est
369 5000 436 5052 una,
456 4983 490 5036 id
505 4988 547 5035 ert
562 4998 648 5034 unum
663 4997 773 5049 coeptu,
792 4997 864 5033 unas
878 4979 1011 5049 populus,
1038 4988 1086 5038 tae
1112 4999 1247 5037 consensu
1272 4981 1379 5036 nefarie
1405 4980 1552 5034 discedunt
1577 4986 1604 5034 et
1622 4995 1639 5032 a
1658 4994 1721 5034 vere
1737 4975 1872 5032 catholica

87 5068 234 5128 ituraeae
256 5071 383 5126 societas.
425 5066 529 5124 Sancta
554 5065 655 5121 dicitur
679 5083 712 5121 cx
731 5072 753 5121 1.
773 5065 834 5124 Cor.
857 5072 886 5122 11
893 5106 900 5133 ,
926 5082 951 5118 v.
971 5069 1013 5121 33.
1039 5067 1158 5125 ecclesia
1185 5085 1245 5122 sese
1276 5072 1415 5137 separant.
1465 5063 1654 5120 Tertullianus
1685 5062 1732 5117 lib.
1759 5071 1782 5119 1.
1809 5061 1872 5118 adv.

179 5164 206 5212 et
229 5157 319 5228 Apoc.
347 5162 391 5220 11,
414 5174 439 5209 v.
468 5159 491 5209 2.
519 5151 585 5225 quia
602 5150 728 5207 Christus
753 5159 838 5224 caput
856 5151 931 5207 illius
949 5168 1010 5206 san·
1039 5154 1138 5209 Marc:
1160 5151 1278 5205 Faciunt
1295 5152 1380 5216 savos
1400 5159 1425 5204 et
1443 5167 1551 5220 cepae,
1570 5150 1684 5215 faciunt
1702 5149 1835 5202 ecclesiae
1849 5155 1873 5201 et

178 5249 252 5298 emm
270 5249 329 5306 est,
348 5241 435 5297 Hebr.
454 5247 478 5308 1,
495 5257 520 5296 v.
541 5243 582 5294 26.
601 5236 650 5309 qui
666 5238 822 5294 sanctitatis
841 5254 909 5293 ausc
926 5237 1013 5292 eccle·
1040 5238 1238 5293 Marcionitae.
1275 5235 1416 5290 Pontifieii
1435 5235 1587 5290 Lutherum
1608 5233 1763 5306 flagellant,
1791 5235 1875 5302 paesi

179 5330 245 5384 siam
270 5328 338 5383 facit
360 5326 539 5398 participem,
564 5324 628 5382 leh.
652 5330 697 5388 ll,
721 5342 746 5381 v.
769 5329 808 5380 13.
828 5325 895 5396 quia
912 5332 1012 5378 sanem
1039 5325 1111 5378 bane
1136 5323 1264 5377 voculam
1291 5320 1476 5389 (catholicam)
1502 5337 1534 5372 ee
1559 5320 1683 5388 writola
1704 5317 1874 5373 Germanico

178 5416 321 5471 eeemione
343 5420 458 5468 vermer
482 5418 511 5467 et
534 5429 552 5467 a
575 5408 970 5480 mundosaparaturi.'1'im.
990 5415 1013 5478 t,
1040 5411 1201 5480 expunxerit
1225 5415 1251 5462 et
1275 5406 1387 5476 quidem
1410 5405 1462 5458 hoc
1479 5405 1548 5472 rire,
1572 5412 1604 5458 ut
1620 5422 1670 5458 sue
1690 5421 1798 5474 puoqrte
1815 5420 1874 5458 coe·

178 5519 203 5559 r.
223 5508 248 5558 9.
274 5497 410 5572 quidquid
431 5497 506 5554 enim
530 5513 547 5553 a
569 5495 707 5554 communi
726 5501 755 5552 et
771 5495 889 5567 profana
905 5497 1011 5552 ratione
1039 5497 1082 5551 tui
1110 5495 1244 5550 ecclesiae
1274 5509 1372 5546 nornen
1402 5491 1522 5544 tribuere
1548 5498 1653 5559 posset.
1701 5489 1757 5545 Sed
1783 5495 1875 5544 monet
