4004 6022
231 219 289 289 tet
824 212 946 273 Locus
964 211 1169 273 VIOESIMUS
1186 212 1329 272 PRIMUS

227 368 265 427 sd
291 368 383 427 tales
393 369 498 427 ebusus
530 369 713 459 ansemundus
745 387 921 442 nequequam
951 369 1059 442 probet,
1089 365 1143 422 hest
1167 368 1269 439 ips'tur,
1294 386 1325 424 se
1346 387 1409 425 cum
1427 371 1459 425 in
1475 372 1575 426 eadem
1593 378 1665 427 esset
1676 371 1862 441 morumne
1880 391 1930 430 seu

227 472 331 528 squam
355 455 486 528 baptismi
517 473 577 512 esse
606 440 808 513 sioramenonm
833 462 913 512 extre
937 472 1018 512 nsum
1044 473 1062 511 ι
1088 455 1227 520 artificio,
1256 474 1310 511 non
1336 457 1421 511 etiam
1447 457 1477 512 in
1501 459 1598 512 eadem
1623 458 1932 524 autoramento

230 540 340 599 Christo
361 543 532 615 institutum,
559 544 599 599 ita
621 560 731 616 qnoque
752 544 788 600 de
805 543 972 600 eucharistia
988 542 1061 599 idem
1088 540 1140 593 diu
1169 543 1281 611 quidem
1307 543 1508 604 circumferens
1532 544 1644 614 oculos,
1672 526 1727 615 ιιι
1755 546 1840 601 retem
1868 547 1932 601 suis

229 628 340 690 omnino
375 630 531 688 dicendum.
584 635 609 686 6
644 628 787 695 Quaedam
817 631 944 701 mempls
979 628 1062 700 plane
1089 628 1252 699 consuleret,
1269 632 1384 684 tandem
1400 631 1490 685 risam
1507 631 1568 696 suit
1583 631 1717 700 optimum
1734 648 1801 701 essa
1821 641 1853 687 ut
1866 650 1931 691 cum

228 721 294 773 sunt
314 719 451 773 contraria
465 717 579 773 divinae
597 717 777 787 institutioni,
794 718 913 790 ideoque
931 734 982 774 neo
1000 733 1062 788 pro·
1088 716 1236 768 macra·
1223 734 1253 769 sn
1272 716 1318 769 die
1332 716 1458 786 paeclsae
1471 735 1576 787 panem
1594 719 1791 788 mmiaristiae,
1808 719 1930 774 clames

228 802 290 860 buri
315 821 365 861 neo
387 804 511 861 excusari
537 811 654 876 possunt
676 812 725 860 eut
750 804 861 862 debent
899 803 1062 861 Ambrosius
1089 817 1137 854 ore
1168 801 1341 856 subtraberet
1366 810 1393 856 et
1420 803 1516 872 lapidi
1545 804 1650 858 molari
1674 804 1834 873 subjiceret.
1878 805 1929 862 dic

227 889 257 945 in
286 897 353 947 oret.
379 890 413 946 de
435 891 513 947 obitu
537 890 629 962 Satyr.
654 896 786 956 testetur.
812 892 945 962 δαιιιιιιι
966 909 1061 946 sacro·
1089 888 1161 942 enim
1183 890 1313 954 fmumsm
1332 891 1477 961 ιριιοόοε,
1502 898 1533 944 ut
1554 888 1693 956 Cirisnu,
1715 891 1766 961 qui
1782 891 1834 947 doc
1849 908 1929 961 pane

227 986 317 1032 mento
336 979 377 1031 ad
394 977 497 1032 collum
515 995 641 1048 appenso
658 999 737 1034 usum
755 996 813 1034 esse
826 981 868 1033 ad
878 979 1062 1047 nassfrapium
1088 976 1290 1045 contineretur,
1308 992 1414 1031 omnem
1433 977 1648 1031 benedictionem
1665 995 1745 1032 mam
1764 978 1795 1031 in
1814 980 1928 1035 domum

227 1065 395 1118 sedandum.
438 1064 472 1119 In
494 1064 566 1120 libro
588 1065 777 1136 Amphilochii
800 1065 835 1120 de
858 1065 961 1121 Basilio
979 1064 1061 1120 refer·
1085 1079 1223 1132 praesens
1243 1061 1409 1133 effunderet.
1451 1064 1606 1132 Postquam
1629 1081 1695 1133 erpo
1719 1065 1845 1134 capitata
1858 1081 1927 1133 per·

225 1156 280 1216 tiu,
300 1153 377 1221 quod
392 1167 426 1206 ea
446 1153 525 1220 liora,
543 1171 599 1223 qua
614 1171 629 1206 e
646 1152 718 1208 airis
728 1153 884 1221 emerserit,
902 1153 983 1207 illam
990 1169 1061 1222 par·
1086 1149 1214 1217 secura,
1237 1166 1300 1204 ecce
1325 1150 1379 1203 tibi
1398 1167 1457 1204 rem
1474 1149 1644 1205 noirandam.
1664 1146 1777 1205 'Noctu
1794 1153 1837 1206 ad
1853 1152 1927 1206 Ιιιιιιο

226 1245 282 1293 um
297 1238 405 1294 metas
423 1240 577 1308 acceperit,
596 1257 682 1308 qnam
700 1258 792 1294 semem
810 1239 950 1294 tumulare
968 1242 1061 1293 decre·
1088 1236 1222 1291 molarem
1240 1237 1380 1307 lapidem,
1401 1237 1452 1290 eut
1469 1254 1523 1307 quo
1536 1238 1626 1307 panis
1644 1238 1831 1292 eucharistiae
1843 1239 1927 1309 jaee-

225 1333 311 1380 eerat.
353 1323 419 1380 Alis
445 1325 584 1396 quaedam
607 1326 729 1399 legende
753 1327 787 1382 de
812 1326 916 1382 Basilio
941 1325 1061 1397 lingunt,
1088 1323 1149 1390 bat,
1175 1324 1293 1377 anditm
1312 1325 1494 1378 suasissimus
1518 1332 1673 1383 concentus.
1711 1326 1814 1395 Itaque
1832 1333 1858 1380 et
1869 1327 1925 1395 fa·

226 1413 411 1482 auodpancm
423 1422 617 1468 consecratum
629 1415 723 1469 intres
734 1413 975 1485 partesdioiscrit,
993 1431 1060 1483 qua-
1087 1409 1214 1464 mitiores
1231 1418 1258 1464 et
1274 1411 1362 1465 sicini
1379 1419 1459 1466 tanta
1478 1411 1555 1466 οοοίι
1571 1412 1709 1466 smodate
1729 1413 1845 1467 caritati
1859 1431 1926 1467 coe·

225 1515 288 1553 rum
300 1517 385 1552 unam
403 1499 623 1570 communicarit,
644 1500 764 1555 alteram
782 1502 811 1555 in
824 1500 1059 1568 cohembaaaren,
1088 1504 1204 1550 asrrunt
1221 1498 1344 1567 undique
1361 1514 1412 1552 nec
1425 1506 1546 1569 possunt
1563 1500 1648 1553 aliud
1658 1499 1811 1568 judicare,
1838 1517 1925 1569 paam

226 1602 298 1656 auae
326 1603 411 1655 super
442 1587 537 1641 altare
561 1587 714 1656 pependit,
745 1587 918 1657 reposuerit,
948 1588 1060 1640 tertiam
1087 1584 1159 1637 inne
1190 1600 1249 1637 esse
1273 1584 1435 1639 coelestium
1463 1586 1629 1654 enectorum
1653 1593 1822 1640 concentum.
1867 1586 1926 1643 Sed

204 1688 317 1735 ,mosen
332 1668 572 1742 consepeliendam
586 1673 743 1727 reseruasit.
773 1671 948 1744 Augustinus
959 1671 1060 1729 libas.
1088 1687 1149 1722 cum
1173 1669 1225 1724 diu
1247 1670 1361 1724 attoniti
1385 1671 1558 1735 dubitarent,
1583 1688 1655 1741 quae
1672 1672 1757 1742 tajra
1774 1688 1865 1727 ιιοοαο
1882 1673 1927 1727 rei

226 1757 262 1815 ds
286 1758 340 1817 ιιι.
367 1758 421 1815 Dei
448 1777 472 1816 o.
492 1763 516 1815 8.
534 1758 648 1827 scribit,
672 1777 691 1812 a
708 1759 875 1828 quibsssdam
889 1759 1060 1829 presbyteris
1087 1773 1174 1812 causa
1205 1765 1293 1826 meet,
1322 1758 1416 1811 rideret
1451 1759 1565 1812 tandem
1596 1758 1716 1813 bostiam
1744 1760 1794 1813 aa
1820 1759 1926 1814 molari

227 1845 351 1899 oblatum
375 1847 464 1909 fuisse
488 1846 553 1899 Deo
575 1846 746 1908 sacrificium
770 1847 917 1902 Dominiei
931 1846 1060 1917 corporis
1082 1844 1235 1912 paululum
1262 1844 1477 1914 prominentem,
1497 1852 1524 1898 et
1554 1861 1609 1913 quo
1637 1845 1759 1915 propius
1789 1846 1832 1899 ad
1864 1860 1925 1903 eam

226 1933 268 1984 ad
290 1933 448 1985 mandam
467 1933 579 1986 ιιοιοιοιι
597 1934 739 2001 perandum
759 1951 778 1986 a
798 1934 961 1990 daemonnm
979 1949 1060 1987 oeae·
1087 1946 1171 1984 aures
1199 1932 1359 2000 admouent,
1389 1948 1420 1984 eo
1441 1929 1601 2000 jucundior
1622 1938 1649 1985 et
1672 1931 1781 1985 clarior
1805 1933 1925 1987 auditur

226 2017 309 2073 done.
347 2016 501 2089 Gregorius
518 2017 565 2074 lib.
585 2023 608 2073 2.
629 2017 803 2091 dialogorum
820 2036 843 2075 c.
861 2026 902 2076 ut.
921 2020 958 2075 de
971 2020 1060 2076 Benc-
1086 2034 1178 2074 sonae.
1221 2017 1322 2086 ltaque
1339 2017 1490 2087 judicant,
1517 2035 1573 2071 non
1600 2033 1660 2071 esce
1683 2017 1804 2071 norsum
1826 2017 1923 2086 οιὶοο·

226 2102 302 2161 dicto
316 2103 415 2173 cetea,
436 2106 514 2174 meod
529 2122 590 2159 crim
609 2106 758 2173 defunctas
777 2107 894 2176 quidam
911 2109 1061 2162 mameluc
1085 2122 1156 2172 rem,
1180 2105 1233 2158 sed
1256 2112 1449 2158 consecratam
1472 2111 1498 2163 et
1522 2103 1564 2156 ibi
1585 2101 1725 2158 Christum
1749 2105 1842 2175 ipsum
1866 2123 1924 2159 una

225 2190 343 2260 sepeliri
359 2191 499 2261 nequiret,
525 2192 632 2245 miserit
652 2192 776 2262 aliquos,
795 2195 845 2262 pai
862 2193 1061 2247 eucharistiam
1087 2208 1148 2244 oum
1166 2207 1283 2260 corpore
1303 2198 1328 2244 ct
1345 2191 1496 2260 sanpuine,
1515 2190 1570 2244 imo
1589 2198 1614 2243 et
1632 2207 1694 2243 cum
1711 2207 1801 2258 cruce,
1818 2191 1876 2246 imo
1894 2199 1922 2246 et

224 2292 310 2349 super
325 2285 425 2346 pectus
445 2280 549 2333 mortni
563 2288 707 2348 ponerent.
744 2280 778 2335 Iu
797 2280 949 2351 majoribus
967 2279 1060 2336 busili-
1087 2277 1473 2332 mamanioerealsumanitate
1486 2284 1512 2330 et
1525 2277 1672 2331 divinitate
1680 2285 1798 2346 praesto
1813 2279 1922 2335 adesse.

224 2364 265 2421 ιιι
288 2370 487 2421 enarmonium
514 2366 638 2438 quotidie
663 2384 727 2422 cum
744 2367 921 2438 lampadibus
937 2367 1060 2424 accensis
1087 2364 1195 2419 Mulier
1232 2372 1324 2419 autem
1360 2365 1477 2420 horrore
1509 2370 1629 2434 propter
1661 2364 1831 2423 mirandum
1861 2383 1922 2423 eor·

224 2451 362 2508 inclusum
386 2451 550 2524 proponitur
574 2453 747 2509 adorandum
775 2463 804 2511 et
822 2453 938 2510 effertus
959 2455 996 2509 ed
1019 2455 1060 2509 in-
1085 2457 1168 2522 repta
1192 2451 1369 2521 sipniticabat
1393 2451 1583 2521 trepidatione
1605 2452 1685 2521 ipsa,
1715 2468 1759 2521 se,
1791 2453 1864 2521 quid
1886 2454 1922 2509 de

224 2538 324 2595 cendia
350 2539 550 2610 restinguenda
579 2545 607 2596 et
638 2541 674 2595 sd
700 2540 803 2595 similes
827 2558 908 2596 cesus
932 2558 1059 2597 everrun-
1086 2539 1139 2593 iac
1163 2538 1255 2594 bestia
1279 2539 1387 2605 sactum
1412 2538 1463 2602 sit,
1488 2538 1568 2593 lcaud
1588 2539 1718 2606 ipnaram
1736 2555 1808 2609 essc,
1833 2557 1922 2608 quare

225 2626 337 2682 nendos.
387 2624 486 2681 Plures
514 2624 674 2697 hujusmodi
704 2627 808 2682 abusus
840 2628 1059 2684 enumeravimus
1086 2624 1331 2694 comprehenditur
1348 2643 1367 2679 a
1387 2624 1571 2695 mapistratu,
1599 2625 1710 2689 fatetur
1730 2641 1789 2679 rem
1810 2633 1921 2693 poetam

225 2711 352 2784 superius
372 2716 395 2777 5.
415 2717 455 2768 60.
474 2712 588 2768 membr.
608 2719 632 2768 2.
668 2712 756 2784 Atqui
773 2712 834 2768 illos
853 2730 948 2769 omnes
965 2713 1059 2769 defen·
1086 2720 1112 2766 et
1135 2720 1164 2765 ut
1185 2727 1236 2765 rea
1259 2711 1331 2765 tanti
1346 2712 1473 2779 mysterii
1485 2711 1641 2781 profanati
1657 2712 1782 2767 eadam
1798 2713 1861 2781 loni
1876 2730 1921 2769 sa·

225 2798 292 2855 ecre
311 2797 420 2870 cogitur
437 2797 621 2853 Bellnrminns
641 2804 670 2853 et
690 2797 752 2869 ipso
768 2797 843 2854 iacto
861 2799 944 2854 etism
964 2799 1059 2856 deien-
1085 2800 1203 2854 menda.
1245 2797 1332 2868 Atqui
1355 2797 1379 2850 si
1401 2797 1468 2852 licet
1486 2803 1658 2854 ssommento
1678 2798 1719 2852 uti
1736 2798 1774 2853 sd
1790 2816 1920 2871 corpore·

225 2884 268 2941 dit
288 2884 317 2939 in
339 2901 363 2938 ι.
388 2890 412 2940 t.
430 2885 455 2952 ξ.
471 2884 509 2940 sd
527 2890 663 2956 quntum,
681 2902 744 2940 oum
764 2885 849 2940 mmet
868 2884 1060 2942 discesseritis
1085 2885 1139 2940 lem
1166 2884 1313 2939 sanitatem
1339 2883 1540 2953 impetrandam
1565 2884 1652 2940 ocubs
1670 2884 1852 2956 applicando,
1871 2904 1922 2943 our

224 2971 324 3044 segnis
344 2969 395 3026 ills
416 2970 559 3026 verissime
582 2976 611 3026 et
626 2970 792 3038 certissime,
819 2971 922 3044 qnippe
940 2989 973 3028 ex
992 2972 1060 3044 ipsis
1085 2987 1140 3026 non
1165 2970 1248 3025 etiam
1272 2970 1369 3027 liceret
1392 2970 1433 3026 uti
1458 2970 1494 3025 ed
1521 2971 1633 3027 diritius
1650 2977 1679 3027 et
1696 2970 1921 3033 benedictionem

224 3056 406 3115 metitutionis
427 3057 519 3114 verbis
543 3056 679 3113 deducte:
719 3057 800 3111 ΝΜ
821 3058 903 3113 labet
922 3060 1059 3114 rationem
1084 3057 1281 3129 acquirendam
1314 3056 1411 3112 moleri
1440 3056 1635 3128 subjiciendo?
1681 3058 1718 3111 In
1749 3059 1802 3117 ιιι
1831 3077 1919 3115 cause

224 3147 395 3201 momenti
417 3153 495 3199 ιιιιι
517 3162 598 3199 usum
618 3162 637 3198 a
663 3142 772 3198 Christo
792 3144 956 3200 institutum.
990 3144 1059 3201 Con·
1085 3143 1193 3211 (scribit
1212 3142 1354 3211 Brentius)
1379 3143 1452 3198 nilsil
1473 3144 1584 3198 eidam
1601 3144 1720 3199 miserae
1738 3145 1920 3203 mulierculas

225 3231 323 3290 eedem
342 3250 408 3305 ergo
428 3232 545 3305 cogitur,
564 3248 665 3303 penem
684 3236 873 3287 consecratum
891 3250 952 3288 esse
964 3248 1059 3288 rernm
1085 3230 1211 3300 defense
1225 3237 1343 3300 praeter
1359 3229 1457 3286 Setun
1471 3229 1745 3300 (velBellnrminnm)
1754 3240 1919 3300 patronum.
1945 3234 1948 3239 '

145 3343 147 3356 ·
224 3317 329 3376 Christi
353 3336 465 3391 eorpus,
493 3334 658 3391 quoeunque
681 3318 761 3373 modo
783 3325 919 3374 ιιιιιιιιιι
941 3324 970 3374 et
992 3335 1059 3391 quo·
1088 3317 1164 3380 Quid
1187 3318 1259 3372 enim
1282 3318 1360 3372 dicat
1387 3326 1548 3388 masor,
1577 3318 1722 3373 mulierem
1741 3319 1919 3389 profanasse

225 3422 334 3480 nunqua
358 3405 414 3471 fine
439 3412 595 3477 usurpetur.
631 3407 750 3460 Falsum
768 3414 807 3460 est
823 3405 957 3475 (scribit),
980 3408 1061 3477 apud
1085 3405 1309 3459 eaeteristiam!
1332 3406 1385 3458 sed
1400 3404 1592 3474 respondisset
1605 3411 1753 3473 patronus,
1774 3407 1919 3465 mulierem

224 3501 333 3548 oderes
351 3512 408 3548 nen
429 3494 527 3561 suessa
555 3493 645 3547 aliurn
672 3494 843 3548 sacramenti
869 3511 948 3546 mum
976 3511 1059 3563 quarn
1085 3510 1142 3546 non
1176 3491 1266 3545 solum
1304 3490 1377 3544 nibil
1411 3491 1564 3545 detraame
1600 3490 1699 3545 uirtuti
1726 3493 1920 3560 coctarum,

224 3580 266 3633 ad
286 3581 522 3635 manducandum.
564 3580 641 3632 Nam
664 3576 813 3648 Gereonio
834 3596 917 3634 soror
935 3580 1059 3635 Nonian-
1085 3596 1181 3633 oerum
1203 3579 1287 3632 etiam
1305 3577 1462 3647 plurimum
1479 3577 1609 3632 tribuisse
1627 3585 1652 3632 et
1670 3579 1793 3649 pretium
1814 3579 1922 3637 Olsristi

224 3666 287 3719 esni
314 3665 377 3734 ipso
402 3665 580 3719 Naeianseno
604 3672 670 3718 teste
696 3666 726 3719 in
743 3674 816 3720 orat.
835 3668 871 3720 de
890 3666 965 3720 obitu
987 3665 1059 3721 Gor·
1085 3668 1117 3720 in
1141 3665 1312 3719 eucharistia
1335 3664 1509 3733 illustrasse,
1534 3666 1601 3718 dum
1624 3683 1680 3719 non
1699 3666 1792 3721 rebem
1805 3669 1921 3737 petierit

225 3768 288 3821 pore
313 3757 490 3805 sacransento
516 3750 702 3805 eucharistiae
725 3768 778 3805 usa
797 3760 836 3805 est
852 3753 894 3805 ad
909 3753 1059 3822 impetrare·
1085 3755 1120 3807 ol
1136 3769 1169 3807 eo
1181 3750 1285 3822 jurari
1301 3751 1333 3804 in
1351 3751 1437 3805 corde
1453 3758 1479 3804 et
1497 3768 1546 3805 ore
1564 3768 1629 3819 suo,
1648 3754 1700 3806 sed
1713 3754 1798 3806 etiam
1814 3755 1846 3809 in
1862 3773 1919 3811 ιιι·

125 3854 152 3896 x.
166 3850 212 3897 uss.
226 3839 294 3892 dam
312 3855 332 3891 a
350 3838 414 3890 Deo
432 3836 590 3904 sonituum,
610 3836 716 3890 Cleristi
730 3854 832 3907 corpus
844 3837 874 3891 in
886 3847 1059 3893 comanente
1086 3841 1145 3895 lari
1168 3847 1194 3894 et
1215 3838 1349 3893 unirersa
1374 3839 1457 3892 ιιοοιο
1479 3855 1540 3892 sua.
1582 3842 1625 3891 An
1642 3840 1715 3895 enim
1733 3849 1849 3897 nonest
1867 3843 1919 3898 boe

225 3925 390 3993 manac,
420 3923 592 3991 invocando,
618 3921 707 3976 oculis
724 3923 913 3994 applicando;
941 3924 1060 3995 sanna
1084 3929 1224 3982 neumare
1243 3943 1346 3995 empne
1368 3923 1473 3978 otrus
1493 3932 1520 3978 et
1538 3925 1573 3978 de
1594 3926 1740 3994 majestate
1758 3928 1822 3997 ejus
1832 3946 1919 3999 prae·

225 4011 372 4066 Ambrosii
381 4010 483 4078 frater
499 4009 596 4063 eodem
615 4009 656 4061 aa
671 4009 775 4063 collum
790 4027 915 4080 appenso
932 4029 998 4065 usus
1020 4020 1060 4066 est
1085 4016 1162 4070 clare
1180 4013 1290 4082 semme,
1307 4021 1338 4066 ut
1356 4019 1496 4080 respodeo
1514 4011 1646 4082 abipso
1662 4015 1786 4082 pralium
1801 4023 1828 4069 et
1841 4015 1919 4071 besse·

225 4100 268 4154 ed
292 4096 477 4166 noufrapium
502 4095 670 4150 mitandum.
714 4093 840 4164 Ops-illus
869 4097 1058 4168 Hierasolpm.
1085 4103 1236 4157 dictionem
1259 4117 1316 4154 non
1340 4106 1448 4154 tantum
1472 4116 1536 4152 oum
1560 4115 1609 4153 ore
1632 4101 1752 4155 mondus·
1775 4108 1801 4156 et
1821 4103 1853 4157 in
1869 4103 1919 4158 ise·

225 4185 329 4239 esseda
356 4189 383 4237 5.
409 4190 525 4252 mpstap.
552 4191 643 4237 monet
665 4183 913 4254 eonsmunicantes,
942 4192 972 4239 ut
992 4194 1060 4256 post
1084 4206 1198 4244 manum
1228 4193 1348 4240 ventrem
1373 4193 1432 4239 tam
1458 4185 1599 4248 foetidum
1631 4188 1788 4256 traiicitur,
1822 4207 1919 4245 oerum

226 4272 444 4329 communionem
465 4270 556 4339 dipe'to
573 4279 692 4340 tanpant
709 4271 788 4325 lolia
803 4272 979 4339 sanctificata
996 4291 1060 4328 con·
1085 4278 1170 4331 etiam
1191 4292 1253 4329 cum
1277 4273 1382 4328 molari
1404 4271 1498 4341 lapidi
1516 4279 1572 4325 tam
1591 4274 1683 4328 nitido
1701 4282 1728 4328 et
1747 4275 1814 4329 utili
1829 4276 1918 4345 impo-

226 4367 302 4415 tactu
319 4358 447 4429 corporis
463 4365 491 4411 et
506 4357 653 4425 saepninis
671 4357 792 4411 Domini
808 4365 834 4412 et
849 4359 952 4412 ddnde
964 4362 1060 4414 eedem
1084 4363 1182 4417 nitur!
1221 4360 1255 4414 Si
1270 4359 1344 4413 enim
1360 4357 1510 4412 utilitatem
1527 4359 1646 4414 nectaris
1663 4363 1819 4430 eapendas,
1835 4363 1919 4419 adia

226 4448 319 4519 dipito
336 4445 507 4515 concipient
521 4461 577 4514 per
593 4452 750 4498 contactum
767 4445 875 4509 cculm,
890 4447 1014 4511 frontem
1032 4457 1060 4503 et
1085 4465 1193 4519 pmnma
1212 4446 1239 4500 ei
1257 4445 1446 4511 anteferenda
1459 4452 1508 4513 est,
1528 4452 1552 4498 et
1564 4446 1635 4514 quid
1652 4447 1736 4501 etsam
1747 4447 1847 4502 utilius
1858 4465 1918 4502 eor

225 4534 288 4593 alia
309 4533 436 4586 membra
456 4536 508 4586 etc.
551 4531 592 4585 nt
615 4531 639 4585 si
663 4530 703 4585 illi
726 4549 793 4586 usus
814 4532 997 4591 eucharistiae
1014 4535 1060 4592 de
1070 4552 1153 4607 ,pore
1179 4532 1303 4588 Christi!
1336 4546 1423 4601 quare
1452 4531 1480 4583 si
1502 4530 1554 4584 lae
1582 4533 1655 4586 duae
1682 4549 1728 4587 res
1751 4534 1919 4591 utilissimus

225 4619 391 4688 tudonem,
416 4616 583 4673 defendendi
607 4618 691 4673 etiem
708 4618 808 4690 reliqui
824 4635 930 4690 omnes,
958 4610 1271 4727 longis-'conuenirent
1295 4618 1365 4687 quid
1390 4635 1445 4671 non
1466 4617 1663 4672 benedictionis
1681 4635 1716 4672 ea
1736 4620 1806 4688 ipsis
1824 4636 1919 4689 seque·

225 4706 295 4763 ιἰιιι
329 4706 413 4763 mem
443 4704 479 4760 ab
509 4703 681 4760 instintione
713 4703 862 4761 Dominice
890 4707 1073 4778 recedentes,
1084 4709 1184 4764 retur!
1232 4706 1313 4759 Haec
1347 4712 1372 4758 et
1403 4683 1493 4758 multa
1525 4704 1588 4758 alia
1612 4706 1750 4774 potuisset
1776 4715 1919 4776 pavones

225 4808 291 4849 oum
313 4791 436 4848 omnium
459 4788 496 4844 sit
516 4806 569 4861 per
589 4790 668 4846 rstio.
710 4789 867 4846 Βιιιιιιιι
859 4809 889 4847 ιι
906 4793 977 4865 spol.
995 4812 1060 4851 con·
1050 4748 1314 4896 immemorum·
1350 4797 1374 4846 t.
1401 4788 1639 4855 Quemadmodum
1663 4790 1772 4862 privata
1793 4791 1918 4849 eucheri

169 4893 176 4908 “
225 4879 290 4936 isse
308 4877 454 4936 Wiirteub.
474 4893 534 4947 esp
552 4876 587 4932 ds
604 4876 794 4933 satisfactione
810 4894 876 4950 pag.
899 4887 956 4937 559.
975 4880 1060 4937 rsiert
1071 4883 1152 4993 'etiae
1184 4878 1334 4935 meseratio
1357 4895 1413 4934 nen
1437 4878 1526 4933 solnm
1548 4877 1680 4943 emansit,
1710 4879 1770 4936 sed
1782 4880 1867 4937 etism
1890 4880 1919 4937 in

225 4966 366 5039 quendem
398 4963 537 5032 inbutam,
567 4980 651 5036 qnsm
680 4963 715 5018 de
743 4964 895 5035 majoribus
924 4967 1059 5022 andierat.
1071 4933 1207 5023 'conciliis
1234 4964 1368 5036 abrogata
1395 4972 1453 5035 est,
1481 4982 1543 5021 enm
1567 4981 1680 5034 censae,
1709 4972 1823 5038 propter
1848 4982 1919 5039 ques

226 5052 374 5116 &adam
393 5051 502 5109 mulier
525 5049 640 5122 (inquit)
629 5050 795 5120 )molitoris
811 5070 895 5120 usar,
921 5072 984 5108 cum
1001 5072 1059 5108 ma·
1049 4998 1222 5124 -ieoeperat,
1241 5051 1404 5123 desiissent;
1428 5051 1469 5108 ite
1485 5069 1611 5124 quoque,
1630 5069 1693 5107 enm
1711 5069 1815 5109 enasse-
1827 5052 1919 5125 publi·

226 5154 284 5209 pne
306 5156 402 5194 rerum
414 5138 539 5209 penaria
556 5138 708 5202 laboraret,
724 5138 872 5207 capitosis,
896 5141 996 5210 peiles
1012 5157 1058 5194 ra
1084 5154 1134 5194 ose
1158 5137 1215 5193 sire
1239 5137 1444 5195 emissiestiese
1461 5137 1656 5194 msesvstionis
1672 5138 1767 5194 itidem
1788 5139 1920 5197 nauem

226 5223 348 5280 tionibus
376 5234 526 5296 apostatem
549 5243 630 5281 suem
653 5232 809 5280 mamaeam
830 5235 935 5296 posset.
982 5227 1060 5309 {sidit
1083 5225 1236 5296 iisdemque
1259 5225 1363 5282 ebusus
1389 5226 1419 5281 in
1438 5224 1711 5294 eboumgeetstione,
1734 5225 1919 5282 ostentatione

226 5311 301 5366 ssim
325 5312 414 5367 sisini
442 5312 584 5368 molitoris
614 5329 728 5366 umorem
757 5331 813 5368 non
835 5314 925 5368 solum
953 5313 1059 5369 mamm
1084 5316 1137 5367 ste.
1160 5314 1357 5380 successerint,
1381 5313 1478 5385 utique
1494 5309 1579 5366 etism
1596 5310 1711 5380 publice
1729 5311 1779 5367 iiis
1795 5328 1918 5371 rosem-

225 5397 425 5466 srpducntcm
446 5400 550 5453 lalus
572 5407 599 5453 et
609 5400 739 5470 pretiosa
755 5407 829 5454 reste
847 5401 990 5466 incedere,
1016 5415 1059 5454 oe·
1084 5397 1123 5453 tio
1148 5398 1244 5455 merito
1271 5414 1380 5456 cessere
1399 5405 1428 5455 st
1445 5395 1574 5468 abrogari
1591 5396 1683 5454 debet.
1719 5397 1812 5453 Conse
1828 5399 1918 5470 priss-

225 5500 290 5543 Μ
311 5482 397 5537 etun
419 5501 551 5555 ιιιιιιιιι
572 5487 628 5541 mm
643 5487 782 5557 pecunias
801 5485 958 5556 pecudea
973 5492 975 5497 '
992 5487 1058 5543 De·
1084 5490 1130 5540 ιιι
1159 5487 1352 5542 mutationis
1379 5487 1415 5542 D.
1446 5483 1606 5540 Gbsmuieio
1637 5485 1780 5556 potissime
1808 5485 1921 5545 videtur
