4004 6022
862 295 914 353 DE
934 292 1128 352 uoeuusls.
1180 304 1184 317 ¹
1232 312 1257 321 ··
1777 304 1837 363 489

142 449 198 504 ima
216 448 319 505 veritas
337 450 400 521 paci
418 412 666 520 praeponitur,ut
689 449 889 520 intelligamus,
916 465 977 505 eam
1005 447 1051 503 lib.
1076 457 1173 505 conus
1198 419 1318 505 Aaxcnt.
1347 452 1375 505 iu
1402 450 1505 521 princ:
1539 451 1701 520 Speoiomm
1727 452 1839 521 puidam

143 536 254 591 demum
272 550 378 606 pacem,
396 536 571 591 concordiam
589 543 617 592 et
633 537 768 591 unitatem
784 537 844 592 Deo
858 537 977 608 probari,
1003 554 1103 601 wmen
1127 538 1212 606 pacis
1239 544 1266 591 st
1288 537 1412 606 pulchra
1435 537 1531 605 opinio
1549 538 1680 606 unitatis,
1706 539 1758 591 ssd
1776 535 1840 606 orsis

142 637 216 692 quae
233 621 414 677 laudamento
431 628 461 676 et
477 622 589 676 viuculo
605 621 729 676 veritatis
746 622 976 693 gaudeamus,
1003 624 1141 690 ambigat,
1176 640 1238 677 eom
1257 623 1365 676 'solam
1401 623 1534 676 ecelesias
1571 631 1654 693 morse
1683 623 1838 691 suonpslio·

141 722 168 763 v.
182 712 229 763 tl:
251 708 285 762 Si
304 709 465 762 manseritis
482 710 512 761 s'n
533 726 658 763 srmone
676 726 746 778 meo,
764 725 828 762 uere
843 710 980 778 discipuli
1002 726 1067 760 rum
1085 708 1219 762 unitatem
1233 725 1335 778 paoem
1353 702 1424 770 else,
1444 724 1516 777 quos
1531 708 1637 767 Christi
1653 711 1717 762 esti
1739 708 1841 764 Postea

140 793 198 846 mei
214 795 301 851 critis.
332 793 396 849 ioh.
417 801 461 863 ll,
484 810 510 847 v,
532 800 581 849 tt:
612 796 646 848 Ut
663 796 720 848 sint
738 797 769 848 in
788 796 868 849 nobs's
885 814 977 848 sonum.
1004 793 1097 861 addis,
1124 796 1293 848 Antichrists‘
1318 796 1460 848 ministros
1482 811 1555 863 poce
1579 811 1647 855 ssso,
1673 794 1707 846 id
1727 802 1768 847 est
1788 797 1838 847 im-

141 885 167 934 t.
184 878 319 944 Quamvis
343 896 409 951 ergo
434 895 500 934 vera
526 879 643 934 ecclesia
662 881 698 934 sit
714 897 772 935 nna
789 886 817 934 et
834 896 900 934 sera
917 879 978 950 ejus
1003 880 1117 947 pietatis
1148 897 1217 933 suae
1239 881 1359 940 unitate,
1390 897 1419 933 se
1440 881 1556 949 jactare
1584 887 1696 947 apentes
1724 895 1754 932 ss
1783 896 1838 933 non

141 965 268 1019 membra
290 965 319 1019 in
345 983 401 1021 uua
424 966 558 1038 religione
575 967 760 1029 consentiant,
784 982 817 1021 ex
834 984 868 1021 eo
885 972 978 1021 tamen
1003 973 1035 1017 ut
1059 966 1167 1020 Olsrs'sti
1189 969 1347 1036 episcopos,
1371 970 1423 1021 ssd
1439 976 1469 1020 ut
1489 967 1654 1021 Antichristo
1670 967 1840 1020 sacerdotes.

141 1067 198 1106 uon
226 1058 318 1121 potest
346 1052 456 1120 inferri,
484 1053 558 1124 quod
584 1053 743 1122 ubicunque
767 1058 810 1107 est
835 1051 927 1106 unitas
950 1060 979 1106 et
1005 1051 1157 1123 Gregorius
1184 1052 1374 1108 Nazianzenus
1399 1059 1467 1108 orat.
1497 1059 1516 1109 1.
1541 1053 1577 1108 de
1601 1068 1682 1122 pace:
1711 1058 1840 1125 κρεῖσσον

142 1137 286 1193 consensio
310 1138 338 1192 iu
363 1139 512 1210 religione,
539 1137 578 1192 ibi
602 1140 696 1192 statim
723 1138 760 1192 sit
778 1155 844 1193 vera
867 1146 896 1194 et
913 1154 978 1209 apo·
1006 1140 1151 1211 turnicio
1174 1138 1308 1205 deonotus
1327 1139 1342 1202 ἠ
1362 1138 1429 1211 ὑπὲρ
1449 1138 1588 1208 εὐσεβείας
1605 1138 1759 1202 διάστασις,
1784 1155 1838 1192 ms·

141 1223 242 1278 stolics
266 1224 392 1281 ecclesia.
439 1223 491 1278 Est
521 1225 594 1279 euim
620 1224 722 1294 duplex
745 1225 841 1280 unitas
864 1225 979 1280 docente
1004 1225 1061 1276 lius
1086 1233 1128 1278 est
1151 1224 1302 1278 dissidium
1322 1226 1440 1293 pictatis
1464 1241 1552 1279 como
1578 1233 1668 1279 ortrsm
1692 1241 1775 1293 paam
1801 1225 1839 1278 ui·

141 1306 251 1363 Thomu
274 1310 303 1364 in
326 1326 349 1364 c.
374 1318 399 1366 t.
424 1309 524 1381 Ephes.
548 1311 610 1366 lect.
633 1317 660 1365 t:
690 1310 751 1365 Uno
775 1312 861 1379 dona,
886 1312 979 1364 altero
1005 1313 1079 1363 tioso
1102 1312 1264 1365 concordio.
1306 1310 1494 1382 Hieronymus
1512 1312 1541 1366 in
1560 1311 1679 1383 epistola
1697 1311 1732 1364 ad
1749 1309 1838 1365 Thoo-

143 1395 241 1462 molo,·
265 1413 323 1448 una
341 1397 471 1465 spiritus,
491 1397 584 1450 altero
603 1398 707 1452 cornu.
744 1397 866 1452 Pietatis
885 1399 979 1451 unitas
1006 1394 1111 1466 philam
1129 1396 1183 1449 adv
1208 1412 1313 1452 errores
1332 1397 1394 1452 Joh.
1413 1397 1598 1467 Hierosolym
1615 1402 1678 1452 tom.
1699 1401 1722 1450 2,
1734 1414 1762 1467 p.
1779 1400 1839 1452 iss:

143 1489 184 1535 sst
212 1489 285 1535 rscts
312 1485 441 1546 medere,
465 1483 617 1551 impietatis
639 1481 736 1536 unitos
759 1483 832 1537 mols
858 1485 979 1545 medus,
1011 1483 1144 1536 Volumus
1168 1490 1388 1552 stamparum,
1416 1485 1468 1536 sed
1481 1500 1582 1552 pacem
1601 1482 1719 1551 curua,
1740 1498 1840 1551 pacem

142 1573 177 1621 ut
194 1566 359 1622 Ambrosius
378 1569 482 1624 alicubi
500 1569 630 1640 loquitur.
667 1569 707 1626 Ut
726 1568 780 1624 Dei
803 1575 846 1625 est
863 1585 920 1624 nna
935 1585 979 1628 ec·
1005 1584 1114 1629 umam,
1140 1585 1237 1632 paoem
1260 1570 1321 1622 sine
1345 1569 1517 1638 inimicitiis,
1536 1585 1636 1639 possm
1662 1570 1692 1622 in
1708 1585 1765 1638 pua
1784 1586 1840 1623 non

143 1652 242 1721 clesia,
268 1654 310 1707 ita
333 1653 440 1709 diaboii
464 1661 506 1710 est
528 1671 585 1710 uns
610 1654 746 1726 Babylon.
795 1656 829 1711 Si
854 1656 980 1711 Manae
1005 1654 1043 1707 sit
1062 1650 1162 1707 bellum
1183 1654 1348 1721 insolutum,
1373 1672 1475 1725 paoem
1493 1671 1565 1725 quoe
1582 1673 1638 1708 non
1658 1663 1688 1706 ut
1707 1657 1840 1708 adverso·

73 1741 280 1796 Lacrimans
302 1756 333 1793 ss
359 1739 468 1794 diuisus
485 1748 537 1805 est,
565 1741 658 1812 inquit
674 1740 801 1796 Christus
818 1740 917 1796 Matth.
939 1747 978 1808 1²,
1004 1739 1065 1792 rios
1090 1740 1238 1808 subiiciat,
1264 1743 1316 1795 ssd
1337 1750 1368 1795 ut
1392 1744 1497 1796 amicos
1514 1743 1627 1813 junpot.
1665 1741 1839 1813 Augustinus

142 1839 168 1875 r.
188 1829 229 1878 tt.
259 1828 398 1894 quomodo
421 1826 506 1880 stobs‘t
530 1844 645 1895 regnum
670 1827 755 1896 rjus!
792 1826 893 1883 Unitss
920 1832 979 1882 erat
1004 1840 1067 1878 cnm
1095 1825 1197 1880 domin,
1228 1833 1251 1883 2.
1279 1834 1344 1898 post
1368 1834 1481 1883 octavas
1510 1829 1632 1898 paschae
1660 1828 1696 1883 de
1718 1843 1787 1898 pace
1811 1833 1840 1882 st

143 1909 288 1980 intereos,
308 1911 356 1982 qui
373 1911 490 1966 vitulum
508 1928 623 1968 aureum
642 1911 773 1967 fabricari
790 1912 978 1983 postulabant,
1004 1910 1113 1965 unitate
1130 1928 1247 1969 semron.
1270 1920 1289 1968 t.
1309 1914 1387 1985 pacis
1406 1914 1527 1986 studium
1542 1914 1691 1986 diligenter
1703 1929 1838 1968 commen·

143 1996 231 2053 Exod.
254 2001 295 2052 32.
332 1997 435 2053 Omnes
454 1998 583 2053 Baalitici
602 2000 758 2054 sacerdotes
777 2003 874 2053 contra
889 1999 977 2053 Etiam
1005 1995 1113 2065 desset,
1132 1998 1292 2071 subjungit:
1319 2000 1380 2054 Sed
1395 2001 1464 2053 laec
1479 2018 1541 2069 poa
1559 2018 1620 2054 cum
1638 2001 1716 2055 tonis
1736 2008 1761 2053 et
1781 2000 1840 2054 Dei

142 2089 172 2137 et
194 2081 349 2138 Michaeam
378 2083 592 2155 conspirabant,
628 2089 752 2155 tempore
775 2084 913 2140 ,Ieremias
937 2089 978 2138 to·
999 2093 1154 2153 praecepto
1171 2086 1345 2139 sunamites
1362 2087 1547 2140 custodiendo
1564 2095 1617 2150 est,
1636 2104 1691 2140 non
1710 2102 1772 2140 cum
1786 2085 1838 2138 ini·

141 2172 188 2221 tus
212 2169 331 2239 populus
354 2176 449 2224 conus
474 2186 567 2224 verum
587 2170 641 2224 Dei
660 2171 766 2224 cultum
786 2170 976 2240 conspirabat3
1005 2168 1067 2236 quis
1086 2177 1112 2222 et
1131 2172 1283 2238 sceleratis,
1303 2171 1353 2241 pai
1369 2189 1467 2239 passm
1487 2173 1560 2224 inter
1577 2188 1608 2224 ss
1624 2172 1765 2225 labentis
1774 2189 1839 2240 pec·

141 2251 270 2309 Christus
294 2255 432 2309 communi
457 2255 573 2310 consitio
594 2257 768 2310 sacerdotum
793 2261 821 2310 et
839 2256 977 2310 seniorum
1004 2255 1076 2308 cotis
1102 2257 1169 2309 sais.
1206 2258 1270 2310 Pas
1298 2255 1407 2310 Christi
1432 2257 1616 2310 adsalutem
1641 2258 1840 2326 sempiternam

141 2352 175 2392 ac
198 2339 283 2393 totins
308 2340 404 2410 populi
430 2341 564 2412 suffragio
589 2342 625 2395 ad
644 2349 759 2396 mortem
777 2341 976 2396 condemnatus
1001 2341 1132 2408 protioit5
1147 2357 1208 2410 pac
1225 2357 1296 2410 quos
1312 2343 1343 2394 in
1363 2343 1477 2397 diabole
1498 2350 1544 2406 cst,
1563 2345 1604 2396 od
1618 2350 1782 2412 perpessum
1796 2359 1839 2396 ca·

142 2432 201 2492 cst;
227 2434 324 2480 conus
346 2427 466 2481 Paulum
490 2433 550 2481 tots
574 2427 671 2482 civitas
689 2426 870 2497 Ephesiorum
888 2427 976 2480 iusur-
1003 2426 1045 2478 nit
1064 2427 1260 2495 perditionem.
1295 2427 1359 2480 Poe
1376 2445 1439 2480 cum
1459 2429 1537 2481 banse
1557 2437 1583 2482 et
1600 2428 1702 2482 beilum
1720 2444 1782 2481 oum
1800 2426 1839 2480 ui·

141 2510 243 2581 gebat3
278 2517 342 2582 post
367 2510 469 2568 Christi
491 2512 697 2568 adscensionem
720 2510 823 2569 ludaei
843 2521 872 2567 et
889 2512 977 2584 genti·
1003 2510 1051 2564 tiis
1071 2527 1177 2580 sumptu·
1196 2511 1352 2566 habendum
1372 2521 1420 2583 est,
1439 2515 1517 2566 mola
1535 2515 1675 2584 siquidem
1688 2513 1839 2582 impiorum

141 2598 184 2653 les
211 2607 306 2652 eoum
331 2597 432 2653 Christi
456 2599 601 2655 ecelesiam
625 2600 805 2672 pugnabant3
845 2598 976 2654 haeretiei
1002 2596 1143 2650 domiuum
1161 2599 1228 2652 edio
1247 2599 1377 2652 habenda
1395 2607 1443 2653 est.
1474 2598 1558 2671 Hugo
1572 2599 1619 2654 lib.
1635 2605 1659 2655 3.
1676 2599 1712 2653 de
1726 2600 1837 2654 claustr.

141 2684 208 2738 licet
224 2683 261 2738 ab
279 2683 342 2740 aliis
360 2685 530 2755 discrepent,
553 2692 646 2741 tamen
665 2688 694 2740 in
712 2701 769 2741 uns
786 2685 894 2740 haeresi
912 2701 977 2740 con-
1003 2682 1085 2737 anim.
1109 2699 1134 2738 c.
1161 2689 1192 2738 a:
1227 2684 1293 2737 Pon
1316 2685 1379 2738 otio
1398 2686 1547 2739 aestimato
1562 2686 1670 2739 seilicet
1688 2686 1840 2754 impiorum

142 2771 273 2825 sentiunt
321 2768 366 2826 Dc
398 2770 569 2826 Antichristo
604 2771 778 2844 praedictum
813 2772 901 2842 Apoc.
937 2774 977 2839 ts,
1004 2775 1030 2820 et
1047 2769 1133 2838 lujsss
1149 2771 1261 2833 muudi,
1282 2769 1343 2825 olio
1361 2771 1494 2826 umulotu
1512 2772 1624 2825 diaboli
1642 2778 1668 2824 et
1685 2771 1837 2824 Μοναίσο-

140 2872 168 2912 s.
194 2861 236 2912 to:
265 2857 350 2909 Facit
372 2873 465 2910 omnes
487 2858 613 2926 pussillos
632 2866 659 2911 st
676 2874 805 2926 mopsos,
832 2859 933 2911 diuites
951 2865 977 2911 et
1001 2871 1074 2921 rum,
1092 2855 1313 2925 ols'oimporoto,
1331 2857 1438 2911 scilieet
1455 2875 1490 2910 ne
1503 2866 1645 2927 modus·
1658 2864 1758 2911 contro
1773 2857 1838 2910 hoo

137 2958 297 3012 pauperes,
323 2943 480 2996 libuerat
501 2959 596 2998 seruos
618 2943 718 2997 labem
739 2944 930 2997 characterem
948 2943 977 2996 in
1004 2940 1113 2994 reticos.
1151 2946 1175 2996 6.
1193 2941 1239 2998 Sic
1263 2959 1330 3015 ergo
1348 2942 1534 2998 contrahens
1552 2949 1646 2998 notam
1663 2946 1921 3013 arguments-Arsu-

144 3029 228 3082 doato
246 3045 331 3081 nronu
351 3046 419 3098 nso;
446 3029 475 3082 iu
502 3046 583 3100 quem
607 3030 698 3085 locum
717 3030 756 3084 sic
777 3035 978 3085 commentatur
1004 3040 1073 3082 mur·
1110 3025 1192 3090 Quod
1214 3045 1268 3082 non
1293 3028 1421 3083 convenit
1441 3045 1523 3084 verte
1539 3028 1673 3084 ccclesiae
1690 3027 1757 3095 toli,
1781 3043 1838 3082 110ss
1850 3000 1942 3090 iiiii·

142 3111 247 3169 Bibere
263 3112 385 3168 desulta:
405 3114 552 3183 Sipns'fieot
570 3117 715 3185 apostotus
732 3116 872 3181 inrim'tum
886 3115 977 3169 mutu·
1004 3116 1046 3166 est
1070 3113 1192 3183 genuina
1218 3119 1247 3169 et
1271 3114 1384 3184 propria
1406 3113 1481 3168 illins
1501 3121 1576 3169 uota.
1616 3112 1717 3170 Unitas
1738 3129 1789 3184 per
1808 3128 1838 3167 se
1850 3104 1944 3192 :aaron

141 3199 267 3252 tudinem
286 3215 387 3266 comm,
406 3201 456 3269 qui
471 3201 646 3255 Antichristo
662 3201 854 3255 adhaerebunt
866 3202 977 3272 (utique
1004 3199 1178 3254 considerata
1197 3199 1256 3254 siue
1273 3202 1423 3270 conjuncta
1439 3200 1557 3255 veritate
1572 3197 1637 3254 tidei
1654 3206 1682 3253 et
1695 3199 1836 3255 doctrinae

89 3332 94 3345 ,
141 3285 316 3340 concorditer
345 3293 373 3339 et
401 3285 536 3356 pacifice).
580 3286 659 3350 Quae
694 3287 787 3341 omnia
818 3289 976 3358 ostendunt,
1002 3302 1058 3340 non
1086 3286 1215 3342 convenit
1241 3302 1324 3342 verae
1350 3287 1484 3342 ecelesiae
1512 3286 1571 3340 soli.
1614 3285 1691 3357 Ergo
1714 3301 1770 3339 uon
1794 3289 1837 3339 est

141 3372 276 3426 unitatem
296 3386 352 3425 nou
372 3371 506 3442 quamvis,
525 3372 573 3428 sed
593 3374 728 3429 unitatem
749 3372 815 3429 fidei
832 3379 860 3429 et
876 3374 977 3428 doctri·
1002 3373 1124 3443 genuiua
1150 3380 1178 3428 et
1204 3372 1318 3443 propria
1340 3372 1413 3426 illius
1439 3377 1515 3428 nota.
1558 3371 1718 3426 Assumtum
1748 3375 1834 3441 patet,

139 3473 206 3526 uae,
233 3472 324 3527 neque
349 3456 476 3527 quamvis
504 3458 533 3511 in
553 3457 613 3514 'lide
637 3465 666 3514 et
690 3459 814 3514 doctriua
831 3459 975 3525 unitatem,
1002 3459 1069 3530 quis
1087 3457 1325 3523 Muhsmetismus,
1345 3457 1527 3526 Arianismus,
1545 3458 1707 3514 Judaismus
1726 3463 1755 3512 et
1772 3457 1836 3514 has-

73 3578 84 3605 ,
139 3543 190 3598 sed
210 3543 240 3598 in
264 3559 330 3597 vers
358 3541 511 3613 apostolica
539 3543 665 3599 doctrina
692 3550 721 3599 et
748 3561 813 3600 rere
839 3546 977 3601 catholica
1001 3560 1075 3599 reses
1096 3560 1188 3599 omnes
1205 3544 1345 3616 quandam
1364 3545 1497 3599 unitatem
1514 3544 1651 3612 obtinent,
1680 3544 1786 3615 absque
1802 3558 1837 3599 sa

140 3627 197 3685 fide
221 3628 356 3684 unitatem
382 3645 441 3684 esse
464 3629 596 3685 ecclesiae
619 3638 721 3686 notam.
763 3638 787 3688 5.
808 3631 871 3697 Quo
892 3633 976 3702 perti·
1002 3646 1123 3700 namque
1143 3645 1198 3684 uon
1222 3629 1421 3685 constituerent
1444 3646 1531 3684 unum
1556 3646 1670 3699 corpus,
1692 3629 1836 3685 ecclesiam

141 3719 209 3771 nent
223 3715 299 3770 dicta
315 3721 447 3784 veterum,
465 3714 494 3769 in
513 3716 614 3787 quibus
632 3717 766 3771 unitatem
782 3733 814 3772 ex
828 3717 893 3772 iidei
906 3717 975 3772 veri·
1001 3730 1100 3784 ausm3
1117 3717 1175 3785 Jsm
1191 3731 1256 3770 reso
1274 3713 1406 3769 haeretici
1421 3714 1449 3768 in
1466 3730 1521 3768 una
1539 3714 1647 3770 haeresi
1665 3715 1836 3771 consentien-

141 3807 199 3856 tste
211 3801 410 3857 aestimandam
424 3802 604 3858 essedoccnt.
632 3803 788 3873 Cyprianus
802 3803 850 3860 lib.
863 3803 973 3857 denuit.
1001 3808 1044 3857 tes
1068 3801 1241 3857 constituunt
1262 3817 1347 3855 unum
1365 3817 1465 3871 corpus
1484 3808 1569 3871 atque
1587 3801 1732 3856 ecclesiam
1752 3816 1836 3856 uuam
1848 3807 1931 3852 ¹114

140 3887 275 3943 ecclesiae
288 3888 431 3941 molosiam
444 3887 512 3942 dicit
524 3905 582 3942 esse
595 3906 687 3954 anon,
701 3890 772 3941 sterit
786 3898 825 3943 est
837 3908 921 3943 uniam
931 3907 974 3944 so
991 3888 1067 3943 licet
1097 3887 1197 3942 falsam
1228 3893 1257 3942 et
1280 3886 1455 3945 haereticam.
1500 3887 1676 3960 Augustinus
1696 3904 1776 3943 serm.
1801 3888 1836 3944 de

140 3973 178 4025 lis
190 3973 289 4037 lumen,
304 3975 357 4027 etsi
369 3973 525 4027 multisunt
535 3975 632 4042 radim
650 3990 708 4027 seno
721 3976 814 4035 orbor,
831 3977 977 4029 staimults'
997 3976 1099 4046 jejun:
1131 3974 1246 4042 Pupans‘
1267 3975 1388 4029 colentes
1412 3975 1512 4028 meritos
1531 3978 1598 4027 deos
1618 3975 1756 4038 diversos,
1780 3974 1836 4027 imo

139 4060 230 4126 romi,
249 4077 321 4113 unus
335 4061 414 4123 fons,
430 4059 482 4112 etsi
491 4060 575 4113 mulli
584 4061 685 4128 russii,
699 4061 766 4128 quio
776 4061 870 4113 unitos
882 4077 974 4115 saroa·
1001 4062 1144 4131 ttstpontes
1161 4068 1245 4129 osque
1262 4060 1336 4114 inter
1352 4075 1381 4114 ss
1399 4059 1496 4112 hostili
1511 4060 1578 4111 odio
1596 4061 1781 4124 ardescentss,
1799 4067 1836 4113 te·

141 4153 187 4198 tur
198 4146 228 4198 in
242 4147 363 4214 criptae,
383 4146 431 4202 nbi
445 4162 495 4217 per
507 4147 641 4219 originem
653 4146 784 4219 iutelligit
796 4147 936 4201 Christum
949 4153 976 4203 et
1002 4156 1068 4201 nent
1087 4155 1181 4202 tomen
1200 4148 1231 4200 in
1249 4147 1285 4200 iis
1302 4147 1519 4216 qualemcunque
1536 4146 1682 4212 unitatem,
1706 4162 1769 4199 cum
1782 4162 1836 4214 pa·

140 4230 244 4287 Christi
254 4233 414 4287 doctrinam.
435 4233 581 4304 “Pagani
596 4233 760 4304 objecerunt
770 4233 973 4289 olimOhristis-
1002 4237 1072 4289 riter
1098 4241 1162 4288 sont
1187 4235 1229 4287 od
1250 4249 1344 4288 eorum
1368 4234 1486 4302 templa,
1510 4232 1568 4286 diis
1593 4233 1664 4301 ipsu
1680 4233 1764 4286 iratis
1780 4233 1838 4302 ipsi

138 4318 192 4382 nis,
205 4335 262 4372 non
276 4319 542 4389 oipsrsiuteripsos
553 4321 776 4383 fidoiunitotcm.
800 4319 975 4391 Augustinus
1002 4323 1155 4375 concordes
1181 4328 1253 4374 sum¹
1291 4319 1354 4375 Joh.
1376 4318 1465 4374 Ferus
1491 4320 1520 4373 in
1543 4323 1615 4390 post.
1643 4335 1723 4374 serm.
1750 4325 1774 4374 3.
1801 4319 1836 4374 de

140 4403 203 4462 libr.
226 4404 261 4460 de
284 4406 382 4461 ovibus
403 4423 425 4461 c.
448 4412 493 4461 ts:
520 4407 584 4459 Hoc
608 4406 699 4460 solum
725 4406 786 4458 illis
810 4405 975 4472 (maledicis)
1002 4422 1091 4462 coen:
1109 4405 1146 4459 In
1166 4408 1291 4460 omnibus
1303 4406 1429 4474 pentibus
1441 4405 1537 4474 major
1547 4413 1588 4457 est
1599 4421 1672 4458 nunc
1683 4407 1836 4459 concordio

140 4492 291 4560 remansit,
309 4493 387 4561 quod
404 4499 504 4545 contra
521 4510 573 4546 nos
592 4493 707 4546 dicunt:
730 4491 824 4555 Quare
844 4493 916 4548 inter
928 4510 977 4547 uos
1002 4510 1084 4564 quom
1109 4494 1183 4546 inter
1209 4511 1259 4547 nos
1285 4491 1468 4547 Christianos.
1512 4499 1535 4547 7.
1556 4490 1726 4546 Addcndum
1751 4491 1835 4547 etiam

140 4595 196 4631 non
213 4579 396 4632 consentitis!
427 4577 552 4632 Gentiles
565 4580 677 4649 poponi
683 4620 689 4643 ,
710 4579 759 4648 qui
774 4587 975 4643 remanserunt,
1000 4580 1085 4642 illud,
1109 4578 1184 4651 quod
1207 4578 1300 4634 unitis
1322 4577 1389 4633 fidei
1413 4583 1441 4633 et
1462 4577 1604 4633 doctrinae
1623 4577 1651 4630 in
1672 4575 1790 4633 ecclesia
1806 4577 1834 4631 in
1926 4570 1927 4573 '

139 4681 195 4718 non
223 4664 353 4717 tabentes
380 4664 457 4734 quod
485 4665 581 4718 dicant
606 4667 706 4718 contro
734 4665 841 4720 Christi
869 4682 975 4733 nomen,
1000 4666 1054 4720 hac
1077 4664 1136 4720 vita
1155 4681 1210 4719 non
1229 4665 1265 4719 sit
1282 4665 1406 4736 perfecta
1426 4670 1454 4719 et
1470 4664 1592 4718 numeris
1610 4663 1739 4718 omnibus
1757 4665 1835 4719 obsu-

139 4750 342 4804 durensionem
377 4750 603 4803 Christianorum
633 4750 803 4804 Christianis
833 4751 975 4819 objiciunt.
1000 4753 1067 4820 luta,
1088 4751 1256 4822 quandoque
1275 4751 1347 4805 enim
1366 4751 1537 4805 interseras
1558 4750 1692 4805 ecclesiae
1711 4750 1835 4805 membra

137 4834 266 4891 clemens
278 4835 413 4890 Alexand.
432 4835 480 4890 lib.
500 4842 522 4891 7.
539 4834 682 4892 stromat:
704 4837 832 4890 Primum
844 4853 910 4906 erpo
925 4837 976 4891 hoo
999 4838 1126 4893 incidunt
1147 4837 1355 4904 coutroversiae,
1374 4836 1476 4907 quibus
1490 4841 1587 4891 sancta
1599 4837 1648 4891 illa
1660 4836 1751 4891 unitas
1765 4837 1835 4892 scin·

137 4924 273 4977 aduersus
295 4940 346 4976 nos
365 4923 512 4977 adducunt
533 4924 672 4989 dieentes,
696 4941 753 4977 non
772 4931 901 4994 oportere
918 4940 975 4977 cre·
1001 4924 1083 4977 ditur.
1122 4921 1356 4993 Distinguendum
1381 4921 1466 4993 igitur
1483 4922 1555 4976 iuter
1573 4922 1707 4975 unitatem
1725 4923 1835 4976 absolu·

137 5011 206 5063 ders
226 5016 347 5081 propter
373 5010 574 5063 dissensionem
598 5011 761 5064 inermium.
799 5010 975 5064 Recordatur
1000 5019 1066 5074 tom,
1087 5009 1238 5080 perlectam
1257 5017 1285 5063 et
1303 5007 1481 5063 dissensionis
1500 5009 1589 5063 omnis
1603 5017 1751 5078 expertem,
1764 5026 1836 5080 quae
1900 5017 1907 5028 '

137 5094 209 5149 enim
234 5112 268 5149 oc
292 5096 425 5166 differtur
449 5097 568 5164 emitas,
597 5098 662 5149 dorm
688 5096 745 5150 olii
762 5096 822 5150 alia
841 5099 974 5167 dopmota
1000 5097 1029 5152 in
1052 5095 1170 5152 ecclesia
1192 5094 1380 5164 triumphante
1404 5095 1515 5148 demum
1540 5093 1656 5149 habebit
1680 5094 1785 5165 locum,
1808 5104 1837 5152 et

137 5181 316 5238 constituunt.
356 5181 407 5234 Ad
429 5198 498 5250 quos
523 5183 658 5249 dicimus,
682 5184 760 5250 quod
780 5189 806 5234 et
830 5185 909 5250 opud
927 5199 975 5236 uos
1000 5183 1072 5237 iuter
1088 5181 1223 5236 unitatem
1241 5180 1496 5244 fundamentalem,
1517 5195 1589 5250 quac
1610 5180 1637 5234 in
1657 5183 1836 5239 contunsione

136 5267 266 5320 Judoeos
291 5273 316 5320 et
339 5269 419 5336 opud
442 5284 503 5334 eos,
526 5268 577 5336 pisi
602 5268 674 5320 inter
700 5266 827 5321 Groeom
844 5268 927 5330 fuere
945 5269 975 5321 in
1000 5267 1193 5339 principalium
1211 5266 1389 5321 articulorum
1409 5265 1542 5332 consistit,
1560 5265 1626 5320 licet
1642 5267 1679 5322 de
1697 5268 1836 5324 nonnullis

135 5352 258 5406 maimo
284 5352 487 5415 existimatione
508 5351 708 5422 philosophos,
730 5354 818 5419 ficere
829 5353 974 5423 plurimae
999 5353 1065 5409 fidei
1091 5352 1230 5424 capitibus
1254 5353 1344 5406 minus
1362 5350 1575 5422 principalibus,
1597 5353 1641 5407 vel
1664 5353 1698 5408 de
1716 5370 1834 5412 ceremo-

134 5438 265 5491 lsosreses
290 5439 381 5493 sur*
425 5438 494 5494 Cum
522 5437 676 5493 Auxentius
704 5436 824 5492 Asianus
853 5438 888 5494 de
913 5440 972 5493 uui·
1001 5440 1054 5494 niis
1073 5438 1240 5510 adiaphoris,
1259 5437 1304 5493 vel
1323 5438 1405 5493 etiam
1422 5435 1457 5492 de
1474 5437 1699 5508 interpretatione
1714 5458 1834 5513 quorun·

134 5529 195 5579 tste
219 5523 386 5580 Asianorum
410 5525 589 5595 gloriaretur,
616 5524 767 5595 respondet
788 5523 830 5578 illi
848 5505 1065 5580 Hilariusldam
1085 5523 1246 5596 Scripturas
1268 5524 1391 5578 locorum
1416 5525 1621 5581 mntrorersiae
1639 5522 1777 5596 incidant,
1801 5542 1834 5583 ac
1912 5548 1916 5559 ¹
