<?xml version="1.0" encoding="UTF-8"?>
<!DOCTYPE html PUBLIC "-//W3C//DTD XHTML 1.0 Transitional//EN"
    "http://www.w3.org/TR/xhtml1/DTD/xhtml1-transitional.dtd">
<html xmlns="http://www.w3.org/1999/xhtml" xml:lang="en" lang="en">
 <head>
  <title>
</title>
<meta http-equiv="Content-Type" content="text/html;charset=utf-8" />
  <meta name='ocr-system' content='tesseract 3.04.00' />
  <meta name='ocr-capabilities' content='ocr_page ocr_carea ocr_par ocr_line ocrx_word'/>
</head>
<body>
  <div class='ocr_page' id='page_1' title='image "./locitheologicit03gerhgoog_0260.png"; bbox 0 0 4004 6022; ppageno 0'>
   <div class='ocr_carea' id='block_1_1' title="bbox 765 339 1782 412">
    <p class='ocr_par' dir='ltr' id='par_1_1' title="bbox 765 339 1782 412">
     <span class='ocr_line' id='line_1_1' title="bbox 765 339 1782 412; baseline 0.001 -16"><span class='ocrx_word' id='word_1_1' title='bbox 765 340 816 396; x_wconf 82' lang='lat' dir='ltr'>ns</span> <span class='ocrx_word' id='word_1_2' title='bbox 835 339 960 397; x_wconf 78' lang='lat' dir='ltr'>SAORA</span> <span class='ocrx_word' id='word_1_3' title='bbox 979 339 1113 399; x_wconf 79' lang='lat' dir='ltr'>COENA.</span> <span class='ocrx_word' id='word_1_4' title='bbox 1721 356 1782 412; x_wconf 78' lang='lat'>249</span> 
     </span>
    </p>
   </div>
   <div class='ocr_carea' id='block_1_2' title="bbox 10 494 1908 5646">
    <p class='ocr_par' dir='ltr' id='par_1_2' title="bbox 10 494 1908 5646">
     <span class='ocr_line' id='line_1_2' title="bbox 105 494 1787 571; baseline 0.005 -24"><span class='ocrx_word' id='word_1_5' title='bbox 105 510 161 548; x_wconf 86' lang='lat' dir='ltr'>nem</span> <span class='ocrx_word' id='word_1_6' title='bbox 180 494 366 548; x_wconf 70' lang='lat' dir='ltr'>eucharistiae</span> <span class='ocrx_word' id='word_1_7' title='bbox 383 512 556 566; x_wconf 82' lang='lat' dir='ltr'>neqssaquam</span> <span class='ocrx_word' id='word_1_8' title='bbox 574 496 605 550; x_wconf 91' lang='lat' dir='ltr'>in</span> <span class='ocrx_word' id='word_1_9' title='bbox 621 514 674 551; x_wconf 84' lang='grc' dir='ltr'>υευ</span> <span class='ocrx_word' id='word_1_10' title='bbox 691 497 792 551; x_wconf 77' lang='lat' dir='ltr'>bomem</span> <span class='ocrx_word' id='word_1_11' title='bbox 811 512 927 551; x_wconf 85' lang='lat' dir='ltr'>ceremo-</span> <span class='ocrx_word' id='word_1_12' title='bbox 956 495 989 551; x_wconf 91' lang='lat' dir='ltr'>N.</span> <span class='ocrx_word' id='word_1_13' title='bbox 1008 496 1040 552; x_wconf 88' lang='lat' dir='ltr'>T.</span> <span class='ocrx_word' id='word_1_14' title='bbox 1058 498 1181 566; x_wconf 83' lang='lat' dir='ltr'>altarum,</span> <span class='ocrx_word' id='word_1_15' title='bbox 1199 513 1279 552; x_wconf 88' lang='lat' dir='ltr'>sacra</span> <span class='ocrx_word' id='word_1_16' title='bbox 1298 497 1443 553; x_wconf 87' lang='lat' dir='ltr'>scilicetet</span> <span class='ocrx_word' id='word_1_17' title='bbox 1455 497 1576 553; x_wconf 90' lang='lat' dir='ltr'>solennis</span> <span class='ocrx_word' id='word_1_18' title='bbox 1587 499 1670 566; x_wconf 89' lang='lat' dir='ltr'>actio,</span> <span class='ocrx_word' id='word_1_19' title='bbox 1690 499 1718 553; x_wconf 91' lang='lat' dir='ltr'>in</span> <span class='ocrx_word' id='word_1_20' title='bbox 1730 516 1787 571; x_wconf 88' lang='lat' dir='ltr'>qus</span> 
     </span>
     <span class='ocr_line' id='line_1_3' title="bbox 105 580 1787 656; baseline 0.004 -22"><span class='ocrx_word' id='word_1_21' title='bbox 105 581 226 643; x_wconf 83' lang='lat' dir='ltr'>siarum,</span> <span class='ocrx_word' id='word_1_22' title='bbox 252 581 305 633; x_wconf 85' lang='lat' dir='ltr'>sed</span> <span class='ocrx_word' id='word_1_23' title='bbox 323 580 352 632; x_wconf 88' lang='lat' dir='ltr'>in</span> <span class='ocrx_word' id='word_1_24' title='bbox 369 598 437 635; x_wconf 84' lang='lat' dir='ltr'>aera</span> <span class='ocrx_word' id='word_1_25' title='bbox 450 581 624 651; x_wconf 85' lang='lat' dir='ltr'>poenitentia</span> <span class='ocrx_word' id='word_1_26' title='bbox 641 589 668 636; x_wconf 89' lang='lat' dir='ltr'>et</span> <span class='ocrx_word' id='word_1_27' title='bbox 684 585 742 647; x_wconf 71' lang='lat' dir='ltr'>fide</span> <span class='ocrx_word' id='word_1_28' title='bbox 760 585 844 652; x_wconf 84' lang='lat' dir='ltr'>inque</span> <span class='ocrx_word' id='word_1_29' title='bbox 863 583 929 636; x_wconf 87' lang='lat' dir='ltr'>dili·</span> <span class='ocrx_word' id='word_1_30' title='bbox 954 580 1078 637; x_wconf 83' lang='lat' dir='ltr'>Chriatus</span> <span class='ocrx_word' id='word_1_31' title='bbox 1104 583 1227 652; x_wconf 87' lang='lat' dir='ltr'>ejusdam</span> <span class='ocrx_word' id='word_1_32' title='bbox 1253 590 1350 638; x_wconf 84' lang='lat' dir='ltr'>auctor</span> <span class='ocrx_word' id='word_1_33' title='bbox 1374 583 1513 639; x_wconf 84' lang='lat' dir='ltr'>mediante</span> <span class='ocrx_word' id='word_1_34' title='bbox 1539 584 1688 640; x_wconf 89' lang='lat' dir='ltr'>benedicto</span> <span class='ocrx_word' id='word_1_35' title='bbox 1714 601 1787 656; x_wconf 86' lang='lat' dir='ltr'>pane</span> 
     </span>
     <span class='ocr_line' id='line_1_4' title="bbox 105 667 1786 739; baseline 0.004 -19"><span class='ocrx_word' id='word_1_36' title='bbox 105 667 178 736; x_wconf 80' lang='lat' dir='ltr'>penti</span> <span class='ocrx_word' id='word_1_37' title='bbox 207 667 397 720; x_wconf 81' lang='lat' dir='ltr'>obseruatione</span> <span class='ocrx_word' id='word_1_38' title='bbox 428 668 610 722; x_wconf 87' lang='lat' dir='ltr'>institutionis</span> <span class='ocrx_word' id='word_1_39' title='bbox 636 669 747 723; x_wconf 83' lang='lat' dir='ltr'>diuinae</span> <span class='ocrx_word' id='word_1_40' title='bbox 774 670 929 724; x_wconf 69' lang='lat' dir='ltr'>conemtere.</span> <span class='ocrx_word' id='word_1_41' title='bbox 954 683 1054 738; x_wconf 89' lang='lat' dir='ltr'>corpus</span> <span class='ocrx_word' id='word_1_42' title='bbox 1078 686 1158 722; x_wconf 88' lang='lat' dir='ltr'>annm</span> <span class='ocrx_word' id='word_1_43' title='bbox 1175 686 1226 739; x_wconf 92' lang='lat' dir='ltr'>pro</span> <span class='ocrx_word' id='word_1_44' title='bbox 1243 669 1323 724; x_wconf 88' lang='lat' dir='ltr'>nobis</span> <span class='ocrx_word' id='word_1_45' title='bbox 1343 670 1372 722; x_wconf 90' lang='lat' dir='ltr'>in</span> <span class='ocrx_word' id='word_1_46' title='bbox 1389 675 1502 724; x_wconf 86' lang='lat' dir='ltr'>mortem</span> <span class='ocrx_word' id='word_1_47' title='bbox 1521 670 1654 725; x_wconf 89' lang='lat' dir='ltr'>traditum</span> <span class='ocrx_word' id='word_1_48' title='bbox 1671 672 1786 727; x_wconf 88' lang='lat' dir='ltr'>mandu-</span> 
     </span>
     <span class='ocr_line' id='line_1_5' title="bbox 104 752 1787 827; baseline 0.003 -20"><span class='ocrx_word' id='word_1_49' title='bbox 104 752 184 808; x_wconf 80' lang='lat' dir='ltr'>&#39;l&#39;ales</span> <span class='ocrx_word' id='word_1_50' title='bbox 206 752 377 808; x_wconf 68' lang='lat' dir='ltr'>ceremoniae</span> <span class='ocrx_word' id='word_1_51' title='bbox 402 765 467 810; x_wconf 89' lang='lat' dir='ltr'>aunt</span> <span class='ocrx_word' id='word_1_52' title='bbox 489 755 579 809; x_wconf 72' lang='lat' dir='ltr'>surda</span> <span class='ocrx_word' id='word_1_53' title='bbox 603 754 647 809; x_wconf 84' lang='lat' dir='ltr'>rel</span> <span class='ocrx_word' id='word_1_54' title='bbox 670 754 808 827; x_wconf 78' lang='lat' dir='ltr'>argenteis</span> <span class='ocrx_word' id='word_1_55' title='bbox 829 754 931 825; x_wconf 87' lang='lat' dir='ltr'>patinis</span> <span class='ocrx_word' id='word_1_56' title='bbox 954 754 1073 808; x_wconf 90' lang='lat' dir='ltr'>candum</span> <span class='ocrx_word' id='word_1_57' title='bbox 1089 759 1118 809; x_wconf 90' lang='lat' dir='ltr'>et</span> <span class='ocrx_word' id='word_1_58' title='bbox 1133 755 1271 810; x_wconf 79' lang='lat' dir='ltr'>mediante</span> <span class='ocrx_word' id='word_1_59' title='bbox 1289 754 1436 810; x_wconf 89' lang='lat' dir='ltr'>benedicto</span> <span class='ocrx_word' id='word_1_60' title='bbox 1453 755 1517 810; x_wconf 85' lang='lat' dir='ltr'>vino</span> <span class='ocrx_word' id='word_1_61' title='bbox 1529 757 1693 826; x_wconf 78' lang='lat' dir='ltr'>sangninem</span> <span class='ocrx_word' id='word_1_62' title='bbox 1705 775 1787 812; x_wconf 89' lang='lat' dir='ltr'>suum</span> 
     </span>
     <span class='ocr_line' id='line_1_6' title="bbox 104 837 1787 911; baseline 0.002 -16"><span class='ocrx_word' id='word_1_63' title='bbox 104 856 134 895; x_wconf 88' lang='lat' dir='ltr'>ac</span> <span class='ocrx_word' id='word_1_64' title='bbox 153 837 288 893; x_wconf 87' lang='lat' dir='ltr'>calicibus</span> <span class='ocrx_word' id='word_1_65' title='bbox 308 839 337 893; x_wconf 92' lang='lat' dir='ltr'>in</span> <span class='ocrx_word' id='word_1_66' title='bbox 356 838 593 895; x_wconf 73' lang='lat' dir='ltr'>administratione</span> <span class='ocrx_word' id='word_1_67' title='bbox 612 856 714 895; x_wconf 89' lang='lat' dir='ltr'>coense</span> <span class='ocrx_word' id='word_1_68' title='bbox 733 841 791 909; x_wconf 88' lang='lat' dir='ltr'>uti,</span> <span class='ocrx_word' id='word_1_69' title='bbox 808 856 930 894; x_wconf 84' lang='lat' dir='ltr'>mensam</span> <span class='ocrx_word' id='word_1_70' title='bbox 954 839 1144 911; x_wconf 88' lang='lat' dir='ltr'>propeccatis</span> <span class='ocrx_word' id='word_1_71' title='bbox 1165 841 1265 895; x_wconf 89' lang='lat' dir='ltr'>nostris</span> <span class='ocrx_word' id='word_1_72' title='bbox 1284 841 1312 894; x_wconf 93' lang='lat' dir='ltr'>in</span> <span class='ocrx_word' id='word_1_73' title='bbox 1331 856 1379 894; x_wconf 88' lang='lat' dir='ltr'>ara</span> <span class='ocrx_word' id='word_1_74' title='bbox 1396 841 1485 895; x_wconf 88' lang='lat' dir='ltr'>crucis</span> <span class='ocrx_word' id='word_1_75' title='bbox 1504 840 1623 895; x_wconf 82' lang='lat' dir='ltr'>effusum</span> <span class='ocrx_word' id='word_1_76' title='bbox 1635 842 1787 898; x_wconf 90' lang='lat' dir='ltr'>bibendum</span> 
     </span>
     <span class='ocr_line' id='line_1_7' title="bbox 104 923 1788 998; baseline 0.002 -18"><span class='ocrx_word' id='word_1_77' title='bbox 104 941 207 980; x_wconf 86' lang='lat' dir='ltr'>sacram</span> <span class='ocrx_word' id='word_1_78' title='bbox 233 924 344 994; x_wconf 75' lang='lat' dir='ltr'>tapetiis</span> <span class='ocrx_word' id='word_1_79' title='bbox 362 941 472 993; x_wconf 87' lang='lat' dir='ltr'>ornare,</span> <span class='ocrx_word' id='word_1_80' title='bbox 498 923 622 980; x_wconf 78' lang='lat' dir='ltr'>vesfibus</span> <span class='ocrx_word' id='word_1_81' title='bbox 641 925 826 995; x_wconf 72' lang='lat' dir='ltr'>peculiaribus</span> <span class='ocrx_word' id='word_1_82' title='bbox 845 925 931 994; x_wconf 90' lang='lat' dir='ltr'>indui,</span> <span class='ocrx_word' id='word_1_83' title='bbox 954 942 1006 996; x_wconf 87' lang='lat' dir='ltr'>per</span> <span class='ocrx_word' id='word_1_84' title='bbox 1022 925 1177 980; x_wconf 88' lang='lat' dir='ltr'>ministrum</span> <span class='ocrx_word' id='word_1_85' title='bbox 1197 924 1277 980; x_wconf 92' lang='lat' dir='ltr'>nobis</span> <span class='ocrx_word' id='word_1_86' title='bbox 1294 925 1418 993; x_wconf 84' lang='lat' dir='ltr'>exhibet,</span> <span class='ocrx_word' id='word_1_87' title='bbox 1444 927 1480 981; x_wconf 84' lang='lat' dir='ltr'>ed</span> <span class='ocrx_word' id='word_1_88' title='bbox 1499 927 1542 981; x_wconf 91' lang='lat' dir='ltr'>sni</span> <span class='ocrx_word' id='word_1_89' title='bbox 1561 927 1788 998; x_wconf 83' lang='lat' dir='ltr'>recordationem,</span> 
     </span>
     <span class='ocr_line' id='line_1_8' title="bbox 103 1009 1788 1084; baseline 0.003 -20"><span class='ocrx_word' id='word_1_90' title='bbox 103 1010 244 1082; x_wconf 86' lang='lat' dir='ltr'>lampades</span> <span class='ocrx_word' id='word_1_91' title='bbox 261 1016 290 1066; x_wconf 87' lang='lat' dir='ltr'>et</span> <span class='ocrx_word' id='word_1_92' title='bbox 309 1011 438 1065; x_wconf 87' lang='lat' dir='ltr'>candelae</span> <span class='ocrx_word' id='word_1_93' title='bbox 457 1010 616 1077; x_wconf 87' lang='lat' dir='ltr'>accendere,</span> <span class='ocrx_word' id='word_1_94' title='bbox 634 1011 740 1067; x_wconf 89' lang='lat' dir='ltr'>musica</span> <span class='ocrx_word' id='word_1_95' title='bbox 758 1010 932 1084; x_wconf 79' lang='lat' dir='ltr'>Gregoriana</span> <span class='ocrx_word' id='word_1_96' title='bbox 956 1016 988 1065; x_wconf 91' lang='lat' dir='ltr'>nt</span> <span class='ocrx_word' id='word_1_97' title='bbox 1006 1009 1058 1065; x_wconf 93' lang='lat' dir='ltr'>hoc</span> <span class='ocrx_word' id='word_1_98' title='bbox 1076 1011 1192 1082; x_wconf 82' lang='lat' dir='ltr'>pignore</span> <span class='ocrx_word' id='word_1_99' title='bbox 1203 1009 1272 1067; x_wconf 88' lang='lat' dir='ltr'>fides</span> <span class='ocrx_word' id='word_1_100' title='bbox 1285 1018 1379 1066; x_wconf 76' lang='lat' dir='ltr'>noema</span> <span class='ocrx_word' id='word_1_101' title='bbox 1392 1012 1427 1067; x_wconf 93' lang='lat' dir='ltr'>de</span> <span class='ocrx_word' id='word_1_102' title='bbox 1440 1013 1600 1067; x_wconf 75' lang='lat' dir='ltr'>remissione</span> <span class='ocrx_word' id='word_1_103' title='bbox 1612 1021 1788 1082; x_wconf 88' lang='lat' dir='ltr'>pcccatorum</span> 
     </span>
     <span class='ocr_line' id='line_1_9' title="bbox 104 1096 1789 1168; baseline 0.002 -16"><span class='ocrx_word' id='word_1_104' title='bbox 104 1103 130 1152; x_wconf 88' lang='lat' dir='ltr'>et</span> <span class='ocrx_word' id='word_1_105' title='bbox 158 1096 270 1168; x_wconf 82' lang='lat' dir='ltr'>organis</span> <span class='ocrx_word' id='word_1_106' title='bbox 294 1096 406 1151; x_wconf 85' lang='lat' dir='ltr'>musicis</span> <span class='ocrx_word' id='word_1_107' title='bbox 433 1097 490 1164; x_wconf 88' lang='lat' dir='ltr'>nti,</span> <span class='ocrx_word' id='word_1_108' title='bbox 518 1096 603 1151; x_wconf 82' lang='lat' dir='ltr'>verba</span> <span class='ocrx_word' id='word_1_109' title='bbox 627 1097 807 1152; x_wconf 88' lang='lat' dir='ltr'>institutionis</span> <span class='ocrx_word' id='word_1_110' title='bbox 832 1099 932 1153; x_wconf 86' lang='lat' dir='ltr'>decan-</span> <span class='ocrx_word' id='word_1_111' title='bbox 957 1096 1140 1165; x_wconf 87' lang='lat' dir='ltr'>confirmetur,</span> <span class='ocrx_word' id='word_1_112' title='bbox 1159 1111 1264 1167; x_wconf 91' lang='lat' dir='ltr'>nosque</span> <span class='ocrx_word' id='word_1_113' title='bbox 1282 1097 1311 1150; x_wconf 91' lang='lat' dir='ltr'>in</span> <span class='ocrx_word' id='word_1_114' title='bbox 1329 1097 1389 1167; x_wconf 90' lang='lat' dir='ltr'>ipsc</span> <span class='ocrx_word' id='word_1_115' title='bbox 1409 1104 1437 1153; x_wconf 92' lang='lat' dir='ltr'>et</span> <span class='ocrx_word' id='word_1_116' title='bbox 1455 1099 1515 1168; x_wconf 91' lang='lat' dir='ltr'>ipse</span> <span class='ocrx_word' id='word_1_117' title='bbox 1534 1099 1563 1152; x_wconf 94' lang='lat' dir='ltr'>in</span> <span class='ocrx_word' id='word_1_118' title='bbox 1580 1098 1660 1153; x_wconf 90' lang='lat' dir='ltr'>nobis</span> <span class='ocrx_word' id='word_1_119' title='bbox 1678 1107 1789 1156; x_wconf 87' lang='lat' dir='ltr'>maneat</span> 
     </span>
     <span class='ocr_line' id='line_1_10' title="bbox 105 1172 1790 1259; baseline 0.002 -21"><span class='ocrx_word' id='word_1_120' title='bbox 105 1189 163 1238; x_wconf 89' lang='lat' dir='ltr'>tsre</span> <span class='ocrx_word' id='word_1_121' title='bbox 180 1189 232 1238; x_wconf 85' lang='lat' dir='ltr'>eta.</span> <span class='ocrx_word' id='word_1_122' title='bbox 252 1181 344 1238; x_wconf 81' lang='lat' dir='ltr'>Galat</span> <span class='ocrx_word' id='word_1_123' title='bbox 365 1191 390 1246; x_wconf 81' lang='lat'>5,</span> <span class='ocrx_word' id='word_1_124' title='bbox 409 1201 434 1236; x_wconf 83' lang='lat' dir='ltr'>v.</span> <span class='ocrx_word' id='word_1_125' title='bbox 450 1190 477 1239; x_wconf 89' lang='lat'>1:</span> <span class='ocrx_word' id='word_1_126' title='bbox 498 1183 576 1237; x_wconf 82' lang='lat' dir='ltr'>State</span> <span class='ocrx_word' id='word_1_127' title='bbox 596 1184 627 1237; x_wconf 88' lang='lat' dir='ltr'>in</span> <span class='ocrx_word' id='word_1_128' title='bbox 646 1183 781 1252; x_wconf 77' lang='lat' dir='ltr'>libematc,</span> <span class='ocrx_word' id='word_1_129' title='bbox 797 1186 839 1238; x_wconf 85' lang='lat' dir='ltr'>ad</span> <span class='ocrx_word' id='word_1_130' title='bbox 850 1202 933 1254; x_wconf 83' lang='lat' dir='ltr'>quam</span> <span class='ocrx_word' id='word_1_131' title='bbox 944 1172 947 1259; x_wconf 62' lang='grc' dir='ltr'><strong>ἱ</strong></span> <span class='ocrx_word' id='word_1_132' title='bbox 958 1182 995 1236; x_wconf 92' lang='lat' dir='ltr'>ad</span> <span class='ocrx_word' id='word_1_133' title='bbox 1013 1182 1096 1237; x_wconf 81' lang='lat' dir='ltr'>vitam</span> <span class='ocrx_word' id='word_1_134' title='bbox 1116 1188 1265 1238; x_wconf 76' lang='lat' dir='ltr'>aeternam.</span> <span class='ocrx_word' id='word_1_135' title='bbox 1294 1182 1336 1236; x_wconf 85' lang='lat' dir='ltr'>Ex</span> <span class='ocrx_word' id='word_1_136' title='bbox 1353 1183 1445 1239; x_wconf 87' lang='lat' dir='ltr'>verbis</span> <span class='ocrx_word' id='word_1_137' title='bbox 1457 1184 1636 1239; x_wconf 89' lang='lat' dir='ltr'>institutionis</span> <span class='ocrx_word' id='word_1_138' title='bbox 1649 1186 1790 1257; x_wconf 80' lang='lat' dir='ltr'>colligitur</span> 
     </span>
     <span class='ocr_line' id='line_1_11' title="bbox 106 1262 1789 1341; baseline 0.003 -19"><span class='ocrx_word' id='word_1_139' title='bbox 106 1268 231 1322; x_wconf 68' lang='lat' dir='ltr'>Obnstus</span> <span class='ocrx_word' id='word_1_140' title='bbox 254 1288 302 1324; x_wconf 85' lang='lat' dir='ltr'>aas</span> <span class='ocrx_word' id='word_1_141' title='bbox 325 1269 439 1325; x_wconf 76' lang='lat' dir='ltr'>uocauit.</span> <span class='ocrx_word' id='word_1_142' title='bbox 475 1268 548 1325; x_wconf 90' lang='lat' dir='ltr'>Vide</span> <span class='ocrx_word' id='word_1_143' title='bbox 565 1268 719 1323; x_wconf 87' lang='lat' dir='ltr'>Lutharnm</span> <span class='ocrx_word' id='word_1_144' title='bbox 737 1274 843 1326; x_wconf 78' lang='lat' dir='ltr'>tamt.</span> <span class='ocrx_word' id='word_1_145' title='bbox 871 1262 1021 1325; x_wconf 82' lang='lat' dir='ltr'>len&#39;talia</span> <span class='ocrx_word' id='word_1_146' title='bbox 1040 1268 1170 1324; x_wconf 86' lang='lat' dir='ltr'>definitio.</span> <span class='ocrx_word' id='word_1_147' title='bbox 1199 1269 1284 1324; x_wconf 86' lang='lat' dir='ltr'>Sacra</span> <span class='ocrx_word' id='word_1_148' title='bbox 1299 1286 1386 1324; x_wconf 91' lang='lat' dir='ltr'>coena</span> <span class='ocrx_word' id='word_1_149' title='bbox 1399 1271 1574 1341; x_wconf 91' lang='lat' dir='ltr'>esteorporis</span> <span class='ocrx_word' id='word_1_150' title='bbox 1589 1269 1691 1326; x_wconf 83' lang='lat' dir='ltr'>Christi</span> <span class='ocrx_word' id='word_1_151' title='bbox 1704 1272 1789 1327; x_wconf 87' lang='lat' dir='ltr'>medi·</span> 
     </span>
     <span class='ocr_line' id='line_1_12' title="bbox 104 1298 1790 1429; baseline 0.001 -19"><span class='ocrx_word' id='word_1_152' title='bbox 104 1371 167 1426; x_wconf 77' lang='lat' dir='ltr'>pag.</span> <span class='ocrx_word' id='word_1_153' title='bbox 191 1360 232 1410; x_wconf 74' lang='grc'>26.</span> <span class='ocrx_word' id='word_1_154' title='bbox 267 1361 290 1410; x_wconf 80' lang='grc' dir='ltr'>ί.</span> <span class='ocrx_word' id='word_1_155' title='bbox 317 1356 499 1424; x_wconf 72' lang='lat' dir='ltr'>Quaecunque</span> <span class='ocrx_word' id='word_1_156' title='bbox 526 1356 695 1409; x_wconf 75' lang='lat' dir='ltr'>ceremoniae</span> <span class='ocrx_word' id='word_1_157' title='bbox 708 1373 813 1424; x_wconf 86' lang='lat' dir='ltr'>parum</span> <span class='ocrx_word' id='word_1_158' title='bbox 830 1357 875 1409; x_wconf 83' lang='lat' dir='ltr'>ael</span> <span class='ocrx_word' id='word_1_159' title='bbox 892 1357 934 1409; x_wconf 88' lang='lat' dir='ltr'>ni·</span> <span class='ocrx_word' id='word_1_160' title='bbox 945 1298 948 1427; x_wconf 73' lang='lat' dir='ltr'>i</span> <span class='ocrx_word' id='word_1_161' title='bbox 958 1361 1023 1410; x_wconf 89' lang='lat' dir='ltr'>ente</span> <span class='ocrx_word' id='word_1_162' title='bbox 1038 1355 1185 1410; x_wconf 86' lang='lat' dir='ltr'>benedicto</span> <span class='ocrx_word' id='word_1_163' title='bbox 1202 1371 1275 1426; x_wconf 87' lang='lat' dir='ltr'>pane</span> <span class='ocrx_word' id='word_1_164' title='bbox 1293 1356 1470 1411; x_wconf 87' lang='lat' dir='ltr'>manducatio</span> <span class='ocrx_word' id='word_1_165' title='bbox 1489 1363 1518 1411; x_wconf 92' lang='lat' dir='ltr'>et</span> <span class='ocrx_word' id='word_1_166' title='bbox 1534 1357 1675 1429; x_wconf 82' lang='lat' dir='ltr'>sanguinis</span> <span class='ocrx_word' id='word_1_167' title='bbox 1687 1356 1790 1412; x_wconf 79' lang='lat' dir='ltr'>Christi</span> 
     </span>
     <span class='ocr_line' id='line_1_13' title="bbox 27 1440 1790 1513; baseline 0.003 -21"><span class='ocrx_word' id='word_1_168' title='bbox 27 1446 45 1486; x_wconf 84' lang='lat'>1.</span> <span class='ocrx_word' id='word_1_169' title='bbox 56 1447 92 1490; x_wconf 79' lang='lat' dir='ltr'>tta</span> <span class='ocrx_word' id='word_1_170' title='bbox 104 1442 143 1495; x_wconf 77' lang='lat' dir='ltr'>td</span> <span class='ocrx_word' id='word_1_171' title='bbox 158 1442 278 1510; x_wconf 80' lang='lat' dir='ltr'>faciunt</span> <span class='ocrx_word' id='word_1_172' title='bbox 300 1444 341 1494; x_wconf 87' lang='lat' dir='ltr'>ad</span> <span class='ocrx_word' id='word_1_173' title='bbox 357 1440 595 1509; x_wconf 74' lang='lat' dir='ltr'>aeds&#39;yioationam,</span> <span class='ocrx_word' id='word_1_174' title='bbox 620 1449 720 1494; x_wconf 83' lang='grc' dir='ltr'><strong><em>οοτιίτα</em></strong></span> <span class='ocrx_word' id='word_1_175' title='bbox 739 1458 803 1494; x_wconf 85' lang='lat' dir='ltr'>uero</span> <span class='ocrx_word' id='word_1_176' title='bbox 821 1459 935 1495; x_wconf 88' lang='lat' dir='ltr'>sacrum</span> <span class='ocrx_word' id='word_1_177' title='bbox 959 1440 1099 1497; x_wconf 83' lang='lat' dir='ltr'>mediante</span> <span class='ocrx_word' id='word_1_178' title='bbox 1124 1440 1269 1496; x_wconf 86' lang='lat' dir='ltr'>benedicta</span> <span class='ocrx_word' id='word_1_179' title='bbox 1290 1441 1354 1496; x_wconf 80' lang='lat' dir='ltr'>vina</span> <span class='ocrx_word' id='word_1_180' title='bbox 1373 1441 1472 1497; x_wconf 89' lang='lat' dir='ltr'>bibitio</span> <span class='ocrx_word' id='word_1_181' title='bbox 1491 1442 1527 1496; x_wconf 87' lang='lat' dir='ltr'>ab</span> <span class='ocrx_word' id='word_1_182' title='bbox 1545 1443 1606 1513; x_wconf 92' lang='lat' dir='ltr'>ipso</span> <span class='ocrx_word' id='word_1_183' title='bbox 1625 1442 1734 1498; x_wconf 85' lang='lat' dir='ltr'>Christo</span> <span class='ocrx_word' id='word_1_184' title='bbox 1752 1443 1790 1498; x_wconf 88' lang='lat' dir='ltr'>ad</span> 
     </span>
     <span class='ocr_line' id='line_1_14' title="bbox 104 1524 1792 1599; baseline 0.001 -17"><span class='ocrx_word' id='word_1_185' title='bbox 104 1530 154 1582; x_wconf 80' lang='lat' dir='ltr'>loc</span> <span class='ocrx_word' id='word_1_186' title='bbox 181 1524 341 1597; x_wconf 71' lang='lat' dir='ltr'>mpsimium</span> <span class='ocrx_word' id='word_1_187' title='bbox 369 1528 400 1580; x_wconf 88' lang='lat' dir='ltr'>in</span> <span class='ocrx_word' id='word_1_188' title='bbox 426 1535 567 1581; x_wconf 76' lang='lat' dir='ltr'>aeternum</span> <span class='ocrx_word' id='word_1_189' title='bbox 584 1529 726 1596; x_wconf 77' lang='lat' dir='ltr'>prroddam</span> <span class='ocrx_word' id='word_1_190' title='bbox 744 1528 933 1596; x_wconf 76' lang='lat' dir='ltr'>spectaculum</span> <span class='ocrx_word' id='word_1_191' title='bbox 959 1527 1001 1581; x_wconf 88' lang='lat' dir='ltr'>aui</span> <span class='ocrx_word' id='word_1_192' title='bbox 1034 1526 1252 1582; x_wconf 83' lang='lat' dir='ltr'>recordationem</span> <span class='ocrx_word' id='word_1_193' title='bbox 1281 1527 1416 1581; x_wconf 82' lang='lat' dir='ltr'>instituta</span> <span class='ocrx_word' id='word_1_194' title='bbox 1463 1526 1533 1582; x_wconf 86' lang='lat' dir='ltr'>Cum</span> <span class='ocrx_word' id='word_1_195' title='bbox 1565 1545 1620 1599; x_wconf 88' lang='lat' dir='ltr'>qua</span> <span class='ocrx_word' id='word_1_196' title='bbox 1652 1531 1792 1584; x_wconf 91' lang='lat' dir='ltr'>consentit</span> 
     </span>
     <span class='ocr_line' id='line_1_15' title="bbox 103 1612 1792 1687; baseline 0.001 -18"><span class='ocrx_word' id='word_1_197' title='bbox 103 1616 325 1682; x_wconf 60' lang='lat' dir='ltr'>conformant,</span> <span class='ocrx_word' id='word_1_198' title='bbox 352 1614 450 1682; x_wconf 83' lang='lat' dir='ltr'>quibus</span> <span class='ocrx_word' id='word_1_199' title='bbox 476 1615 589 1684; x_wconf 87' lang='lat' dir='ltr'>insuper</span> <span class='ocrx_word' id='word_1_200' title='bbox 602 1632 674 1685; x_wconf 84' lang='lat' dir='ltr'>pars</span> <span class='ocrx_word' id='word_1_201' title='bbox 691 1614 782 1668; x_wconf 74' lang='lat' dir='ltr'>mitiss</span> <span class='ocrx_word' id='word_1_202' title='bbox 800 1615 891 1668; x_wconf 84' lang='lat' dir='ltr'>divini</span> <span class='ocrx_word' id='word_1_203' title='bbox 907 1623 934 1668; x_wconf 88' lang='lat' dir='ltr'>ct</span> <span class='ocrx_word' id='word_1_204' title='bbox 958 1613 1129 1669; x_wconf 87' lang='lat' dir='ltr'>catechetica</span> <span class='ocrx_word' id='word_1_205' title='bbox 1146 1612 1182 1667; x_wconf 92' lang='lat' dir='ltr'>D.</span> <span class='ocrx_word' id='word_1_206' title='bbox 1200 1612 1315 1668; x_wconf 88' lang='lat' dir='ltr'>Lutheri</span> <span class='ocrx_word' id='word_1_207' title='bbox 1333 1612 1464 1681; x_wconf 88' lang='lat' dir='ltr'>definitio,</span> <span class='ocrx_word' id='word_1_208' title='bbox 1482 1614 1510 1668; x_wconf 92' lang='lat' dir='ltr'>in</span> <span class='ocrx_word' id='word_1_209' title='bbox 1532 1633 1587 1686; x_wconf 93' lang='lat' dir='ltr'>qna</span> <span class='ocrx_word' id='word_1_210' title='bbox 1603 1616 1712 1687; x_wconf 80' lang='lat' dir='ltr'>generis</span> <span class='ocrx_word' id='word_1_211' title='bbox 1729 1616 1792 1671; x_wconf 90' lang='lat' dir='ltr'>loco</span> 
     </span>
     <span class='ocr_line' id='line_1_16' title="bbox 10 1699 1792 1773; baseline 0.001 -17"><span class='ocrx_word' id='word_1_212' title='bbox 10 1700 11 1708; x_wconf 72' lang='grc'>’</span> <span class='ocrx_word' id='word_1_213' title='bbox 99 1701 258 1773; x_wconf 78' lang='lat' dir='ltr'>peculiaria</span> <span class='ocrx_word' id='word_1_214' title='bbox 272 1702 410 1769; x_wconf 82' lang='lat' dir='ltr'>quaedam</span> <span class='ocrx_word' id='word_1_215' title='bbox 422 1701 554 1764; x_wconf 70' lang='lat' dir='ltr'>efficacia</span> <span class='ocrx_word' id='word_1_216' title='bbox 566 1700 639 1753; x_wconf 84' lang='lat' dir='ltr'>citra</span> <span class='ocrx_word' id='word_1_217' title='bbox 654 1702 711 1754; x_wconf 89' lang='lat' dir='ltr'>Dei</span> <span class='ocrx_word' id='word_1_218' title='bbox 721 1701 831 1754; x_wconf 83' lang='lat' dir='ltr'>uerbum</span> <span class='ocrx_word' id='word_1_219' title='bbox 842 1709 934 1754; x_wconf 82' lang='lat' dir='ltr'>trane·</span> <span class='ocrx_word' id='word_1_220' title='bbox 959 1700 1005 1768; x_wconf 92' lang='lat' dir='ltr'>(D.</span> <span class='ocrx_word' id='word_1_221' title='bbox 1023 1699 1126 1771; x_wconf 83' lang='lat' dir='ltr'>Ignatii</span> <span class='ocrx_word' id='word_1_222' title='bbox 1152 1699 1291 1771; x_wconf 85' lang='lat' dir='ltr'>exemplo,</span> <span class='ocrx_word' id='word_1_223' title='bbox 1317 1699 1352 1754; x_wconf 92' lang='lat' dir='ltr'>de</span> <span class='ocrx_word' id='word_1_224' title='bbox 1376 1716 1431 1770; x_wconf 90' lang='lat' dir='ltr'>quo</span> <span class='ocrx_word' id='word_1_225' title='bbox 1453 1699 1644 1756; x_wconf 82' lang='lat' dir='ltr'>Theodoretus</span> <span class='ocrx_word' id='word_1_226' title='bbox 1667 1701 1730 1757; x_wconf 86' lang='lat' dir='ltr'>dial.</span> <span class='ocrx_word' id='word_1_227' title='bbox 1752 1703 1792 1770; x_wconf 83' lang='lat'>3.)</span> 
     </span>
     <span class='ocr_line' id='line_1_17' title="bbox 104 1785 1794 1857; baseline 0.001 -15"><span class='ocrx_word' id='word_1_228' title='bbox 104 1789 241 1856; x_wconf 71' lang='lat' dir='ltr'>scribitur,</span> <span class='ocrx_word' id='word_1_229' title='bbox 259 1803 309 1840; x_wconf 87' lang='lat' dir='ltr'>eae</span> <span class='ocrx_word' id='word_1_230' title='bbox 324 1803 497 1856; x_wconf 88' lang='lat' dir='ltr'>praepreesa</span> <span class='ocrx_word' id='word_1_231' title='bbox 515 1786 646 1856; x_wconf 83' lang='lat' dir='ltr'>dilipenti</span> <span class='ocrx_word' id='word_1_232' title='bbox 663 1788 825 1840; x_wconf 83' lang='lat' dir='ltr'>auditorum</span> <span class='ocrx_word' id='word_1_233' title='bbox 843 1789 933 1850; x_wconf 78' lang='lat' dir='ltr'>infor·</span> <span class='ocrx_word' id='word_1_234' title='bbox 957 1786 1069 1857; x_wconf 89' lang='lat' dir='ltr'>ponitur</span> <span class='ocrx_word' id='word_1_235' title='bbox 1090 1803 1192 1856; x_wconf 83' lang='lat' dir='ltr'>corpus</span> <span class='ocrx_word' id='word_1_236' title='bbox 1213 1794 1240 1840; x_wconf 88' lang='lat' dir='ltr'>et</span> <span class='ocrx_word' id='word_1_237' title='bbox 1263 1787 1379 1853; x_wconf 85' lang='lat' dir='ltr'>sampuis</span> <span class='ocrx_word' id='word_1_238' title='bbox 1408 1785 1515 1840; x_wconf 76' lang='lat' dir='ltr'>Christi</span> <span class='ocrx_word' id='word_1_239' title='bbox 1539 1803 1595 1840; x_wconf 88' lang='lat' dir='ltr'>non</span> <span class='ocrx_word' id='word_1_240' title='bbox 1619 1787 1746 1842; x_wconf 88' lang='lat' dir='ltr'>absolute</span> <span class='ocrx_word' id='word_1_241' title='bbox 1764 1792 1794 1844; x_wconf 88' lang='lat' dir='ltr'>et</span> 
     </span>
     <span class='ocr_line' id='line_1_18' title="bbox 103 1872 1791 1944; baseline 0.001 -16"><span class='ocrx_word' id='word_1_242' title='bbox 103 1874 225 1928; x_wconf 85' lang='lat' dir='ltr'>mationa</span> <span class='ocrx_word' id='word_1_243' title='bbox 243 1874 384 1926; x_wconf 83' lang='lat' dir='ltr'>commode</span> <span class='ocrx_word' id='word_1_244' title='bbox 403 1873 539 1938; x_wconf 82' lang='lat' dir='ltr'>abropari</span> <span class='ocrx_word' id='word_1_245' title='bbox 553 1880 679 1941; x_wconf 86' lang='lat' dir='ltr'>possunt.</span> <span class='ocrx_word' id='word_1_246' title='bbox 713 1872 796 1928; x_wconf 85' lang='lat' dir='ltr'>Tales</span> <span class='ocrx_word' id='word_1_247' title='bbox 812 1887 932 1928; x_wconf 73' lang='lat' dir='ltr'>ememo-</span> <span class='ocrx_word' id='word_1_248' title='bbox 957 1872 1127 1944; x_wconf 90' lang='lat' dir='ltr'>simpliciter,</span> <span class='ocrx_word' id='word_1_249' title='bbox 1149 1873 1198 1928; x_wconf 90' lang='lat' dir='ltr'>sed</span> <span class='ocrx_word' id='word_1_250' title='bbox 1215 1879 1353 1943; x_wconf 89' lang='lat' dir='ltr'>quatenus</span> <span class='ocrx_word' id='word_1_251' title='bbox 1371 1872 1600 1927; x_wconf 84' lang='lat' dir='ltr'>manducaturus</span> <span class='ocrx_word' id='word_1_252' title='bbox 1613 1873 1725 1934; x_wconf 86' lang='lat' dir='ltr'>bibitur.</span> <span class='ocrx_word' id='word_1_253' title='bbox 1737 1875 1791 1930; x_wconf 89' lang='lat' dir='ltr'>hac</span> 
     </span>
     <span class='ocr_line' id='line_1_19' title="bbox 104 1957 1791 2030; baseline 0.001 -16"><span class='ocrx_word' id='word_1_254' title='bbox 104 1961 167 2014; x_wconf 86' lang='lat' dir='ltr'>niae</span> <span class='ocrx_word' id='word_1_255' title='bbox 190 1964 254 2013; x_wconf 90' lang='lat' dir='ltr'>sunt</span> <span class='ocrx_word' id='word_1_256' title='bbox 277 1959 370 2013; x_wconf 89' lang='lat' dir='ltr'>casula</span> <span class='ocrx_word' id='word_1_257' title='bbox 393 1958 543 2013; x_wconf 89' lang='lat' dir='ltr'>sacerdotia</span> <span class='ocrx_word' id='word_1_258' title='bbox 560 1957 669 2013; x_wconf 87' lang='lat' dir='ltr'>elevata</span> <span class='ocrx_word' id='word_1_259' title='bbox 685 1957 870 2014; x_wconf 88' lang='lat' dir='ltr'>tintinnabulo</span> <span class='ocrx_word' id='word_1_260' title='bbox 889 1976 931 2013; x_wconf 92' lang='lat' dir='ltr'>so·</span> <span class='ocrx_word' id='word_1_261' title='bbox 957 1964 1000 2014; x_wconf 90' lang='lat' dir='ltr'>est</span> <span class='ocrx_word' id='word_1_262' title='bbox 1027 1959 1089 2030; x_wconf 90' lang='lat' dir='ltr'>ipsa</span> <span class='ocrx_word' id='word_1_263' title='bbox 1118 1958 1239 2028; x_wconf 86' lang='lat' dir='ltr'>corporis</span> <span class='ocrx_word' id='word_1_264' title='bbox 1263 1958 1440 2013; x_wconf 89' lang='lat' dir='ltr'>manducatio</span> <span class='ocrx_word' id='word_1_265' title='bbox 1465 1966 1494 2014; x_wconf 91' lang='lat' dir='ltr'>et</span> <span class='ocrx_word' id='word_1_266' title='bbox 1518 1959 1659 2030; x_wconf 79' lang='lat' dir='ltr'>sangoinis</span> <span class='ocrx_word' id='word_1_267' title='bbox 1683 1960 1791 2015; x_wconf 89' lang='lat' dir='ltr'>bibitio.</span> 
     </span>
     <span class='ocr_line' id='line_1_20' title="bbox 104 2043 1792 2115; baseline 0.001 -16"><span class='ocrx_word' id='word_1_268' title='bbox 104 2062 168 2099; x_wconf 91' lang='lat' dir='ltr'>num</span> <span class='ocrx_word' id='word_1_269' title='bbox 188 2045 281 2113; x_wconf 87' lang='lat' dir='ltr'>edere,</span> <span class='ocrx_word' id='word_1_270' title='bbox 301 2045 366 2115; x_wconf 90' lang='lat' dir='ltr'>pani</span> <span class='ocrx_word' id='word_1_271' title='bbox 385 2043 521 2112; x_wconf 87' lang='lat' dir='ltr'>inhalare,</span> <span class='ocrx_word' id='word_1_272' title='bbox 538 2043 634 2114; x_wconf 76' lang='lat' dir='ltr'>lingua</span> <span class='ocrx_word' id='word_1_273' title='bbox 650 2044 747 2114; x_wconf 77' lang='lat' dir='ltr'>ignota</span> <span class='ocrx_word' id='word_1_274' title='bbox 764 2060 931 2109; x_wconf 86' lang='lat' dir='ltr'>consecrare,</span> <span class='ocrx_word' id='word_1_275' title='bbox 957 2046 1226 2101; x_wconf 66' lang='lat' dir='ltr'>illieclrermannus</span> <span class='ocrx_word' id='word_1_276' title='bbox 1250 2043 1279 2098; x_wconf 93' lang='lat' dir='ltr'>in</span> <span class='ocrx_word' id='word_1_277' title='bbox 1304 2050 1370 2114; x_wconf 88' lang='lat' dir='ltr'>syst.</span> <span class='ocrx_word' id='word_1_278' title='bbox 1397 2044 1479 2114; x_wconf 85' lang='lat' dir='ltr'>logie.</span> <span class='ocrx_word' id='word_1_279' title='bbox 1503 2045 1552 2102; x_wconf 91' lang='lat' dir='ltr'>lib.</span> <span class='ocrx_word' id='word_1_280' title='bbox 1574 2051 1595 2100; x_wconf 91' lang='lat'>1.</span> <span class='ocrx_word' id='word_1_281' title='bbox 1614 2050 1679 2101; x_wconf 82' lang='lat' dir='ltr'>sect</span> <span class='ocrx_word' id='word_1_282' title='bbox 1701 2052 1722 2102; x_wconf 90' lang='lat' dir='ltr'>l.</span> <span class='ocrx_word' id='word_1_283' title='bbox 1741 2045 1792 2101; x_wconf 87' lang='lat' dir='ltr'>fla·</span> 
     </span>
     <span class='ocr_line' id='line_1_21' title="bbox 104 2129 1792 2204; baseline 0.001 -18"><span class='ocrx_word' id='word_1_284' title='bbox 104 2130 188 2187; x_wconf 83' lang='lat' dir='ltr'>verba</span> <span class='ocrx_word' id='word_1_285' title='bbox 205 2130 307 2186; x_wconf 82' lang='lat' dir='ltr'>Christi</span> <span class='ocrx_word' id='word_1_286' title='bbox 330 2132 381 2184; x_wconf 85' lang='lat' dir='ltr'>loc</span> <span class='ocrx_word' id='word_1_287' title='bbox 401 2139 441 2184; x_wconf 87' lang='lat' dir='ltr'>est</span> <span class='ocrx_word' id='word_1_288' title='bbox 458 2147 559 2198; x_wconf 87' lang='lat' dir='ltr'>corpus</span> <span class='ocrx_word' id='word_1_289' title='bbox 575 2147 675 2196; x_wconf 78' lang='lat' dir='ltr'>maim,</span> <span class='ocrx_word' id='word_1_290' title='bbox 700 2130 745 2183; x_wconf 85' lang='lat' dir='ltr'>llic</span> <span class='ocrx_word' id='word_1_291' title='bbox 762 2138 802 2184; x_wconf 89' lang='lat' dir='ltr'>eet</span> <span class='ocrx_word' id='word_1_292' title='bbox 818 2131 933 2199; x_wconf 85' lang='lat' dir='ltr'>sanpuis</span> <span class='ocrx_word' id='word_1_293' title='bbox 957 2132 1044 2204; x_wconf 79' lang='lat' dir='ltr'>gellat</span> <span class='ocrx_word' id='word_1_294' title='bbox 1070 2130 1237 2194; x_wconf 65' lang='lat' dir='ltr'>Latiarum,</span> <span class='ocrx_word' id='word_1_295' title='bbox 1266 2130 1341 2201; x_wconf 89' lang='lat' dir='ltr'>qnod</span> <span class='ocrx_word' id='word_1_296' title='bbox 1368 2129 1397 2184; x_wconf 88' lang='lat' dir='ltr'>iu</span> <span class='ocrx_word' id='word_1_297' title='bbox 1426 2129 1585 2186; x_wconf 86' lang='lat' dir='ltr'>delinitione</span> <span class='ocrx_word' id='word_1_298' title='bbox 1609 2132 1792 2188; x_wconf 80' lang='lat' dir='ltr'>eucharistiae</span> 
     </span>
     <span class='ocr_line' id='line_1_22' title="bbox 104 2214 1791 2290; baseline 0 -18"><span class='ocrx_word' id='word_1_299' title='bbox 104 2236 180 2272; x_wconf 86' lang='lat' dir='ltr'>meus</span> <span class='ocrx_word' id='word_1_300' title='bbox 200 2217 283 2273; x_wconf 89' lang='lat' dir='ltr'>tacite</span> <span class='ocrx_word' id='word_1_301' title='bbox 302 2218 520 2282; x_wconf 89' lang='lat' dir='ltr'>demurmurare,</span> <span class='ocrx_word' id='word_1_302' title='bbox 543 2215 659 2271; x_wconf 85' lang='lat' dir='ltr'>brachia</span> <span class='ocrx_word' id='word_1_303' title='bbox 677 2214 816 2285; x_wconf 87' lang='lat' dir='ltr'>attollere,</span> <span class='ocrx_word' id='word_1_304' title='bbox 835 2217 932 2272; x_wconf 87' lang='lat' dir='ltr'>eedem</span> <span class='ocrx_word' id='word_1_305' title='bbox 957 2218 1065 2290; x_wconf 81' lang='lat' dir='ltr'>generis</span> <span class='ocrx_word' id='word_1_306' title='bbox 1088 2217 1149 2273; x_wconf 86' lang='lat' dir='ltr'>loco</span> <span class='ocrx_word' id='word_1_307' title='bbox 1175 2217 1298 2288; x_wconf 88' lang='lat' dir='ltr'>posuerit</span> <span class='ocrx_word' id='word_1_308' title='bbox 1319 2234 1421 2286; x_wconf 86' lang='lat' dir='ltr'>corpus</span> <span class='ocrx_word' id='word_1_309' title='bbox 1444 2225 1470 2270; x_wconf 90' lang='lat' dir='ltr'>et</span> <span class='ocrx_word' id='word_1_310' title='bbox 1491 2219 1655 2283; x_wconf 72' lang='lat' dir='ltr'>sanquinem</span> <span class='ocrx_word' id='word_1_311' title='bbox 1676 2217 1791 2272; x_wconf 74' lang='lat' dir='ltr'>Christi.</span> 
     </span>
     <span class='ocr_line' id='line_1_23' title="bbox 104 2301 1791 2374; baseline -0.001 -16"><span class='ocrx_word' id='word_1_312' title='bbox 104 2322 165 2359; x_wconf 89' lang='lat' dir='ltr'>mox</span> <span class='ocrx_word' id='word_1_313' title='bbox 189 2303 333 2359; x_wconf 89' lang='lat' dir='ltr'>demittere</span> <span class='ocrx_word' id='word_1_314' title='bbox 351 2310 402 2357; x_wconf 87' lang='lat' dir='ltr'>etc.</span> <span class='ocrx_word' id='word_1_315' title='bbox 441 2309 461 2359; x_wconf 88' lang='lat'>1.</span> <span class='ocrx_word' id='word_1_316' title='bbox 482 2302 543 2358; x_wconf 86' lang='lat' dir='ltr'>Cor.</span> <span class='ocrx_word' id='word_1_317' title='bbox 563 2308 609 2371; x_wconf 80' lang='lat'>14,</span> <span class='ocrx_word' id='word_1_318' title='bbox 629 2320 654 2355; x_wconf 86' lang='lat' dir='ltr'>v.</span> <span class='ocrx_word' id='word_1_319' title='bbox 673 2308 720 2357; x_wconf 83' lang='lat'>26:</span> <span class='ocrx_word' id='word_1_320' title='bbox 746 2303 847 2355; x_wconf 91' lang='lat' dir='ltr'>Omnia</span> <span class='ocrx_word' id='word_1_321' title='bbox 859 2305 933 2372; x_wconf 85' lang='lat' dir='ltr'>fiant</span> <span class='ocrx_word' id='word_1_322' title='bbox 957 2304 1180 2374; x_wconf 84' lang='lat' dir='ltr'>Respondemus:</span> <span class='ocrx_word' id='word_1_323' title='bbox 1198 2320 1286 2374; x_wconf 77' lang='lat' dir='ltr'>genus</span> <span class='ocrx_word' id='word_1_324' title='bbox 1307 2302 1336 2357; x_wconf 93' lang='lat' dir='ltr'>in</span> <span class='ocrx_word' id='word_1_325' title='bbox 1355 2301 1511 2357; x_wconf 86' lang='lat' dir='ltr'>definitione</span> <span class='ocrx_word' id='word_1_326' title='bbox 1528 2301 1647 2356; x_wconf 89' lang='lat' dir='ltr'>Lntheri</span> <span class='ocrx_word' id='word_1_327' title='bbox 1667 2320 1723 2358; x_wconf 92' lang='lat' dir='ltr'>uon</span> <span class='ocrx_word' id='word_1_328' title='bbox 1742 2320 1791 2373; x_wconf 84' lang='lat' dir='ltr'>po·</span> 
     </span>
     <span class='ocr_line' id='line_1_24' title="bbox 104 2380 1791 2462; baseline 0 -18"><span class='ocrx_word' id='word_1_329' title='bbox 104 2395 143 2451; x_wconf 83' lang='grc' dir='ltr'>είς</span> <span class='ocrx_word' id='word_1_330' title='bbox 171 2387 329 2462; x_wconf 75' lang='grc' dir='ltr'><strong><em>οἰκοδομήν.</em></strong></span> <span class='ocrx_word' id='word_1_331' title='bbox 357 2406 381 2443; x_wconf 86' lang='lat' dir='ltr'>v.</span> <span class='ocrx_word' id='word_1_332' title='bbox 400 2394 449 2443; x_wconf 82' lang='lat' dir='ltr'>so:</span> <span class='ocrx_word' id='word_1_333' title='bbox 479 2380 656 2457; x_wconf 81' lang='grc' dir='ltr'><strong><em>εὐσχημόνως</em></strong></span> <span class='ocrx_word' id='word_1_334' title='bbox 682 2391 729 2440; x_wconf 82' lang='lat' dir='ltr'>eal</span> <span class='ocrx_word' id='word_1_335' title='bbox 753 2388 822 2441; x_wconf 78' lang='lat' dir='ltr'>sarci</span> <span class='ocrx_word' id='word_1_336' title='bbox 847 2387 931 2450; x_wconf 79' lang='grc' dir='ltr'><strong><em>τάξιν.</em></strong></span> <span class='ocrx_word' id='word_1_337' title='bbox 957 2389 1039 2458; x_wconf 88' lang='lat' dir='ltr'>nitur,</span> <span class='ocrx_word' id='word_1_338' title='bbox 1057 2390 1106 2445; x_wconf 89' lang='lat' dir='ltr'>sed</span> <span class='ocrx_word' id='word_1_339' title='bbox 1119 2388 1291 2444; x_wconf 81' lang='lat' dir='ltr'>subauditur.</span> <span class='ocrx_word' id='word_1_340' title='bbox 1320 2389 1527 2444; x_wconf 77' lang='lat' dir='ltr'>Sacramentum</span> <span class='ocrx_word' id='word_1_341' title='bbox 1539 2388 1791 2444; x_wconf 80' lang='lat' dir='ltr'>altarisestsacra·</span> 
     </span>
     <span class='ocr_line' id='line_1_25' title="bbox 104 2475 1792 2546; baseline 0 -17"><span class='ocrx_word' id='word_1_342' title='bbox 104 2480 129 2529; x_wconf 80' lang='lat'>5.</span> <span class='ocrx_word' id='word_1_343' title='bbox 151 2475 335 2544; x_wconf 69' lang='lat' dir='ltr'>Quaecumque</span> <span class='ocrx_word' id='word_1_344' title='bbox 354 2475 524 2528; x_wconf 71' lang='lat' dir='ltr'>encaeniae</span> <span class='ocrx_word' id='word_1_345' title='bbox 542 2475 572 2527; x_wconf 86' lang='lat' dir='ltr'>in</span> <span class='ocrx_word' id='word_1_346' title='bbox 589 2490 619 2527; x_wconf 87' lang='lat' dir='ltr'>se</span> <span class='ocrx_word' id='word_1_347' title='bbox 637 2491 671 2526; x_wconf 87' lang='lat' dir='ltr'>aa</span> <span class='ocrx_word' id='word_1_348' title='bbox 685 2491 739 2543; x_wconf 89' lang='lat' dir='ltr'>per</span> <span class='ocrx_word' id='word_1_349' title='bbox 756 2490 785 2527; x_wconf 88' lang='lat' dir='ltr'>ee</span> <span class='ocrx_word' id='word_1_350' title='bbox 796 2476 933 2528; x_wconf 84' lang='lat' dir='ltr'>suntido·</span> <span class='ocrx_word' id='word_1_351' title='bbox 956 2482 1078 2531; x_wconf 89' lang='lat' dir='ltr'>mentum</span> <span class='ocrx_word' id='word_1_352' title='bbox 1096 2476 1131 2532; x_wconf 83' lang='lat' dir='ltr'>N.</span> <span class='ocrx_word' id='word_1_353' title='bbox 1148 2475 1181 2529; x_wconf 85' lang='lat' dir='ltr'>T.</span> <span class='ocrx_word' id='word_1_354' title='bbox 1199 2475 1229 2529; x_wconf 90' lang='lat' dir='ltr'>in</span> <span class='ocrx_word' id='word_1_355' title='bbox 1247 2492 1302 2546; x_wconf 91' lang='lat' dir='ltr'>quo</span> <span class='ocrx_word' id='word_1_356' title='bbox 1320 2490 1415 2530; x_wconf 83' lang='lat' dir='ltr'>verum</span> <span class='ocrx_word' id='word_1_357' title='bbox 1427 2490 1528 2543; x_wconf 87' lang='lat' dir='ltr'>corpas</span> <span class='ocrx_word' id='word_1_358' title='bbox 1541 2478 1662 2528; x_wconf 78' lang='lat' dir='ltr'>etseras</span> <span class='ocrx_word' id='word_1_359' title='bbox 1677 2475 1792 2545; x_wconf 74' lang='lat' dir='ltr'>sanguis</span> 
     </span>
     <span class='ocr_line' id='line_1_26' title="bbox 104 2559 1791 2632; baseline -0.001 -16"><span class='ocrx_word' id='word_1_360' title='bbox 104 2562 268 2630; x_wconf 85' lang='lat' dir='ltr'>lolatricae,</span> <span class='ocrx_word' id='word_1_361' title='bbox 290 2561 513 2630; x_wconf 85' lang='lat' dir='ltr'>superstitiosae,</span> <span class='ocrx_word' id='word_1_362' title='bbox 542 2561 623 2614; x_wconf 80' lang='lat' dir='ltr'>verbo</span> <span class='ocrx_word' id='word_1_363' title='bbox 640 2560 701 2613; x_wconf 86' lang='lat' dir='ltr'>Dei</span> <span class='ocrx_word' id='word_1_364' title='bbox 721 2568 746 2613; x_wconf 86' lang='lat' dir='ltr'>ct</span> <span class='ocrx_word' id='word_1_365' title='bbox 765 2561 934 2614; x_wconf 77' lang='lat' dir='ltr'>institutioni</span> <span class='ocrx_word' id='word_1_366' title='bbox 958 2562 1059 2618; x_wconf 83' lang='lat' dir='ltr'>Christi</span> <span class='ocrx_word' id='word_1_367' title='bbox 1083 2561 1135 2615; x_wconf 89' lang='lat' dir='ltr'>sub</span> <span class='ocrx_word' id='word_1_368' title='bbox 1159 2577 1231 2632; x_wconf 88' lang='lat' dir='ltr'>pane</span> <span class='ocrx_word' id='word_1_369' title='bbox 1253 2565 1282 2615; x_wconf 89' lang='lat' dir='ltr'>ct</span> <span class='ocrx_word' id='word_1_370' title='bbox 1298 2561 1362 2614; x_wconf 83' lang='lat' dir='ltr'>vino</span> <span class='ocrx_word' id='word_1_371' title='bbox 1383 2560 1462 2616; x_wconf 88' lang='lat' dir='ltr'>nobis</span> <span class='ocrx_word' id='word_1_372' title='bbox 1477 2559 1640 2615; x_wconf 86' lang='lat' dir='ltr'>Christianis</span> <span class='ocrx_word' id='word_1_373' title='bbox 1657 2561 1694 2614; x_wconf 88' lang='lat' dir='ltr'>ad</span> <span class='ocrx_word' id='word_1_374' title='bbox 1715 2577 1791 2615; x_wconf 91' lang='lat' dir='ltr'>man-</span> 
     </span>
     <span class='ocr_line' id='line_1_27' title="bbox 106 2645 1793 2716; baseline 0.001 -14"><span class='ocrx_word' id='word_1_375' title='bbox 106 2648 212 2702; x_wconf 68' lang='lat' dir='ltr'>ibristi</span> <span class='ocrx_word' id='word_1_376' title='bbox 229 2655 415 2716; x_wconf 85' lang='lat' dir='ltr'>repupnantes</span> <span class='ocrx_word' id='word_1_377' title='bbox 434 2646 695 2702; x_wconf 72' lang='lat' dir='ltr'>recantandus</span> <span class='ocrx_word' id='word_1_378' title='bbox 714 2647 847 2700; x_wconf 85' lang='lat' dir='ltr'>scandali</span> <span class='ocrx_word' id='word_1_379' title='bbox 863 2649 933 2701; x_wconf 87' lang='lat' dir='ltr'>rati·</span> <span class='ocrx_word' id='word_1_380' title='bbox 957 2648 1116 2702; x_wconf 80' lang='lat' dir='ltr'>ducendum</span> <span class='ocrx_word' id='word_1_381' title='bbox 1140 2652 1169 2702; x_wconf 89' lang='lat' dir='ltr'>et</span> <span class='ocrx_word' id='word_1_382' title='bbox 1189 2646 1340 2701; x_wconf 89' lang='lat' dir='ltr'>bibendum</span> <span class='ocrx_word' id='word_1_383' title='bbox 1364 2645 1400 2700; x_wconf 90' lang='lat' dir='ltr'>ab</span> <span class='ocrx_word' id='word_1_384' title='bbox 1422 2646 1484 2716; x_wconf 92' lang='lat' dir='ltr'>ipso</span> <span class='ocrx_word' id='word_1_385' title='bbox 1504 2645 1614 2701; x_wconf 82' lang='lat' dir='ltr'>Christo</span> <span class='ocrx_word' id='word_1_386' title='bbox 1631 2653 1697 2703; x_wconf 90' lang='lat' dir='ltr'>sunt</span> <span class='ocrx_word' id='word_1_387' title='bbox 1714 2647 1793 2704; x_wconf 87' lang='lat' dir='ltr'>insti·</span> 
     </span>
     <span class='ocr_line' id='line_1_28' title="bbox 104 2731 1811 2808; baseline -0.001 -18"><span class='ocrx_word' id='word_1_388' title='bbox 104 2751 155 2790; x_wconf 87' lang='lat' dir='ltr'>ane</span> <span class='ocrx_word' id='word_1_389' title='bbox 174 2733 311 2802; x_wconf 81' lang='lat' dir='ltr'>abropari</span> <span class='ocrx_word' id='word_1_390' title='bbox 325 2732 420 2786; x_wconf 85' lang='lat' dir='ltr'>statim</span> <span class='ocrx_word' id='word_1_391' title='bbox 440 2732 545 2785; x_wconf 65' lang='lat' dir='ltr'>debat.</span> <span class='ocrx_word' id='word_1_392' title='bbox 579 2731 662 2787; x_wconf 85' lang='lat' dir='ltr'>Tales</span> <span class='ocrx_word' id='word_1_393' title='bbox 681 2733 852 2789; x_wconf 88' lang='lat' dir='ltr'>ceremoniae</span> <span class='ocrx_word' id='word_1_394' title='bbox 868 2739 934 2788; x_wconf 88' lang='lat' dir='ltr'>sunt</span> <span class='ocrx_word' id='word_1_395' title='bbox 957 2741 1017 2790; x_wconf 84' lang='lat' dir='ltr'>tnta</span> <span class='ocrx_word' id='word_1_396' title='bbox 1041 2741 1070 2790; x_wconf 90' lang='lat' dir='ltr'>et</span> <span class='ocrx_word' id='word_1_397' title='bbox 1090 2735 1193 2806; x_wconf 76' lang='lat' dir='ltr'>legata.</span> <span class='ocrx_word' id='word_1_398' title='bbox 1228 2734 1371 2789; x_wconf 91' lang='lat' dir='ltr'>Omittitur</span> <span class='ocrx_word' id='word_1_399' title='bbox 1394 2739 1488 2789; x_wconf 89' lang='lat' dir='ltr'>antem</span> <span class='ocrx_word' id='word_1_400' title='bbox 1510 2732 1581 2787; x_wconf 89' lang='lat' dir='ltr'>illud</span> <span class='ocrx_word' id='word_1_401' title='bbox 1599 2751 1701 2805; x_wconf 79' lang='lat' dir='ltr'>genna,</span> <span class='ocrx_word' id='word_1_402' title='bbox 1726 2735 1811 2808; x_wconf 68' lang='lat' dir='ltr'>quiex</span> 
     </span>
     <span class='ocr_line' id='line_1_29' title="bbox 104 2819 1793 2893; baseline 0.001 -17"><span class='ocrx_word' id='word_1_403' title='bbox 104 2820 180 2876; x_wconf 83' lang='lat' dir='ltr'>laicis</span> <span class='ocrx_word' id='word_1_404' title='bbox 197 2835 296 2890; x_wconf 88' lang='lat' dir='ltr'>panem</span> <span class='ocrx_word' id='word_1_405' title='bbox 312 2824 421 2874; x_wconf 89' lang='lat' dir='ltr'>tantum</span> <span class='ocrx_word' id='word_1_406' title='bbox 439 2823 638 2886; x_wconf 90' lang='lat' dir='ltr'>consecratum,</span> <span class='ocrx_word' id='word_1_407' title='bbox 654 2836 709 2874; x_wconf 91' lang='lat' dir='ltr'>non</span> <span class='ocrx_word' id='word_1_408' title='bbox 722 2820 805 2875; x_wconf 88' lang='lat' dir='ltr'>etiam</span> <span class='ocrx_word' id='word_1_409' title='bbox 818 2819 932 2875; x_wconf 89' lang='lat' dir='ltr'>calicem</span> <span class='ocrx_word' id='word_1_410' title='bbox 954 2824 1013 2893; x_wconf 75' lang='lat' dir='ltr'>Jam</span> <span class='ocrx_word' id='word_1_411' title='bbox 1042 2828 1106 2877; x_wconf 91' lang='lat' dir='ltr'>ante</span> <span class='ocrx_word' id='word_1_412' title='bbox 1133 2820 1163 2875; x_wconf 94' lang='lat' dir='ltr'>in</span> <span class='ocrx_word' id='word_1_413' title='bbox 1188 2820 1331 2892; x_wconf 88' lang='lat' dir='ltr'>proposita</span> <span class='ocrx_word' id='word_1_414' title='bbox 1357 2819 1517 2876; x_wconf 85' lang='lat' dir='ltr'>definitione</span> <span class='ocrx_word' id='word_1_415' title='bbox 1541 2837 1700 2890; x_wconf 86' lang='lat' dir='ltr'>expressum</span> <span class='ocrx_word' id='word_1_416' title='bbox 1725 2826 1793 2877; x_wconf 78' lang='lat' dir='ltr'>erat</span> 
     </span>
     <span class='ocr_line' id='line_1_30' title="bbox 104 2904 1168 2978; baseline -0.001 -15"><span class='ocrx_word' id='word_1_417' title='bbox 104 2906 241 2975; x_wconf 84' lang='lat' dir='ltr'>exhibere,</span> <span class='ocrx_word' id='word_1_418' title='bbox 259 2904 423 2960; x_wconf 88' lang='lat' dir='ltr'>sacrificium</span> <span class='ocrx_word' id='word_1_419' title='bbox 441 2905 632 2975; x_wconf 83' lang='lat' dir='ltr'>provisorum</span> <span class='ocrx_word' id='word_1_420' title='bbox 650 2912 678 2961; x_wconf 90' lang='lat' dir='ltr'>et</span> <span class='ocrx_word' id='word_1_421' title='bbox 689 2912 859 2962; x_wconf 89' lang='lat' dir='ltr'>mortuorum</span> <span class='ocrx_word' id='word_1_422' title='bbox 869 2923 932 2978; x_wconf 86' lang='lat' dir='ltr'>pea-</span> <span class='ocrx_word' id='word_1_423' title='bbox 957 2908 1030 2964; x_wconf 88' lang='lat' dir='ltr'>Vide</span> <span class='ocrx_word' id='word_1_424' title='bbox 1045 2907 1168 2965; x_wconf 76' lang='lat' dir='ltr'>infra.**</span> 
     </span>
     <span class='ocr_line' id='line_1_31' title="bbox 103 2991 1888 3062; baseline -0.001 -14"><span class='ocrx_word' id='word_1_425' title='bbox 103 2993 173 3048; x_wconf 90' lang='lat' dir='ltr'>catis</span> <span class='ocrx_word' id='word_1_426' title='bbox 191 2991 303 3058; x_wconf 80' lang='lat' dir='ltr'>offerre,</span> <span class='ocrx_word' id='word_1_427' title='bbox 320 2998 428 3046; x_wconf 87' lang='lat' dir='ltr'>sanctas</span> <span class='ocrx_word' id='word_1_428' title='bbox 449 2991 582 3061; x_wconf 85' lang='lat' dir='ltr'>invocare,</span> <span class='ocrx_word' id='word_1_429' title='bbox 601 2993 699 3047; x_wconf 80' lang='lat' dir='ltr'>misam</span> <span class='ocrx_word' id='word_1_430' title='bbox 719 2993 842 3062; x_wconf 81' lang='lat' dir='ltr'>privatas</span> <span class='ocrx_word' id='word_1_431' title='bbox 862 2993 932 3049; x_wconf 89' lang='lat' dir='ltr'>cele·</span> <span class='ocrx_word' id='word_1_432' title='bbox 993 2999 1050 3050; x_wconf 80' lang='lat' dir='ltr'>too.</span> <span class='ocrx_word' id='word_1_433' title='bbox 1087 2991 1231 3048; x_wconf 87' lang='lat' dir='ltr'>Coronidis</span> <span class='ocrx_word' id='word_1_434' title='bbox 1250 2991 1312 3046; x_wconf 85' lang='lat' dir='ltr'>loco</span> <span class='ocrx_word' id='word_1_435' title='bbox 1330 2991 1464 3062; x_wconf 85' lang='lat' dir='ltr'>quasdam</span> <span class='ocrx_word' id='word_1_436' title='bbox 1482 2991 1655 3062; x_wconf 89' lang='lat' dir='ltr'>precationes</span> <span class='ocrx_word' id='word_1_437' title='bbox 1667 2998 1792 3049; x_wconf 81' lang='lat' dir='ltr'>veterum</span> <span class='ocrx_word' id='word_1_438' title='bbox 1804 3004 1830 3047; x_wconf 72' lang='lat' dir='ltr'>n</span> <span class='ocrx_word' id='word_1_439' title='bbox 1843 3005 1888 3048; x_wconf 79' lang='lat' dir='ltr'>ssa</span> 
     </span>
     <span class='ocr_line' id='line_1_32' title="bbox 103 3059 1887 3150; baseline 0 -16"><span class='ocrx_word' id='word_1_440' title='bbox 103 3079 184 3135; x_wconf 90' lang='lat' dir='ltr'>brure</span> <span class='ocrx_word' id='word_1_441' title='bbox 206 3086 257 3136; x_wconf 80' lang='lat' dir='ltr'>atu</span> <span class='ocrx_word' id='word_1_442' title='bbox 291 3079 355 3135; x_wconf 84' lang='lat' dir='ltr'>Joh.</span> <span class='ocrx_word' id='word_1_443' title='bbox 375 3084 400 3148; x_wconf 83' lang='lat'>8,</span> <span class='ocrx_word' id='word_1_444' title='bbox 418 3097 442 3135; x_wconf 83' lang='lat' dir='ltr'>v.</span> <span class='ocrx_word' id='word_1_445' title='bbox 462 3084 509 3135; x_wconf 81' lang='lat'>31:</span> <span class='ocrx_word' id='word_1_446' title='bbox 536 3081 837 3135; x_wconf 62' lang='lat' dir='ltr'>&amp;rasomonorum</span> <span class='ocrx_word' id='word_1_447' title='bbox 855 3098 933 3135; x_wconf 87' lang='lat' dir='ltr'>man-</span> <span class='ocrx_word' id='word_1_448' title='bbox 958 3081 988 3134; x_wconf 91' lang='lat' dir='ltr'>in</span> <span class='ocrx_word' id='word_1_449' title='bbox 1008 3095 1088 3134; x_wconf 85' lang='lat' dir='ltr'>sacra</span> <span class='ocrx_word' id='word_1_450' title='bbox 1106 3079 1238 3134; x_wconf 90' lang='lat' dir='ltr'>concione</span> <span class='ocrx_word' id='word_1_451' title='bbox 1256 3076 1599 3134; x_wconf 88' lang='lat' dir='ltr'>usitatasreceusebimua.</span> <span class='ocrx_word' id='word_1_452' title='bbox 1630 3079 1793 3134; x_wconf 60' lang='lat' dir='ltr'>rehum,</span> <span class='ocrx_word' id='word_1_453' title='bbox 1804 3059 1887 3150; x_wconf 50' lang='lat'>{22⁰3</span> 
     </span>
     <span class='ocr_line' id='line_1_33' title="bbox 104 3162 1908 3251; baseline -0.001 -29"><span class='ocrx_word' id='word_1_454' title='bbox 104 3168 211 3237; x_wconf 84' lang='lat' dir='ltr'>sers‘ts&#39;s,</span> <span class='ocrx_word' id='word_1_455' title='bbox 228 3184 291 3222; x_wconf 84' lang='lat' dir='ltr'>uere</span> <span class='ocrx_word' id='word_1_456' title='bbox 307 3166 444 3235; x_wconf 68' lang='lat' dir='ltr'>anapesti</span> <span class='ocrx_word' id='word_1_457' title='bbox 459 3168 514 3220; x_wconf 76' lang='lat' dir='ltr'>mei</span> <span class='ocrx_word' id='word_1_458' title='bbox 531 3167 615 3222; x_wconf 79' lang='lat' dir='ltr'>eritis</span> <span class='ocrx_word' id='word_1_459' title='bbox 652 3165 713 3221; x_wconf 77' lang='lat' dir='ltr'>Hae</span> <span class='ocrx_word' id='word_1_460' title='bbox 730 3167 874 3237; x_wconf 52' lang='lat' dir='ltr'>&amp;murales</span> <span class='ocrx_word' id='word_1_461' title='bbox 891 3183 932 3222; x_wconf 91' lang='lat' dir='ltr'>re·</span> <span class='ocrx_word' id='word_1_462' title='bbox 958 3167 1007 3239; x_wconf 76' lang='lat' dir='ltr'>gia</span> <span class='ocrx_word' id='word_1_463' title='bbox 1021 3165 1123 3220; x_wconf 83' lang='lat' dir='ltr'>Marci:</span> <span class='ocrx_word' id='word_1_464' title='bbox 1151 3163 1369 3237; x_wconf 74' lang='grc' dir='ltr'><strong><em>εὐχαρίστοῠμίν</em></strong></span> <span class='ocrx_word' id='word_1_465' title='bbox 1386 3179 1446 3230; x_wconf 81' lang='grc' dir='ltr'><strong><em>σοι,</em></strong></span> <span class='ocrx_word' id='word_1_466' title='bbox 1465 3165 1600 3227; x_wconf 75' lang='grc' dir='ltr'><em>δέσποτα,</em></span> <span class='ocrx_word' id='word_1_467' title='bbox 1618 3162 1709 3233; x_wconf 79' lang='grc' dir='ltr'><strong><em>κύριε,</em></strong></span> <span class='ocrx_word' id='word_1_468' title='bbox 1728 3164 1794 3227; x_wconf 78' lang='grc' dir='ltr'><strong><em>θεὸς</em></strong></span> <span class='ocrx_word' id='word_1_469' title='bbox 1805 3165 1908 3251; x_wconf 55' lang='lat' dir='ltr'>,imm</span> 
     </span>
     <span class='ocr_line' id='line_1_34' title="bbox 105 3223 1889 3328; baseline -0.004 -19"><span class='ocrx_word' id='word_1_470' title='bbox 105 3255 187 3327; x_wconf 76' lang='lat' dir='ltr'>gulae</span> <span class='ocrx_word' id='word_1_471' title='bbox 217 3254 251 3309; x_wconf 90' lang='lat' dir='ltr'>de</span> <span class='ocrx_word' id='word_1_472' title='bbox 279 3253 423 3325; x_wconf 79' lang='lat' dir='ltr'>quibusvis</span> <span class='ocrx_word' id='word_1_473' title='bbox 445 3250 605 3308; x_wconf 86' lang='lat' dir='ltr'>ceremoniis</span> <span class='ocrx_word' id='word_1_474' title='bbox 629 3253 659 3306; x_wconf 92' lang='lat' dir='ltr'>in</span> <span class='ocrx_word' id='word_1_475' title='bbox 681 3252 774 3323; x_wconf 89' lang='lat' dir='ltr'>specie</span> <span class='ocrx_word' id='word_1_476' title='bbox 795 3251 933 3322; x_wconf 87' lang='lat' dir='ltr'>judicium</span> <span class='ocrx_word' id='word_1_477' title='bbox 957 3254 1050 3328; x_wconf 74' lang='grc' dir='ltr'><strong><em>ἡμῶν,</em></strong></span> <span class='ocrx_word' id='word_1_478' title='bbox 1069 3251 1115 3303; x_wconf 77' lang='grc' dir='ltr'>ἐπὶ</span> <span class='ocrx_word' id='word_1_479' title='bbox 1134 3253 1166 3324; x_wconf 74' lang='grc' dir='ltr'><strong><em>τῇ</em></strong></span> <span class='ocrx_word' id='word_1_480' title='bbox 1184 3248 1338 3323; x_wconf 74' lang='grc' dir='ltr'><strong><em>μεταλήψει</em></strong></span> <span class='ocrx_word' id='word_1_481' title='bbox 1357 3253 1412 3303; x_wconf 77' lang='grc' dir='ltr'><strong><em>τῶν</em></strong></span> <span class='ocrx_word' id='word_1_482' title='bbox 1431 3249 1528 3320; x_wconf 76' lang='grc' dir='ltr'><strong><em>ἁγίων,</em></strong></span> <span class='ocrx_word' id='word_1_483' title='bbox 1549 3249 1705 3320; x_wconf 72' lang='grc' dir='ltr'><strong><em>ἄχραντον,</em></strong></span> <span class='ocrx_word' id='word_1_484' title='bbox 1722 3248 1793 3302; x_wconf 73' lang='lat' dir='ltr'>sita·</span> <span class='ocrx_word' id='word_1_485' title='bbox 1807 3223 1889 3303; x_wconf 57' lang='lat' dir='ltr'>sicii-</span> 
     </span>
     <span class='ocr_line' id='line_1_35' title="bbox 10 3316 1890 3411; baseline -0.003 -15"><span class='ocrx_word' id='word_1_486' title='bbox 10 3342 29 3389; x_wconf 63' lang='lat' dir='ltr'>i*</span> <span class='ocrx_word' id='word_1_487' title='bbox 103 3341 222 3396; x_wconf 86' lang='lat' dir='ltr'>formare</span> <span class='ocrx_word' id='word_1_488' title='bbox 240 3347 362 3411; x_wconf 87' lang='lat' dir='ltr'>possunt.</span> <span class='ocrx_word' id='word_1_489' title='bbox 401 3339 446 3395; x_wconf 80' lang='lat' dir='ltr'>sic</span> <span class='ocrx_word' id='word_1_490' title='bbox 464 3339 551 3400; x_wconf 79' lang='grc' dir='ltr'><strong><em>δεῖξεν</em></strong></span> <span class='ocrx_word' id='word_1_491' title='bbox 568 3339 625 3393; x_wconf 85' lang='lat' dir='ltr'>sive</span> <span class='ocrx_word' id='word_1_492' title='bbox 645 3337 828 3394; x_wconf 86' lang='lat' dir='ltr'>ostensionem</span> <span class='ocrx_word' id='word_1_493' title='bbox 847 3337 934 3392; x_wconf 88' lang='lat' dir='ltr'>satius</span> <span class='ocrx_word' id='word_1_494' title='bbox 960 3337 1050 3392; x_wconf 69' lang='lat' dir='ltr'>risus</span> <span class='ocrx_word' id='word_1_495' title='bbox 1065 3341 1112 3390; x_wconf 83' lang='lat' dir='ltr'>sal</span> <span class='ocrx_word' id='word_1_496' title='bbox 1128 3338 1301 3406; x_wconf 68' lang='grc' dir='ltr'><strong><em>ἐπουρανίων</em></strong></span> <span class='ocrx_word' id='word_1_497' title='bbox 1314 3352 1365 3389; x_wconf 91' lang='grc' dir='ltr'>σου</span> <span class='ocrx_word' id='word_1_498' title='bbox 1376 3343 1536 3408; x_wconf 84' lang='grc' dir='ltr'><strong><em>μυστηρίων</em></strong></span> <span class='ocrx_word' id='word_1_499' title='bbox 1548 3324 1588 3389; x_wconf 79' lang='grc' dir='ltr'>ὧν</span> <span class='ocrx_word' id='word_1_500' title='bbox 1601 3335 1705 3396; x_wconf 80' lang='grc' dir='ltr'><strong><em>ἔδωκας</em></strong></span> <span class='ocrx_word' id='word_1_501' title='bbox 1716 3334 1793 3408; x_wconf 82' lang='grc' dir='ltr'><strong><em>ἡμῖν,</em></strong></span> <span class='ocrx_word' id='word_1_502' title='bbox 1805 3316 1890 3356; x_wconf 58' lang='lat' dir='ltr'>&#39;mm&#39;</span> 
     </span>
     <span class='ocr_line' id='line_1_36' title="bbox 55 3422 1796 3499; baseline -0.003 -17"><span class='ocrx_word' id='word_1_503' title='bbox 55 3485 63 3499; x_wconf 55' lang='lat'>‚</span> <span class='ocrx_word' id='word_1_504' title='bbox 104 3433 147 3482; x_wconf 88' lang='lat' dir='ltr'>eat</span> <span class='ocrx_word' id='word_1_505' title='bbox 166 3427 289 3482; x_wconf 88' lang='lat' dir='ltr'>omittere</span> <span class='ocrx_word' id='word_1_506' title='bbox 309 3442 392 3496; x_wconf 87' lang='lat' dir='ltr'>quam</span> <span class='ocrx_word' id='word_1_507' title='bbox 410 3424 549 3493; x_wconf 87' lang='lat' dir='ltr'>adhibere,</span> <span class='ocrx_word' id='word_1_508' title='bbox 569 3440 632 3479; x_wconf 92' lang='lat' dir='ltr'>cum</span> <span class='ocrx_word' id='word_1_509' title='bbox 645 3423 681 3478; x_wconf 92' lang='lat' dir='ltr'>ait</span> <span class='ocrx_word' id='word_1_510' title='bbox 692 3423 797 3478; x_wconf 89' lang='lat' dir='ltr'>additio</span> <span class='ocrx_word' id='word_1_511' title='bbox 808 3422 838 3478; x_wconf 92' lang='lat' dir='ltr'>in</span> <span class='ocrx_word' id='word_1_512' title='bbox 849 3423 933 3478; x_wconf 87' lang='lat' dir='ltr'>verbo</span> <span class='ocrx_word' id='word_1_513' title='bbox 959 3424 1069 3491; x_wconf 76' lang='lat' dir='ltr'>prutina</span> <span class='ocrx_word' id='word_1_514' title='bbox 1088 3423 1196 3491; x_wconf 86' lang='lat' dir='ltr'>apimue</span> <span class='ocrx_word' id='word_1_515' title='bbox 1214 3423 1278 3490; x_wconf 81' lang='lat' dir='ltr'>tibi,</span> <span class='ocrx_word' id='word_1_516' title='bbox 1305 3422 1478 3490; x_wconf 87' lang='lat' dir='ltr'>dominator,</span> <span class='ocrx_word' id='word_1_517' title='bbox 1504 3423 1630 3491; x_wconf 75' lang='lat' dir='ltr'>dormine,</span> <span class='ocrx_word' id='word_1_518' title='bbox 1647 3423 1728 3475; x_wconf 88' lang='lat' dir='ltr'>Deus</span> <span class='ocrx_word' id='word_1_519' title='bbox 1744 3441 1796 3477; x_wconf 83' lang='lat' dir='ltr'>no·-</span> 
     </span>
     <span class='ocr_line' id='line_1_37' title="bbox 103 3508 1793 3582; baseline -0.004 -14"><span class='ocrx_word' id='word_1_520' title='bbox 103 3512 281 3568; x_wconf 87' lang='lat' dir='ltr'>institutionis</span> <span class='ocrx_word' id='word_1_521' title='bbox 307 3529 362 3566; x_wconf 94' lang='lat' dir='ltr'>non</span> <span class='ocrx_word' id='word_1_522' title='bbox 389 3527 530 3582; x_wconf 85' lang='lat' dir='ltr'>expressa,</span> <span class='ocrx_word' id='word_1_523' title='bbox 556 3509 709 3565; x_wconf 83' lang='lat' dir='ltr'>fomentum</span> <span class='ocrx_word' id='word_1_524' title='bbox 735 3509 870 3580; x_wconf 90' lang='lat' dir='ltr'>opinionis</span> <span class='ocrx_word' id='word_1_525' title='bbox 899 3510 933 3565; x_wconf 89' lang='lat' dir='ltr'>de</span> <span class='ocrx_word' id='word_1_526' title='bbox 959 3517 1024 3577; x_wconf 85' lang='lat' dir='ltr'>ster,</span> <span class='ocrx_word' id='word_1_527' title='bbox 1039 3527 1096 3579; x_wconf 88' lang='lat' dir='ltr'>pro</span> <span class='ocrx_word' id='word_1_528' title='bbox 1111 3510 1289 3578; x_wconf 83' lang='lat' dir='ltr'>perceptione</span> <span class='ocrx_word' id='word_1_529' title='bbox 1307 3517 1471 3572; x_wconf 86' lang='lat' dir='ltr'>sanctorum,</span> <span class='ocrx_word' id='word_1_530' title='bbox 1492 3508 1723 3574; x_wconf 85' lang='lat' dir='ltr'>intemeratorum,</span> <span class='ocrx_word' id='word_1_531' title='bbox 1742 3510 1793 3563; x_wconf 89' lang='lat' dir='ltr'>im·</span> 
     </span>
     <span class='ocr_line' id='line_1_38' title="bbox 103 3593 1795 3667; baseline -0.002 -16"><span class='ocrx_word' id='word_1_532' title='bbox 103 3597 408 3653; x_wconf 72' lang='lat' dir='ltr'>menmubnantiations</span> <span class='ocrx_word' id='word_1_533' title='bbox 429 3603 457 3651; x_wconf 90' lang='lat' dir='ltr'>et</span> <span class='ocrx_word' id='word_1_534' title='bbox 472 3595 554 3667; x_wconf 81' lang='lat' dir='ltr'>lopali</span> <span class='ocrx_word' id='word_1_535' title='bbox 572 3593 733 3661; x_wconf 88' lang='lat' dir='ltr'>inclusione,</span> <span class='ocrx_word' id='word_1_536' title='bbox 751 3611 835 3648; x_wconf 90' lang='lat' dir='ltr'>cansa</span> <span class='ocrx_word' id='word_1_537' title='bbox 853 3595 932 3662; x_wconf 80' lang='grc' dir='ltr'><strong><em>ἁρτο-</em></strong></span> <span class='ocrx_word' id='word_1_538' title='bbox 961 3596 1120 3649; x_wconf 84' lang='lat' dir='ltr'>mortalium</span> <span class='ocrx_word' id='word_1_539' title='bbox 1142 3604 1169 3650; x_wconf 89' lang='lat' dir='ltr'>et</span> <span class='ocrx_word' id='word_1_540' title='bbox 1186 3596 1346 3650; x_wconf 86' lang='lat' dir='ltr'>caelestium</span> <span class='ocrx_word' id='word_1_541' title='bbox 1363 3596 1557 3664; x_wconf 76' lang='lat' dir='ltr'>mysteriorum</span> <span class='ocrx_word' id='word_1_542' title='bbox 1574 3601 1697 3664; x_wconf 86' lang='lat' dir='ltr'>tuarum,</span> <span class='ocrx_word' id='word_1_543' title='bbox 1721 3611 1795 3665; x_wconf 81' lang='lat' dir='ltr'>puae</span> 
     </span>
     <span class='ocr_line' id='line_1_39' title="bbox 104 3679 1795 3755; baseline 0 -17"><span class='ocrx_word' id='word_1_544' title='bbox 104 3690 227 3752; x_wconf 78' lang='lat' dir='ltr'>impetur</span> <span class='ocrx_word' id='word_1_545' title='bbox 239 3691 266 3739; x_wconf 89' lang='lat' dir='ltr'>et</span> <span class='ocrx_word' id='word_1_546' title='bbox 275 3684 373 3755; x_wconf 78' lang='lat' dir='ltr'>ignota</span> <span class='ocrx_word' id='word_1_547' title='bbox 385 3681 544 3753; x_wconf 89' lang='lat' dir='ltr'>antiquitati</span> <span class='ocrx_word' id='word_1_548' title='bbox 556 3681 717 3736; x_wconf 88' lang='lat' dir='ltr'>ceremonia</span> <span class='ocrx_word' id='word_1_549' title='bbox 741 3679 933 3735; x_wconf 84' lang='lat' dir='ltr'>Christnsnon</span> <span class='ocrx_word' id='word_1_550' title='bbox 960 3682 1068 3735; x_wconf 87' lang='lat' dir='ltr'>dedisti</span> <span class='ocrx_word' id='word_1_551' title='bbox 1090 3682 1177 3737; x_wconf 76' lang='lat' dir='ltr'>nebia</span> <span class='ocrx_word' id='word_1_552' title='bbox 1224 3682 1257 3735; x_wconf 93' lang='lat' dir='ltr'>In</span> <span class='ocrx_word' id='word_1_553' title='bbox 1281 3680 1395 3752; x_wconf 80' lang='lat' dir='ltr'>liturgia</span> <span class='ocrx_word' id='word_1_554' title='bbox 1418 3681 1519 3736; x_wconf 84' lang='lat' dir='ltr'>lacobi</span> <span class='ocrx_word' id='word_1_555' title='bbox 1539 3681 1627 3735; x_wconf 88' lang='lat' dir='ltr'>oratio</span> <span class='ocrx_word' id='word_1_556' title='bbox 1645 3688 1687 3736; x_wconf 89' lang='lat' dir='ltr'>cst</span> <span class='ocrx_word' id='word_1_557' title='bbox 1705 3697 1795 3738; x_wconf 86' lang='lat' dir='ltr'>sacer·</span> 
     </span>
     <span class='ocr_line' id='line_1_40' title="bbox 103 3765 1794 3840; baseline -0.002 -14"><span class='ocrx_word' id='word_1_558' title='bbox 103 3771 264 3840; x_wconf 89' lang='lat' dir='ltr'>simpliciter</span> <span class='ocrx_word' id='word_1_559' title='bbox 282 3769 364 3824; x_wconf 85' lang='lat' dir='ltr'>dixit:</span> <span class='ocrx_word' id='word_1_560' title='bbox 381 3770 432 3823; x_wconf 82' lang='lat' dir='ltr'>boc</span> <span class='ocrx_word' id='word_1_561' title='bbox 450 3776 491 3822; x_wconf 85' lang='lat' dir='ltr'>est</span> <span class='ocrx_word' id='word_1_562' title='bbox 508 3784 609 3836; x_wconf 73' lang='lat' dir='ltr'>corpses</span> <span class='ocrx_word' id='word_1_563' title='bbox 625 3782 722 3834; x_wconf 86' lang='lat' dir='ltr'>meum,</span> <span class='ocrx_word' id='word_1_564' title='bbox 739 3766 826 3820; x_wconf 88' lang='lat' dir='ltr'>multo</span> <span class='ocrx_word' id='word_1_565' title='bbox 842 3766 934 3821; x_wconf 88' lang='lat' dir='ltr'>minus</span> <span class='ocrx_word' id='word_1_566' title='bbox 959 3767 1032 3823; x_wconf 85' lang='lat' dir='ltr'>dotia</span> <span class='ocrx_word' id='word_1_567' title='bbox 1051 3765 1104 3836; x_wconf 80' lang='grc' dir='ltr'>πρὸ</span> <span class='ocrx_word' id='word_1_568' title='bbox 1118 3769 1164 3835; x_wconf 78' lang='grc' dir='ltr'><strong><em>τῆς</em></strong></span> <span class='ocrx_word' id='word_1_569' title='bbox 1173 3766 1360 3839; x_wconf 67' lang='lat' dir='ltr'>paralipome.</span> <span class='ocrx_word' id='word_1_570' title='bbox 1382 3773 1445 3823; x_wconf 84' lang='lat' dir='ltr'>ante</span> <span class='ocrx_word' id='word_1_571' title='bbox 1458 3767 1714 3838; x_wconf 86' lang='lat' dir='ltr'>participationem:</span> <span class='ocrx_word' id='word_1_572' title='bbox 1732 3769 1794 3822; x_wconf 91' lang='lat' dir='ltr'>Do·</span> 
     </span>
     <span class='ocr_line' id='line_1_41' title="bbox 103 3852 1794 3925; baseline -0.004 -12"><span class='ocrx_word' id='word_1_573' title='bbox 103 3859 185 3913; x_wconf 85' lang='lat' dir='ltr'>dixit:</span> <span class='ocrx_word' id='word_1_574' title='bbox 205 3857 531 3925; x_wconf 82' lang='lat' dir='ltr'>videte,bacestcorpus</span> <span class='ocrx_word' id='word_1_575' title='bbox 544 3852 836 3922; x_wconf 57' lang='lat' dir='ltr'>menmmsdacnpice,</span> <span class='ocrx_word' id='word_1_576' title='bbox 853 3854 934 3917; x_wconf 86' lang='lat' dir='ltr'>edite,</span> <span class='ocrx_word' id='word_1_577' title='bbox 959 3855 1035 3910; x_wconf 85' lang='lat' dir='ltr'>mine</span> <span class='ocrx_word' id='word_1_578' title='bbox 1062 3857 1142 3909; x_wconf 85' lang='lat' dir='ltr'>Deus</span> <span class='ocrx_word' id='word_1_579' title='bbox 1169 3862 1275 3923; x_wconf 74' lang='lat' dir='ltr'>nomer,</span> <span class='ocrx_word' id='word_1_580' title='bbox 1298 3855 1386 3923; x_wconf 86' lang='lat' dir='ltr'>panis</span> <span class='ocrx_word' id='word_1_581' title='bbox 1409 3854 1549 3919; x_wconf 78' lang='lat' dir='ltr'>coelestis,</span> <span class='ocrx_word' id='word_1_582' title='bbox 1575 3855 1635 3908; x_wconf 83' lang='lat' dir='ltr'>cita</span> <span class='ocrx_word' id='word_1_583' title='bbox 1661 3854 1794 3921; x_wconf 84' lang='lat' dir='ltr'>uniuersi,</span> 
     </span>
     <span class='ocr_line' id='line_1_42' title="bbox 103 3934 1795 4016; baseline -0.004 -17"><span class='ocrx_word' id='word_1_584' title='bbox 103 3948 154 3999; x_wconf 86' lang='lat' dir='ltr'>boc</span> <span class='ocrx_word' id='word_1_585' title='bbox 178 3952 219 3998; x_wconf 82' lang='lat' dir='ltr'>ess</span> <span class='ocrx_word' id='word_1_586' title='bbox 242 3961 343 4013; x_wconf 83' lang='lat' dir='ltr'>corpus</span> <span class='ocrx_word' id='word_1_587' title='bbox 365 3959 467 4011; x_wconf 85' lang='lat' dir='ltr'>mcum,</span> <span class='ocrx_word' id='word_1_588' title='bbox 493 3940 593 4011; x_wconf 91' lang='lat' dir='ltr'>quibus</span> <span class='ocrx_word' id='word_1_589' title='bbox 618 3938 709 3994; x_wconf 84' lang='lat' dir='ltr'>verbis</span> <span class='ocrx_word' id='word_1_590' title='bbox 727 3946 934 4010; x_wconf 79' lang='grc' dir='ltr'><strong><em>προστακτικοῖς</em></strong></span> <span class='ocrx_word' id='word_1_591' title='bbox 960 3942 1082 4016; x_wconf 81' lang='grc' dir='ltr'><strong><em>ἥμαρτον</em></strong></span> <span class='ocrx_word' id='word_1_592' title='bbox 1104 3944 1142 4000; x_wconf 78' lang='grc' dir='ltr'>είς</span> <span class='ocrx_word' id='word_1_593' title='bbox 1166 3937 1212 3994; x_wconf 85' lang='grc' dir='ltr'><strong><em>τὸν</em></strong></span> <span class='ocrx_word' id='word_1_594' title='bbox 1237 3938 1360 4011; x_wconf 82' lang='grc' dir='ltr'><strong><em>οὐρανὸν</em></strong></span> <span class='ocrx_word' id='word_1_595' title='bbox 1384 3943 1431 3993; x_wconf 78' lang='grc' dir='ltr'>καί</span> <span class='ocrx_word' id='word_1_596' title='bbox 1457 3934 1576 3994; x_wconf 74' lang='grc' dir='ltr'><strong><em>ἐνώπιόν</em></strong></span> <span class='ocrx_word' id='word_1_597' title='bbox 1592 3954 1656 4006; x_wconf 87' lang='grc' dir='ltr'><strong><em>σου,</em></strong></span> <span class='ocrx_word' id='word_1_598' title='bbox 1681 3935 1795 3993; x_wconf 72' lang='lat' dir='ltr'>soloin</span> 
     </span>
     <span class='ocr_line' id='line_1_43' title="bbox 105 4023 1795 4102; baseline -0.005 -16"><span class='ocrx_word' id='word_1_599' title='bbox 105 4032 139 4086; x_wconf 83' lang='lat' dir='ltr'>ab</span> <span class='ocrx_word' id='word_1_600' title='bbox 158 4029 224 4100; x_wconf 79' lang='grc' dir='ltr'><strong><em>ὄψει</em></strong></span> <span class='ocrx_word' id='word_1_601' title='bbox 241 4037 269 4085; x_wconf 89' lang='lat' dir='ltr'>et</span> <span class='ocrx_word' id='word_1_602' title='bbox 285 4032 367 4093; x_wconf 75' lang='grc' dir='ltr'><strong><em>δείξει</em></strong></span> <span class='ocrx_word' id='word_1_603' title='bbox 388 4029 423 4084; x_wconf 85' lang='lat' dir='ltr'>ud</span> <span class='ocrx_word' id='word_1_604' title='bbox 437 4029 539 4101; x_wconf 75' lang='grc' dir='ltr'><strong><em>χρῆσίν</em></strong></span> <span class='ocrx_word' id='word_1_605' title='bbox 556 4044 606 4082; x_wconf 90' lang='lat' dir='ltr'>nos</span> <span class='ocrx_word' id='word_1_606' title='bbox 622 4032 741 4081; x_wconf 81' lang='lat' dir='ltr'>revocat.</span> <span class='ocrx_word' id='word_1_607' title='bbox 768 4026 849 4091; x_wconf 83' lang='lat' dir='ltr'>Quod</span> <span class='ocrx_word' id='word_1_608' title='bbox 867 4025 934 4081; x_wconf 85' lang='lat' dir='ltr'>Dio·</span> <span class='ocrx_word' id='word_1_609' title='bbox 959 4034 1015 4102; x_wconf 74' lang='lat' dir='ltr'>alpe</span> <span class='ocrx_word' id='word_1_610' title='bbox 1038 4025 1113 4089; x_wconf 76' lang='grc' dir='ltr'><strong><em>ἄξιος</em></strong></span> <span class='ocrx_word' id='word_1_611' title='bbox 1132 4031 1298 4101; x_wconf 77' lang='grc' dir='ltr'><strong><em>μεταλαβεῖν</em></strong></span> <span class='ocrx_word' id='word_1_612' title='bbox 1321 4028 1375 4080; x_wconf 80' lang='grc' dir='ltr'><strong><em>τῶν</em></strong></span> <span class='ocrx_word' id='word_1_613' title='bbox 1393 4023 1538 4095; x_wconf 80' lang='grc' dir='ltr'><strong><em>ἀχράντων</em></strong></span> <span class='ocrx_word' id='word_1_614' title='bbox 1556 4041 1607 4078; x_wconf 88' lang='grc' dir='ltr'>σου</span> <span class='ocrx_word' id='word_1_615' title='bbox 1626 4031 1795 4098; x_wconf 76' lang='grc' dir='ltr'><strong><em>μυστηρίων,</em></strong></span> 
     </span>
     <span class='ocr_line' id='line_1_44' title="bbox 106 4111 1796 4186; baseline -0.004 -16"><span class='ocrx_word' id='word_1_616' title='bbox 106 4118 200 4186; x_wconf 85' lang='lat' dir='ltr'>nysius</span> <span class='ocrx_word' id='word_1_617' title='bbox 219 4117 253 4173; x_wconf 91' lang='lat' dir='ltr'>de</span> <span class='ocrx_word' id='word_1_618' title='bbox 272 4116 369 4172; x_wconf 81' lang='lat' dir='ltr'>coclea.</span> <span class='ocrx_word' id='word_1_619' title='bbox 390 4115 511 4172; x_wconf 84' lang='lat' dir='ltr'>hieraoh.</span> <span class='ocrx_word' id='word_1_620' title='bbox 532 4115 631 4169; x_wconf 82' lang='lat' dir='ltr'>abdita</span> <span class='ocrx_word' id='word_1_621' title='bbox 648 4114 866 4181; x_wconf 87' lang='lat' dir='ltr'>inconspectum</span> <span class='ocrx_word' id='word_1_622' title='bbox 877 4115 934 4181; x_wconf 87' lang='lat' dir='ltr'>api,</span> <span class='ocrx_word' id='word_1_623' title='bbox 954 4115 1074 4184; x_wconf 80' lang='lat' dir='ltr'>peccaui</span> <span class='ocrx_word' id='word_1_624' title='bbox 1089 4115 1120 4166; x_wconf 89' lang='lat' dir='ltr'>in</span> <span class='ocrx_word' id='word_1_625' title='bbox 1138 4114 1245 4166; x_wconf 83' lang='lat' dir='ltr'>coelura</span> <span class='ocrx_word' id='word_1_626' title='bbox 1261 4120 1287 4165; x_wconf 89' lang='lat' dir='ltr'>et</span> <span class='ocrx_word' id='word_1_627' title='bbox 1305 4129 1400 4166; x_wconf 88' lang='lat' dir='ltr'>coram</span> <span class='ocrx_word' id='word_1_628' title='bbox 1416 4119 1451 4180; x_wconf 88' lang='lat' dir='ltr'>te,</span> <span class='ocrx_word' id='word_1_629' title='bbox 1468 4129 1519 4165; x_wconf 91' lang='lat' dir='ltr'>nec</span> <span class='ocrx_word' id='word_1_630' title='bbox 1537 4129 1599 4165; x_wconf 89' lang='lat' dir='ltr'>sum</span> <span class='ocrx_word' id='word_1_631' title='bbox 1616 4111 1728 4180; x_wconf 85' lang='lat' dir='ltr'>dipnus,</span> <span class='ocrx_word' id='word_1_632' title='bbox 1746 4111 1796 4181; x_wconf 83' lang='lat' dir='ltr'>qui</span> 
     </span>
     <span class='ocr_line' id='line_1_45' title="bbox 107 4197 1795 4273; baseline -0.003 -17"><span class='ocrx_word' id='word_1_633' title='bbox 107 4208 145 4261; x_wconf 78' lang='lat' dir='ltr'>alc</span> <span class='ocrx_word' id='word_1_634' title='bbox 161 4204 239 4271; x_wconf 75' lang='grc' dir='ltr'><strong><em>ὄψεις</em></strong></span> <span class='ocrx_word' id='word_1_635' title='bbox 258 4200 337 4273; x_wconf 75' lang='grc' dir='ltr'><strong><em>ἄγειν</em></strong></span> <span class='ocrx_word' id='word_1_636' title='bbox 356 4220 390 4255; x_wconf 89' lang='lat' dir='ltr'>aa</span> <span class='ocrx_word' id='word_1_637' title='bbox 408 4202 508 4256; x_wconf 86' lang='lat' dir='ltr'>divina</span> <span class='ocrx_word' id='word_1_638' title='bbox 523 4217 639 4254; x_wconf 88' lang='lat' dir='ltr'>munera</span> <span class='ocrx_word' id='word_1_639' title='bbox 657 4207 812 4253; x_wconf 84' lang='lat' dir='ltr'>reverenter</span> <span class='ocrx_word' id='word_1_640' title='bbox 825 4201 935 4253; x_wconf 66' lang='lat' dir='ltr'>usundi</span> <span class='ocrx_word' id='word_1_641' title='bbox 954 4203 1027 4272; x_wconf 74' lang='lat' dir='ltr'>fiam</span> <span class='ocrx_word' id='word_1_642' title='bbox 1052 4200 1200 4268; x_wconf 84' lang='lat' dir='ltr'>particeps</span> <span class='ocrx_word' id='word_1_643' title='bbox 1223 4197 1433 4266; x_wconf 86' lang='lat' dir='ltr'>impollutorum</span> <span class='ocrx_word' id='word_1_644' title='bbox 1459 4205 1568 4252; x_wconf 86' lang='lat' dir='ltr'>luorum</span> <span class='ocrx_word' id='word_1_645' title='bbox 1591 4198 1795 4265; x_wconf 79' lang='lat' dir='ltr'>mysteriorum,</span> 
     </span>
     <span class='ocr_line' id='line_1_46' title="bbox 103 4279 1859 4364; baseline -0.005 -22"><span class='ocrx_word' id='word_1_646' title='bbox 103 4288 197 4359; x_wconf 85' lang='lat' dir='ltr'>jubet,</span> <span class='ocrx_word' id='word_1_647' title='bbox 214 4290 243 4343; x_wconf 90' lang='lat' dir='ltr'>id</span> <span class='ocrx_word' id='word_1_648' title='bbox 259 4291 342 4359; x_wconf 85' lang='lat' dir='ltr'>juxta</span> <span class='ocrx_word' id='word_1_649' title='bbox 360 4303 483 4342; x_wconf 89' lang='lat' dir='ltr'>normam</span> <span class='ocrx_word' id='word_1_650' title='bbox 500 4287 647 4343; x_wconf 83' lang='lat' dir='ltr'>verborum</span> <span class='ocrx_word' id='word_1_651' title='bbox 665 4284 844 4340; x_wconf 89' lang='lat' dir='ltr'>institutionis</span> <span class='ocrx_word' id='word_1_652' title='bbox 863 4285 933 4339; x_wconf 89' lang='lat' dir='ltr'>acci-</span> <span class='ocrx_word' id='word_1_653' title='bbox 960 4284 1022 4340; x_wconf 76' lang='grc' dir='ltr'>ἀλλ’</span> <span class='ocrx_word' id='word_1_654' title='bbox 1050 4284 1085 4344; x_wconf 75' lang='lat' dir='ltr'>sic</span> <span class='ocrx_word' id='word_1_655' title='bbox 1109 4281 1279 4352; x_wconf 78' lang='grc' dir='ltr'><strong><em>εὔοαίαχνος</em></strong></span> <span class='ocrx_word' id='word_1_656' title='bbox 1300 4279 1365 4341; x_wconf 69' lang='grc' dir='ltr'><strong><em>θεὸς</em></strong></span> <span class='ocrx_word' id='word_1_657' title='bbox 1390 4281 1510 4344; x_wconf 74' lang='grc' dir='ltr'><strong><em>ἀξίωσίν</em></strong></span> <span class='ocrx_word' id='word_1_658' title='bbox 1531 4302 1566 4351; x_wconf 87' lang='grc' dir='ltr'>με</span> <span class='ocrx_word' id='word_1_659' title='bbox 1586 4284 1615 4357; x_wconf 77' lang='grc' dir='ltr'><strong><em>τῇ</em></strong></span> <span class='ocrx_word' id='word_1_660' title='bbox 1629 4281 1727 4354; x_wconf 75' lang='grc' dir='ltr'><strong><em>χάριτί</em></strong></span> <span class='ocrx_word' id='word_1_661' title='bbox 1743 4295 1795 4334; x_wconf 84' lang='grc' dir='ltr'>σου</span> <span class='ocrx_word' id='word_1_662' title='bbox 1855 4355 1859 4364; x_wconf 22' lang='grc' dir='ltr'>ι</span> 
     </span>
     <span class='ocr_line' id='line_1_47' title="bbox 107 4368 1793 4449; baseline -0.005 -21"><span class='ocrx_word' id='word_1_663' title='bbox 107 4375 234 4445; x_wconf 87' lang='lat' dir='ltr'>piendum</span> <span class='ocrx_word' id='word_1_664' title='bbox 254 4373 355 4430; x_wconf 86' lang='lat' dir='ltr'>detali</span> <span class='ocrx_word' id='word_1_665' title='bbox 374 4373 525 4447; x_wconf 76' lang='grc' dir='ltr'><strong><em>ὀψαγονγῇ,</em></strong></span> <span class='ocrx_word' id='word_1_666' title='bbox 551 4390 607 4445; x_wconf 81' lang='lat' dir='ltr'>qua</span> <span class='ocrx_word' id='word_1_667' title='bbox 623 4372 752 4428; x_wconf 69' lang='lat' dir='ltr'>mardos</span> <span class='ocrx_word' id='word_1_668' title='bbox 769 4379 833 4441; x_wconf 87' lang='lat' dir='ltr'>post</span> <span class='ocrx_word' id='word_1_669' title='bbox 849 4369 933 4443; x_wconf 80' lang='grc' dir='ltr'><strong><em>ὑμνο-</em></strong></span> <span class='ocrx_word' id='word_1_670' title='bbox 961 4371 1145 4442; x_wconf 75' lang='grc' dir='ltr'><strong><em>ἀκατακρίτους</em></strong></span> <span class='ocrx_word' id='word_1_671' title='bbox 1162 4373 1311 4449; x_wconf 60' lang='grc' dir='ltr'><strong><em>μετασχεῖν</em></strong></span> <span class='ocrx_word' id='word_1_672' title='bbox 1328 4369 1377 4422; x_wconf 84' lang='grc' dir='ltr'><strong><em>τοῦ</em></strong></span> <span class='ocrx_word' id='word_1_673' title='bbox 1395 4368 1477 4438; x_wconf 72' lang='grc' dir='ltr'><strong><em>ἁγίου</em></strong></span> <span class='ocrx_word' id='word_1_674' title='bbox 1496 4368 1623 4443; x_wconf 82' lang='grc' dir='ltr'><strong><em>σώματος</em></strong></span> <span class='ocrx_word' id='word_1_675' title='bbox 1637 4373 1683 4424; x_wconf 76' lang='grc' dir='ltr'>ναὶ</span> <span class='ocrx_word' id='word_1_676' title='bbox 1694 4370 1744 4422; x_wconf 82' lang='grc' dir='ltr'><strong><em>τοῦ</em></strong></span> <span class='ocrx_word' id='word_1_677' title='bbox 1755 4388 1793 4421; x_wconf 87' lang='lat' dir='ltr'>ss·</span> 
     </span>
     <span class='ocr_line' id='line_1_48' title="bbox 107 4452 1794 4530; baseline -0.004 -17"><span class='ocrx_word' id='word_1_678' title='bbox 107 4466 205 4530; x_wconf 76' lang='grc' dir='ltr'><strong><em>ίογίαν</em></strong></span> <span class='ocrx_word' id='word_1_679' title='bbox 227 4468 256 4518; x_wconf 90' lang='lat' dir='ltr'>et</span> <span class='ocrx_word' id='word_1_680' title='bbox 280 4461 470 4516; x_wconf 82' lang='lat' dir='ltr'>recitationem</span> <span class='ocrx_word' id='word_1_681' title='bbox 495 4459 641 4514; x_wconf 78' lang='lat' dir='ltr'>verborum</span> <span class='ocrx_word' id='word_1_682' title='bbox 670 4457 771 4514; x_wconf 78' lang='lat' dir='ltr'>Christi</span> <span class='ocrx_word' id='word_1_683' title='bbox 799 4456 936 4511; x_wconf 81' lang='lat' dir='ltr'>demensa</span> <span class='ocrx_word' id='word_1_684' title='bbox 959 4464 1027 4530; x_wconf 90' lang='grc' dir='ltr'><strong><em>μίου</em></strong></span> <span class='ocrx_word' id='word_1_685' title='bbox 1050 4459 1165 4526; x_wconf 78' lang='grc' dir='ltr'><strong><em>αἵματος</em></strong></span> <span class='ocrx_word' id='word_1_686' title='bbox 1186 4459 1224 4513; x_wconf 80' lang='grc' dir='ltr'>είς</span> <span class='ocrx_word' id='word_1_687' title='bbox 1239 4452 1344 4526; x_wconf 74' lang='grc' dir='ltr'><strong><em>ἄφεσιν</em></strong></span> <span class='ocrx_word' id='word_1_688' title='bbox 1360 4454 1503 4527; x_wconf 68' lang='grc' dir='ltr'><strong><em>ἁμαρτιῶν</em></strong></span> <span class='ocrx_word' id='word_1_689' title='bbox 1521 4461 1567 4509; x_wconf 81' lang='grc' dir='ltr'>καὶ</span> <span class='ocrx_word' id='word_1_690' title='bbox 1586 4457 1655 4524; x_wconf 78' lang='grc' dir='ltr'><strong><em>ζωὴν</em></strong></span> <span class='ocrx_word' id='word_1_691' title='bbox 1673 4455 1794 4517; x_wconf 78' lang='grc' dir='ltr'><strong><em>ἀτώνεον,</em></strong></span> 
     </span>
     <span class='ocr_line' id='line_1_49' title="bbox 106 4541 1795 4618; baseline -0.005 -17"><span class='ocrx_word' id='word_1_692' title='bbox 106 4546 209 4617; x_wconf 87' lang='lat' dir='ltr'>profert</span> <span class='ocrx_word' id='word_1_693' title='bbox 243 4554 271 4603; x_wconf 90' lang='lat' dir='ltr'>et</span> <span class='ocrx_word' id='word_1_694' title='bbox 300 4546 378 4618; x_wconf 90' lang='lat' dir='ltr'>qnasi</span> <span class='ocrx_word' id='word_1_695' title='bbox 409 4545 602 4617; x_wconf 88' lang='lat' dir='ltr'>conspicienda</span> <span class='ocrx_word' id='word_1_696' title='bbox 631 4551 787 4601; x_wconf 84' lang='lat' dir='ltr'>reverenter</span> <span class='ocrx_word' id='word_1_697' title='bbox 815 4541 934 4604; x_wconf 84' lang='lat' dir='ltr'>exhibet,</span> <span class='ocrx_word' id='word_1_698' title='bbox 960 4559 1056 4596; x_wconf 84' lang='lat' dir='ltr'>uerum</span> <span class='ocrx_word' id='word_1_699' title='bbox 1083 4549 1217 4610; x_wconf 79' lang='lat' dir='ltr'>tanquam</span> <span class='ocrx_word' id='word_1_700' title='bbox 1241 4541 1402 4595; x_wconf 85' lang='lat' dir='ltr'>misericors</span> <span class='ocrx_word' id='word_1_701' title='bbox 1426 4544 1506 4596; x_wconf 85' lang='lat' dir='ltr'>Deus</span> <span class='ocrx_word' id='word_1_702' title='bbox 1533 4543 1652 4610; x_wconf 83' lang='lat' dir='ltr'>dipnare</span> <span class='ocrx_word' id='word_1_703' title='bbox 1677 4558 1721 4594; x_wconf 90' lang='lat' dir='ltr'>me</span> <span class='ocrx_word' id='word_1_704' title='bbox 1741 4554 1795 4609; x_wconf 86' lang='lat' dir='ltr'>per</span> 
     </span>
     <span class='ocr_line' id='line_1_50' title="bbox 107 4627 1795 4703; baseline -0.003 -19"><span class='ocrx_word' id='word_1_705' title='bbox 107 4631 216 4703; x_wconf 88' lang='lat' dir='ltr'>quaudo</span> <span class='ocrx_word' id='word_1_706' title='bbox 233 4631 498 4688; x_wconf 90' lang='lat' dir='ltr'>communicantibus</span> <span class='ocrx_word' id='word_1_707' title='bbox 519 4631 614 4686; x_wconf 86' lang='lat' dir='ltr'>eadem</span> <span class='ocrx_word' id='word_1_708' title='bbox 629 4630 786 4702; x_wconf 86' lang='lat' dir='ltr'>participat</span> <span class='ocrx_word' id='word_1_709' title='bbox 961 4628 1086 4697; x_wconf 90' lang='lat' dir='ltr'>pratiam</span> <span class='ocrx_word' id='word_1_710' title='bbox 1121 4635 1212 4692; x_wconf 88' lang='lat' dir='ltr'>tuam,</span> <span class='ocrx_word' id='word_1_711' title='bbox 1255 4634 1285 4680; x_wconf 91' lang='lat' dir='ltr'>ut</span> <span class='ocrx_word' id='word_1_712' title='bbox 1320 4627 1423 4695; x_wconf 83' lang='lat' dir='ltr'>absque</span> <span class='ocrx_word' id='word_1_713' title='bbox 1458 4628 1688 4681; x_wconf 83' lang='lat' dir='ltr'>condemnatione</span> <span class='ocrx_word' id='word_1_714' title='bbox 1723 4644 1795 4680; x_wconf 89' lang='lat' dir='ltr'>com·</span> 
     </span>
     <span class='ocr_line' id='line_1_51' title="bbox 10 4710 1797 4792; baseline -0.006 -17"><span class='ocrx_word' id='word_1_715' title='bbox 10 4744 37 4775; x_wconf 81' lang='lat' dir='ltr'>ss</span> <span class='ocrx_word' id='word_1_716' title='bbox 143 4724 199 4774; x_wconf 80' lang='lat' dir='ltr'>tot.</span> <span class='ocrx_word' id='word_1_717' title='bbox 233 4721 326 4792; x_wconf 83' lang='lat' dir='ltr'>Atque</span> <span class='ocrx_word' id='word_1_718' title='bbox 342 4722 410 4776; x_wconf 89' lang='lat' dir='ltr'>haec</span> <span class='ocrx_word' id='word_1_719' title='bbox 426 4719 503 4774; x_wconf 88' lang='lat' dir='ltr'>dicta</span> <span class='ocrx_word' id='word_1_720' title='bbox 514 4717 569 4773; x_wconf 94' lang='lat' dir='ltr'>sint</span> <span class='ocrx_word' id='word_1_721' title='bbox 580 4718 615 4772; x_wconf 89' lang='lat' dir='ltr'>de</span> <span class='ocrx_word' id='word_1_722' title='bbox 626 4718 800 4785; x_wconf 86' lang='lat' dir='ltr'>eucharistia,</span> <span class='ocrx_word' id='word_1_723' title='bbox 821 4732 936 4788; x_wconf 87' lang='lat' dir='ltr'>quornm</span> <span class='ocrx_word' id='word_1_724' title='bbox 961 4715 1097 4768; x_wconf 85' lang='lat' dir='ltr'>manicam</span> <span class='ocrx_word' id='word_1_725' title='bbox 1133 4731 1216 4768; x_wconf 87' lang='lat' dir='ltr'>sacro</span> <span class='ocrx_word' id='word_1_726' title='bbox 1251 4714 1368 4783; x_wconf 83' lang='lat' dir='ltr'>corpori</span> <span class='ocrx_word' id='word_1_727' title='bbox 1398 4721 1424 4767; x_wconf 87' lang='lat' dir='ltr'>et</span> <span class='ocrx_word' id='word_1_728' title='bbox 1453 4714 1576 4782; x_wconf 85' lang='lat' dir='ltr'>pretioso</span> <span class='ocrx_word' id='word_1_729' title='bbox 1604 4710 1739 4781; x_wconf 85' lang='lat' dir='ltr'>aanpuini</span> <span class='ocrx_word' id='word_1_730' title='bbox 1765 4712 1797 4764; x_wconf 89' lang='lat' dir='ltr'>iss</span> 
     </span>
     <span class='ocr_line' id='line_1_52' title="bbox 10 4788 1798 4876; baseline -0.005 -14"><span class='ocrx_word' id='word_1_731' title='bbox 10 4788 33 4876; x_wconf 52' lang='lat'>¹⁰,</span> <span class='ocrx_word' id='word_1_732' title='bbox 108 4806 229 4861; x_wconf 91' lang='lat' dir='ltr'>omnium</span> <span class='ocrx_word' id='word_1_733' title='bbox 248 4823 330 4862; x_wconf 84' lang='lat' dir='ltr'>verns</span> <span class='ocrx_word' id='word_1_734' title='bbox 352 4823 385 4861; x_wconf 91' lang='lat' dir='ltr'>ac</span> <span class='ocrx_word' id='word_1_735' title='bbox 411 4804 540 4859; x_wconf 86' lang='lat' dir='ltr'>salutaris</span> <span class='ocrx_word' id='word_1_736' title='bbox 558 4819 625 4857; x_wconf 88' lang='lat' dir='ltr'>usus</span> <span class='ocrx_word' id='word_1_737' title='bbox 643 4804 769 4861; x_wconf 86' lang='lat' dir='ltr'>consistit</span> <span class='ocrx_word' id='word_1_738' title='bbox 786 4803 816 4857; x_wconf 93' lang='lat' dir='ltr'>in</span> <span class='ocrx_word' id='word_1_739' title='bbox 832 4819 878 4872; x_wconf 91' lang='lat' dir='ltr'>eo,</span> <span class='ocrx_word' id='word_1_740' title='bbox 905 4808 937 4856; x_wconf 90' lang='lat' dir='ltr'>ut</span> <span class='ocrx_word' id='word_1_741' title='bbox 961 4801 1151 4855; x_wconf 84' lang='lat' dir='ltr'>remissionem</span> <span class='ocrx_word' id='word_1_742' title='bbox 1166 4809 1345 4871; x_wconf 88' lang='lat' dir='ltr'>peccatorum</span> <span class='ocrx_word' id='word_1_743' title='bbox 1361 4801 1501 4869; x_wconf 64' lang='lat' dir='ltr'>etampes</span> <span class='ocrx_word' id='word_1_744' title='bbox 1519 4800 1708 4855; x_wconf 69' lang='lat' dir='ltr'>aeternam.itit</span> <span class='ocrx_word' id='word_1_745' title='bbox 1735 4794 1798 4853; x_wconf 56' lang='lat' dir='ltr'>Oless</span> 
     </span>
     <span class='ocr_line' id='line_1_53' title="bbox 107 4886 1798 4962; baseline -0.005 -16"><span class='ocrx_word' id='word_1_746' title='bbox 107 4908 157 4962; x_wconf 90' lang='lat' dir='ltr'>pro</span> <span class='ocrx_word' id='word_1_747' title='bbox 180 4892 350 4949; x_wconf 89' lang='lat' dir='ltr'>institutione</span> <span class='ocrx_word' id='word_1_748' title='bbox 374 4893 457 4962; x_wconf 87' lang='lat' dir='ltr'>hujus</span> <span class='ocrx_word' id='word_1_749' title='bbox 475 4888 600 4960; x_wconf 87' lang='lat' dir='ltr'>mysterii</span> <span class='ocrx_word' id='word_1_750' title='bbox 620 4887 730 4946; x_wconf 77' lang='lat' dir='ltr'>Christo</span> <span class='ocrx_word' id='word_1_751' title='bbox 748 4889 853 4961; x_wconf 80' lang='lat' dir='ltr'>gratiae</span> <span class='ocrx_word' id='word_1_752' title='bbox 869 4905 936 4961; x_wconf 79' lang='lat' dir='ltr'>aga·</span> <span class='ocrx_word' id='word_1_753' title='bbox 962 4905 1038 4943; x_wconf 89' lang='lat' dir='ltr'>mens</span> <span class='ocrx_word' id='word_1_754' title='bbox 1065 4887 1094 4942; x_wconf 91' lang='lat' dir='ltr'>in</span> <span class='ocrx_word' id='word_1_755' title='bbox 1117 4887 1228 4942; x_wconf 86' lang='lat' dir='ltr'>constit</span> <span class='ocrx_word' id='word_1_756' title='bbox 1247 4888 1362 4959; x_wconf 87' lang='lat' dir='ltr'>apostol.</span> <span class='ocrx_word' id='word_1_757' title='bbox 1388 4886 1434 4942; x_wconf 91' lang='lat' dir='ltr'>lib.</span> <span class='ocrx_word' id='word_1_758' title='bbox 1455 4893 1478 4942; x_wconf 84' lang='grc'>8.</span> <span class='ocrx_word' id='word_1_759' title='bbox 1504 4903 1565 4956; x_wconf 87' lang='lat' dir='ltr'>cap.</span> <span class='ocrx_word' id='word_1_760' title='bbox 1589 4892 1636 4940; x_wconf 82' lang='lat'>21:</span> <span class='ocrx_word' id='word_1_761' title='bbox 1661 4886 1798 4954; x_wconf 84' lang='lat' dir='ltr'>Percepto</span> 
     </span>
     <span class='ocr_line' id='line_1_54' title="bbox 107 4971 1798 5048; baseline -0.005 -17"><span class='ocrx_word' id='word_1_762' title='bbox 107 4996 180 5045; x_wconf 88' lang='lat' dir='ltr'>mus,</span> <span class='ocrx_word' id='word_1_763' title='bbox 206 4977 375 5047; x_wconf 73' lang='grc' dir='ltr'><strong><em>ὀρθοδοξίυν</em></strong></span> <span class='ocrx_word' id='word_1_764' title='bbox 397 4978 481 5048; x_wconf 89' lang='lat' dir='ltr'>hujus</span> <span class='ocrx_word' id='word_1_765' title='bbox 507 4973 616 5030; x_wconf 85' lang='lat' dir='ltr'>articuli</span> <span class='ocrx_word' id='word_1_766' title='bbox 640 4975 792 5048; x_wconf 87' lang='lat' dir='ltr'>repudiatis</span> <span class='ocrx_word' id='word_1_767' title='bbox 809 4974 936 5028; x_wconf 90' lang='lat' dir='ltr'>omnibus</span> <span class='ocrx_word' id='word_1_768' title='bbox 959 4974 1086 5043; x_wconf 77' lang='lat' dir='ltr'>pretium</span> <span class='ocrx_word' id='word_1_769' title='bbox 1115 4990 1232 5043; x_wconf 81' lang='lat' dir='ltr'>corpore</span> <span class='ocrx_word' id='word_1_770' title='bbox 1256 4981 1281 5026; x_wconf 89' lang='lat' dir='ltr'>ct</span> <span class='ocrx_word' id='word_1_771' title='bbox 1303 4974 1439 5042; x_wconf 85' lang='lat' dir='ltr'>aanpuine</span> <span class='ocrx_word' id='word_1_772' title='bbox 1463 4971 1570 5026; x_wconf 73' lang='lat' dir='ltr'>Christi</span> <span class='ocrx_word' id='word_1_773' title='bbox 1591 4971 1701 5039; x_wconf 80' lang='lat' dir='ltr'>pretias</span> <span class='ocrx_word' id='word_1_774' title='bbox 1727 4987 1798 5037; x_wconf 90' lang='lat' dir='ltr'>apa·</span> 
     </span>
     <span class='ocr_line' id='line_1_55' title="bbox 84 5057 1798 5132; baseline -0.004 -15"><span class='ocrx_word' id='word_1_775' title='bbox 84 5082 87 5087; x_wconf 48' lang='lat'>&gt;</span> <span class='ocrx_word' id='word_1_776' title='bbox 109 5064 252 5119; x_wconf 88' lang='lat' dir='ltr'>contrariis</span> <span class='ocrx_word' id='word_1_777' title='bbox 270 5065 405 5119; x_wconf 86' lang='lat' dir='ltr'>erroribus</span> <span class='ocrx_word' id='word_1_778' title='bbox 422 5063 543 5119; x_wconf 83' lang='lat' dir='ltr'>fideliter</span> <span class='ocrx_word' id='word_1_779' title='bbox 559 5067 694 5132; x_wconf 87' lang='lat' dir='ltr'>tueamur,</span> <span class='ocrx_word' id='word_1_780' title='bbox 713 5063 743 5117; x_wconf 92' lang='lat' dir='ltr'>in</span> <span class='ocrx_word' id='word_1_781' title='bbox 760 5077 825 5117; x_wconf 83' lang='lat' dir='ltr'>sera</span> <span class='ocrx_word' id='word_1_782' title='bbox 843 5061 937 5132; x_wconf 88' lang='lat' dir='ltr'>poeni-</span> <span class='ocrx_word' id='word_1_783' title='bbox 964 5060 1075 5126; x_wconf 84' lang='lat' dir='ltr'>musei,</span> <span class='ocrx_word' id='word_1_784' title='bbox 1096 5060 1146 5128; x_wconf 81' lang='lat' dir='ltr'>qui</span> <span class='ocrx_word' id='word_1_785' title='bbox 1165 5075 1216 5111; x_wconf 86' lang='lat' dir='ltr'>nos</span> <span class='ocrx_word' id='word_1_786' title='bbox 1237 5059 1338 5128; x_wconf 80' lang='lat' dir='ltr'>dipsas</span> <span class='ocrx_word' id='word_1_787' title='bbox 1355 5059 1485 5112; x_wconf 84' lang='lat' dir='ltr'>reddidit</span> <span class='ocrx_word' id='word_1_788' title='bbox 1501 5057 1682 5126; x_wconf 85' lang='lat' dir='ltr'>percipiendi</span> <span class='ocrx_word' id='word_1_789' title='bbox 1698 5064 1798 5111; x_wconf 79' lang='lat' dir='ltr'>carseta</span> 
     </span>
     <span class='ocr_line' id='line_1_56' title="bbox 109 5143 1798 5222; baseline -0.004 -20"><span class='ocrx_word' id='word_1_790' title='bbox 109 5151 194 5204; x_wconf 83' lang='lat' dir='ltr'>tentia</span> <span class='ocrx_word' id='word_1_791' title='bbox 222 5167 255 5205; x_wconf 85' lang='lat' dir='ltr'>ex</span> <span class='ocrx_word' id='word_1_792' title='bbox 283 5150 376 5206; x_wconf 87' lang='lat' dir='ltr'>debito</span> <span class='ocrx_word' id='word_1_793' title='bbox 405 5166 473 5222; x_wconf 80' lang='lat' dir='ltr'>erga</span> <span class='ocrx_word' id='word_1_794' title='bbox 500 5146 639 5202; x_wconf 84' lang='lat' dir='ltr'>Christum</span> <span class='ocrx_word' id='word_1_795' title='bbox 668 5147 801 5218; x_wconf 85' lang='lat' dir='ltr'>obsequio</span> <span class='ocrx_word' id='word_1_796' title='bbox 827 5148 938 5219; x_wconf 80' lang='lat' dir='ltr'>caepim</span> <span class='ocrx_word' id='word_1_797' title='bbox 964 5147 1027 5214; x_wconf 76' lang='lat' dir='ltr'>ejus</span> <span class='ocrx_word' id='word_1_798' title='bbox 1044 5144 1185 5213; x_wconf 85' lang='lat' dir='ltr'>mpstcrs&#39;a,</span> <span class='ocrx_word' id='word_1_799' title='bbox 1203 5159 1238 5196; x_wconf 88' lang='lat' dir='ltr'>aa</span> <span class='ocrx_word' id='word_1_800' title='bbox 1256 5160 1393 5211; x_wconf 77' lang='lat' dir='ltr'>repersus,</span> <span class='ocrx_word' id='word_1_801' title='bbox 1412 5151 1443 5196; x_wconf 88' lang='lat' dir='ltr'>ut</span> <span class='ocrx_word' id='word_1_802' title='bbox 1458 5162 1515 5198; x_wconf 90' lang='lat' dir='ltr'>non</span> <span class='ocrx_word' id='word_1_803' title='bbox 1528 5143 1681 5213; x_wconf 85' lang='lat' dir='ltr'>judicium,</span> <span class='ocrx_word' id='word_1_804' title='bbox 1697 5144 1751 5196; x_wconf 85' lang='lat' dir='ltr'>sed</span> <span class='ocrx_word' id='word_1_805' title='bbox 1766 5144 1798 5196; x_wconf 74' lang='lat' dir='ltr'>ia</span> 
     </span>
     <span class='ocr_line' id='line_1_57' title="bbox 109 5229 1797 5304; baseline -0.003 -17"><span class='ocrx_word' id='word_1_806' title='bbox 109 5233 161 5288; x_wconf 88' lang='lat' dir='ltr'>hoc</span> <span class='ocrx_word' id='word_1_807' title='bbox 187 5242 356 5292; x_wconf 89' lang='lat' dir='ltr'>sacramenta</span> <span class='ocrx_word' id='word_1_808' title='bbox 379 5243 488 5291; x_wconf 86' lang='lat' dir='ltr'>utamur</span> <span class='ocrx_word' id='word_1_809' title='bbox 510 5239 595 5304; x_wconf 88' lang='lat' dir='ltr'>atque</span> <span class='ocrx_word' id='word_1_810' title='bbox 620 5249 653 5287; x_wconf 87' lang='lat' dir='ltr'>ex</span> <span class='ocrx_word' id='word_1_811' title='bbox 676 5231 790 5286; x_wconf 85' lang='lat' dir='ltr'>salutari</span> <span class='ocrx_word' id='word_1_812' title='bbox 814 5233 937 5302; x_wconf 88' lang='lat' dir='ltr'>ejusdem</span> <span class='ocrx_word' id='word_1_813' title='bbox 963 5233 1081 5287; x_wconf 76' lang='lat' dir='ltr'>salmam</span> <span class='ocrx_word' id='word_1_814' title='bbox 1099 5231 1179 5284; x_wconf 82' lang='lat' dir='ltr'>nolis</span> <span class='ocrx_word' id='word_1_815' title='bbox 1189 5231 1275 5298; x_wconf 79' lang='lat' dir='ltr'>fiant,</span> <span class='ocrx_word' id='word_1_816' title='bbox 1298 5231 1328 5283; x_wconf 90' lang='lat' dir='ltr'>in</span> <span class='ocrx_word' id='word_1_817' title='bbox 1344 5230 1493 5284; x_wconf 68' lang='lat' dir='ltr'>salutatem</span> <span class='ocrx_word' id='word_1_818' title='bbox 1511 5229 1601 5284; x_wconf 86' lang='lat' dir='ltr'>animi</span> <span class='ocrx_word' id='word_1_819' title='bbox 1618 5238 1643 5283; x_wconf 86' lang='lat' dir='ltr'>ct</span> <span class='ocrx_word' id='word_1_820' title='bbox 1661 5229 1797 5299; x_wconf 83' lang='lat' dir='ltr'>corporis,</span> 
     </span>
     <span class='ocr_line' id='line_1_58' title="bbox 110 5316 1798 5393; baseline -0.003 -19"><span class='ocrx_word' id='word_1_821' title='bbox 110 5338 163 5374; x_wconf 90' lang='lat' dir='ltr'>usu</span> <span class='ocrx_word' id='word_1_822' title='bbox 186 5322 368 5393; x_wconf 84' lang='lat' dir='ltr'>percipiamus</span> <span class='ocrx_word' id='word_1_823' title='bbox 388 5321 495 5376; x_wconf 85' lang='lat' dir='ltr'>divinos</span> <span class='ocrx_word' id='word_1_824' title='bbox 515 5321 576 5375; x_wconf 90' lang='lat' dir='ltr'>illos</span> <span class='ocrx_word' id='word_1_825' title='bbox 594 5317 714 5382; x_wconf 82' lang='lat' dir='ltr'>fruetus,</span> <span class='ocrx_word' id='word_1_826' title='bbox 738 5323 851 5388; x_wconf 86' lang='lat' dir='ltr'>propter</span> <span class='ocrx_word' id='word_1_827' title='bbox 869 5336 938 5390; x_wconf 89' lang='lat' dir='ltr'>quoa</span> <span class='ocrx_word' id='word_1_828' title='bbox 963 5321 995 5374; x_wconf 89' lang='lat' dir='ltr'>in</span> <span class='ocrx_word' id='word_1_829' title='bbox 1021 5317 1177 5371; x_wconf 80' lang='lat' dir='ltr'>custodiam</span> <span class='ocrx_word' id='word_1_830' title='bbox 1199 5317 1329 5385; x_wconf 85' lang='lat' dir='ltr'>pietatis,</span> <span class='ocrx_word' id='word_1_831' title='bbox 1354 5317 1384 5369; x_wconf 90' lang='lat' dir='ltr'>in</span> <span class='ocrx_word' id='word_1_832' title='bbox 1402 5316 1593 5369; x_wconf 87' lang='lat' dir='ltr'>remissionem</span> <span class='ocrx_word' id='word_1_833' title='bbox 1608 5324 1798 5385; x_wconf 78' lang='lat' dir='ltr'>peccatorum,</span> 
     </span>
     <span class='ocr_line' id='line_1_59' title="bbox 10 5399 1798 5474; baseline -0.003 -13"><span class='ocrx_word' id='word_1_834' title='bbox 10 5421 128 5462; x_wconf 65' lang='lat' dir='ltr'>‚surana</span> <span class='ocrx_word' id='word_1_835' title='bbox 154 5404 294 5464; x_wconf 82' lang='lat' dir='ltr'>Salvatore</span> <span class='ocrx_word' id='word_1_836' title='bbox 319 5413 412 5463; x_wconf 90' lang='lat' dir='ltr'>nostro</span> <span class='ocrx_word' id='word_1_837' title='bbox 434 5407 488 5462; x_wconf 86' lang='lat' dir='ltr'>fuit</span> <span class='ocrx_word' id='word_1_838' title='bbox 511 5405 644 5461; x_wconf 85' lang='lat' dir='ltr'>instituta</span> <span class='ocrx_word' id='word_1_839' title='bbox 685 5401 728 5454; x_wconf 86' lang='lat' dir='ltr'>Ex</span> <span class='ocrx_word' id='word_1_840' title='bbox 751 5404 939 5474; x_wconf 85' lang='lat' dir='ltr'>superioribus</span> <span class='ocrx_word' id='word_1_841' title='bbox 964 5407 994 5458; x_wconf 85' lang='lat' dir='ltr'>in</span> <span class='ocrx_word' id='word_1_842' title='bbox 1019 5403 1103 5458; x_wconf 84' lang='lat' dir='ltr'>citam</span> <span class='ocrx_word' id='word_1_843' title='bbox 1122 5403 1224 5470; x_wconf 84' lang='lat' dir='ltr'>saturi</span> <span class='ocrx_word' id='word_1_844' title='bbox 1251 5402 1346 5456; x_wconf 87' lang='lat' dir='ltr'>seculi.</span> <span class='ocrx_word' id='word_1_845' title='bbox 1385 5401 1419 5455; x_wconf 88' lang='lat' dir='ltr'>ln</span> <span class='ocrx_word' id='word_1_846' title='bbox 1446 5399 1588 5472; x_wconf 76' lang='lat' dir='ltr'>horologio</span> <span class='ocrx_word' id='word_1_847' title='bbox 1610 5400 1798 5458; x_wconf 87' lang='lat' dir='ltr'>ecclesiastico</span> 
     </span>
     <span class='ocr_line' id='line_1_60' title="bbox 10 5475 1798 5566; baseline -0.006 -16"><span class='ocrx_word' id='word_1_848' title='bbox 10 5475 69 5565; x_wconf 46' lang='lat' dir='ltr'>{2²⁸⁸ss</span> <span class='ocrx_word' id='word_1_849' title='bbox 112 5491 239 5546; x_wconf 82' lang='lat' dir='ltr'>omnibus</span> <span class='ocrx_word' id='word_1_850' title='bbox 256 5494 316 5549; x_wconf 80' lang='lat' dir='ltr'>ulis</span> <span class='ocrx_word' id='word_1_851' title='bbox 337 5494 430 5566; x_wconf 75' lang='lat' dir='ltr'>colligi</span> <span class='ocrx_word' id='word_1_852' title='bbox 449 5499 539 5564; x_wconf 87' lang='lat' dir='ltr'>potest</span> <span class='ocrx_word' id='word_1_853' title='bbox 556 5493 640 5562; x_wconf 89' lang='lat' dir='ltr'>hujus</span> <span class='ocrx_word' id='word_1_854' title='bbox 658 5489 823 5544; x_wconf 88' lang='lat' dir='ltr'>sacramenti</span> <span class='ocrx_word' id='word_1_855' title='bbox 843 5490 937 5546; x_wconf 87' lang='lat' dir='ltr'>delini·</span> <span class='ocrx_word' id='word_1_856' title='bbox 966 5489 1135 5546; x_wconf 80' lang='lat' dir='ltr'>Graecorum</span> <span class='ocrx_word' id='word_1_857' title='bbox 1160 5492 1275 5544; x_wconf 81' lang='lat' dir='ltr'>exstant·</span> <span class='ocrx_word' id='word_1_858' title='bbox 1290 5487 1343 5542; x_wconf 88' lang='lat' dir='ltr'>hae</span> <span class='ocrx_word' id='word_1_859' title='bbox 1368 5501 1478 5557; x_wconf 86' lang='lat' dir='ltr'>preces:</span> <span class='ocrx_word' id='word_1_860' title='bbox 1506 5487 1560 5551; x_wconf 78' lang='lat' dir='ltr'>Qus</span> <span class='ocrx_word' id='word_1_861' title='bbox 1583 5488 1636 5541; x_wconf 83' lang='lat' dir='ltr'>das</span> <span class='ocrx_word' id='word_1_862' title='bbox 1659 5488 1689 5540; x_wconf 86' lang='lat' dir='ltr'>in</span> <span class='ocrx_word' id='word_1_863' title='bbox 1705 5487 1798 5541; x_wconf 79' lang='lat' dir='ltr'>cibum</span> 
     </span>
     <span class='ocr_line' id='line_1_61' title="bbox 111 5573 1798 5646; baseline 0 -15"><span class='ocrx_word' id='word_1_864' title='bbox 111 5577 165 5631; x_wconf 88' lang='lat' dir='ltr'>tio:</span> <span class='ocrx_word' id='word_1_865' title='bbox 196 5576 284 5631; x_wconf 84' lang='lat' dir='ltr'>Sacra</span> <span class='ocrx_word' id='word_1_866' title='bbox 301 5597 387 5635; x_wconf 89' lang='lat' dir='ltr'>coena</span> <span class='ocrx_word' id='word_1_867' title='bbox 408 5579 466 5636; x_wconf 82' lang='lat' dir='ltr'>sisa</span> <span class='ocrx_word' id='word_1_868' title='bbox 488 5574 653 5636; x_wconf 76' lang='lat' dir='ltr'>eucharistia</span> <span class='ocrx_word' id='word_1_869' title='bbox 674 5575 718 5625; x_wconf 72' lang='lat' dir='ltr'>est</span> <span class='ocrx_word' id='word_1_870' title='bbox 740 5581 938 5633; x_wconf 87' lang='lat' dir='ltr'>sacramentum</span> <span class='ocrx_word' id='word_1_871' title='bbox 965 5577 1036 5632; x_wconf 76' lang='lat' dir='ltr'>asili</span> <span class='ocrx_word' id='word_1_872' title='bbox 1052 5590 1165 5631; x_wconf 70' lang='lat' dir='ltr'>aarum</span> <span class='ocrx_word' id='word_1_873' title='bbox 1181 5581 1262 5629; x_wconf 74' lang='lat' dir='ltr'>nsum</span> <span class='ocrx_word' id='word_1_874' title='bbox 1276 5574 1389 5644; x_wconf 66' lang='lat' dir='ltr'>solem</span> <span class='ocrx_word' id='word_1_875' title='bbox 1423 5574 1474 5644; x_wconf 79' lang='lat' dir='ltr'>pas·</span> <span class='ocrx_word' id='word_1_876' title='bbox 1490 5574 1566 5646; x_wconf 86' lang='lat' dir='ltr'>ipsis</span> <span class='ocrx_word' id='word_1_877' title='bbox 1583 5590 1615 5629; x_wconf 88' lang='lat' dir='ltr'>es</span> <span class='ocrx_word' id='word_1_878' title='bbox 1629 5582 1656 5630; x_wconf 85' lang='lat' dir='ltr'>at</span> <span class='ocrx_word' id='word_1_879' title='bbox 1671 5573 1733 5629; x_wconf 83' lang='lat' dir='ltr'>urie</span> <span class='ocrx_word' id='word_1_880' title='bbox 1750 5573 1798 5631; x_wconf 79' lang='lat' dir='ltr'>ia·</span> 
     </span>
    </p>
   </div>
   <div class='ocr_carea' id='block_1_3' title="bbox 0 0 2013 6020">
    <p class='ocr_par' dir='ltr' id='par_1_3' title="bbox 0 0 2013 6020">
     <span class='ocr_line' id='line_1_62' title="bbox 0 0 2013 6020; baseline 0 0"><span class='ocrx_word' id='word_1_881' title='bbox 0 0 2013 6020; x_wconf 95' lang='lat' dir='ltr'> </span> 
     </span>
    </p>
   </div>
  </div>
 </body>
</html>
