4004 6022
192 302 251 360 532
751 289 874 349 Locus
892 288 1096 347 menemus
1115 288 1313 349 SECUNDUS

191 455 311 506 nontam.
346 448 390 503 De
409 445 613 517 corruptissimo
627 445 768 500 1166611166
786 445 879 501 curiae
896 453 925 501 et
941 444 1018 499 urbis
1048 445 1301 499 curiaeltomanae
1314 443 1433 512 scripsit,
1452 442 1528 498 molli
1546 448 1637 498 tamen
1657 442 1753 500 cubito
1769 447 1883 497 remst-

192 539 267 590 stetu
291 541 374 590 notae
398 538 462 587 sunt
487 531 571 586 totius
594 531 668 585 orbis
696 531 832 602 querelae.
872 529 1021 585 ”Plotina
1046 532 1118 603 tigit,
1132 537 1228 602 utpote
1241 528 1788 602 quiineodemlutocumaliishaesesit,
1799 527 1882 583 catal.

192 619 332 690 pontificis
357 616 584 673 bibliothecarius
602 617 631 670 in
649 616 707 670 rita
724 615 860 672 Bonifacii
880 616 915 672 V.
932 634 961 686 p.
975 621 1021 671 81:
1045 617 1156 672 testium
1176 617 1255 670 verit.
1274 615 1323 671 lib.
1346 620 1384 670 19.
1404 614 1424 669 1.
1445 620 1520 672 1862.
1555 613 1661 668 Caesar
1679 615 1884 684 Siqismundus

192 706 304 760 Instant
327 723 400 759 nunc
427 709 536 757 Turcae
560 713 636 756 terra
662 721 696 756 ac
719 704 808 769 mari,
833 710 864 755 61
888 721 938 756 666
962 710 1021 753 166·
1042 712 1199 772 parauerat
1222 702 1452 766 reformationem
1479 703 1635 771 quandam,
1668 717 1742 770 quae
1768 699 1885 768 mslqari

190 809 274 860 qrcam
307 789 449 844 anniculos
482 806 514 842 ea
543 788 586 841 111
614 790 745 842 6661611166
772 789 890 841 latebris
915 793 1022 841 erstant.
1046 808 1170 844 sermone
1189 791 1326 860 impressa
1343 796 1440 855 enatat,
1457 806 1513 858 qua
1529 787 1658 841 66161116
1671 785 1885 840 Constantiensi

192 878 328 932 Sedemus
352 876 447 944 otiosi,
474 876 549 928 alter
575 875 696 928 alterum
715 883 915 943 6666616616,
941 871 1024 943 quasi
1048 877 1167 930 concilio
1180 893 1279 945 papae
1291 876 1406 944 ejusque
1420 872 1614 943 spiritualium
1626 873 1883 942 superbiampom·

190 965 242 1018 boc
263 963 367 1015 malum
391 961 539 1014 6616661166
565 961 736 1030 respublicae
762 960 942 1015 Christianae
966 976 1022 1012 non
1043 980 1114 1030 pam
1134 969 1160 1014 et
1176 962 1310 1016 1116166161
1328 978 1383 1013 non
1402 959 1662 1027 nibilercprimere,
1687 965 1714 1011 et
1738 976 1803 1011 eum
1824 959 1882 1027 qui-

190 1049 342 1102 immineat.
378 1048 553 1115 Exspectant
571 1049 742 1115 sacedotes,
766 1054 797 1099 ut
813 1044 1022 1099 saecularibus
1048 1050 1114 1101 dam
1132 1049 1263 1111 (11661661,
1281 1053 1409 1116 oportere
1421 1046 1543 1113 incipere
1561 1063 1579 1097 a
1593 1044 1750 1112 Minorits's,
1768 1061 1883 1112 respon·

190 1134 241 1186 boe
268 1142 374 1186 tantum
401 1132 501 1186 bellum
529 1139 555 1185 et
581 1139 639 1185 tam
664 1132 851 1184 necessarium
879 1137 1005 1183 66616161
1012 1150 1024 1194 ,·
1049 1136 1091 1187 dit
1108 1133 1172 1203 ille,
1191 1152 1247 1187 non
1265 1151 1284 1185 a
1301 1132 1464 1197 Minacias,
1482 1132 1533 1185 sed
1551 1148 1570 1184 a
1587 1131 1745 1198 Majoritis,
1764 1132 1819 1183 sed
1834 1131 1883 1181 ad-

191 1227 348 1290 enspectant
368 1220 434 1272 11616
451 1219 601 1285 seculares,
621 1217 822 1286 etpresbyteri
841 1218 962 1270 tuendas
979 1232 1022 1270 re·
1047 1222 1160 1274 modum
1179 1219 1284 1273 callide
1307 1238 1326 1272 a
1345 1236 1428 1288 papa
1457 1219 1588 1287 deeeptus
1610 1219 1731 1288 piusque
1757 1217 1821 1284 ejas
1841 1232 1883 1268 eo

190 1305 305 1373 liqionis
329 1322 417 1358 causa
438 1304 574 1372 pecunias
600 1304 630 1355 in
656 1310 761 1356 6661161
781 1302 974 1371 polliceantur
996 1308 1021 1353 et
1047 1314 1131 1359 natus
1149 1306 1242 1359 elusus
1261 1305 1327 1374 fuit,
1345 1304 1426 1358 catal.
1443 1303 1490 1359 lib.
1513 1308 1551 1358 19.
1571 1301 1591 1359 f.
1614 1307 1687 1358 1816.
1715 1300 1884 1356 &uferatur

190 1391 397 1444 subministrent
416 1390 538 1453 bellicos,
556 1406 606 1443 666
620 1390 650 1442 16
667 1390 780 1458 pejores
792 1407 858 1440 usrss
870 1389 1022 1459 effundant,
1048 1389 1446 1461 Marsil.Patav.apudW01ff.
1459 1389 1655 1460 1161161*
1683 1387 1827 1441 Adrianus
1835 1386 1883 1439 Vl.

190 1478 424 1543 quemadmodum
441 1477 540 1539 facere
554 1475 686 1543 pierium
700 1474 1022 1542 commorationibus
1048 1479 1138 1548 (eujus
1160 1483 1256 1548 utpote
1279 1475 1416 1547 pontificis
1436 1475 1573 1546 judicium
1601 1474 1653 1529 hac
1671 1475 1700 1527 in
1723 1489 1754 1526 re
1775 1478 1883 1526 certum

190 1563 371 1630 eleemosynis
395 1570 421 1615 et
444 1561 580 1629 sanquine
602 1569 758 1628 martyrum
784 1567 964 1630 comparatae
992 1560 1022 1612 16
1049 1571 1077 1618 61
1103 1562 1259 1629 infallibile)
1286 1563 1315 1617 in
1344 1562 1523 1617 menuctione
1550 1561 1699 1616 Francisco
1723 1558 1884 1629 Cheregato

190 1649 279 1711 aurea
297 1656 324 1701 et
341 1655 475 1717 arqentea
492 1664 561 1700 vasa
580 1653 605 1698 et
618 1645 817 1715 praeqraadia
835 1647 945 1715 quidem
956 1646 1022 1708 fun·
1049 1651 1179 1721 episcopo
1207 1648 1369 1720 Aprutiensi
1400 1648 1493 1720 legato
1526 1647 1561 1701 nd
1590 1651 1757 1701 conventum
1785 1644 1885 1698 Norin-

191 1734 286 1787 dentes
300 1751 405 1802 parum
423 1734 459 1786 de
477 1733 576 1798 futuro
594 1731 712 1794 66116111,
734 1732 800 1796 Dei,
819 1748 899 1801 quem
917 1738 1023 1784 tantum
1049 1736 1212 1809 bergensem
1230 1735 1298 1789 data
1314 1751 1386 1788 anno
1407 1740 1479 1789 1523,
1500 1733 1617 1802 satem,
1642 1750 1660 1784 a
1676 1732 1782 1801 planca
1799 1731 1885 1800 pedi,

190 1818 323 1871 utilitatis
346 1819 442 1888 qratia
460 1817 570 1880 colunt,
593 1825 619 1870 et
639 1818 778 1870 bominum
797 1816 1023 1871 comemora.**
1049 1824 1091 1875 ad
1106 1822 1233 1876 uerticem
1250 1837 1336 1889 usque
1353 1820 1456 1889 capitis
1475 1820 1547 1873 nibil
1563 1836 1621 1872 esse
1633 1819 1699 1871 sani
1709 1817 1739 1869 in
1752 1823 1812 1870 toto
1826 1833 1886 1868 cor·

190 1903 224 1956 ln
248 1905 360 1959 revelet
387 1909 527 1974 extruvtg.
551 1902 689 1974 Briglt‘tae
713 1920 736 1957 c.
757 1911 803 1959 51:
832 1902 960 1956 01116166
982 1903 1024 1955 ad
1045 1923 1117 1976 pore
1137 1907 1247 1960 ordinis
1266 1905 1461 1974 ecclesiastici,
1484 1904 1620 1960 referente
1639 1902 1771 1958 Sleidauo
1792 1901 1841 1955 lib.
1863 1908 1885 1954 l.

190 1993 330 2059 quendam
354 1991 595 2060 archiepiscopum
619 1991 702 2045 dicit:
728 1991 838 2060 inquire
860 1991 977 2043 alterius
996 1995 1022 2040 el
1048 1993 1096 2048 fol.
1109 1999 1150 2049 81.
1169 2009 1265 2048 66111111.
1286 1990 1382 2046 Verba
1394 1989 1581 2044 instructionis
1594 1990 1633 2042 sic
1646 1988 1765 2042 habent:
1788 1977 1885 2050 Dices,

190 2078 274 2144 audi,
301 2078 396 2147 qualis
419 2085 461 2130 est
487 2077 634 2145 desposiao
651 2077 796 2130 Ronsanae
815 2078 924 2141 sitriae,
950 2092 1022 2145 quae
1049 2099 1100 2134 nos
1123 2081 1239 2149 inqenue
1257 2079 1359 2144 fateri,
1383 2080 1460 2146 quod
1478 2078 1556 2129 Deus
1575 2077 1647 2128 banc
1661 2075 1886 2144 persecutionem

190 2165 271 2216 sedes
292 2180 355 2216 mea
380 2180 439 2216 esse
462 2163 581 2219 deberet.
620 2162 699 2215 Sicut
721 2164 793 2215 enim
816 2163 847 2216 16
869 2165 935 2216 sede
957 2179 1023 2231 qua·
1050 2167 1183 2220 ecclesiae
1199 2182 1267 2219 suae
1286 2164 1395 2229 inferre
1411 2163 1550 2231 permittit
1564 2170 1684 2231 propter
1696 2167 1820 2229 peecata
1839 2161 1886 2212 16

190 2256 255 2301 tuor
277 2258 341 2303 sunt
363 2250 507 2302 columnae
535 2256 719 2303 sustentantes
744 2257 769 2303 et
791 2249 913 2302 medium
936 2250 1023 2318 quod·
1049 2253 1153 2306 minum
1181 2251 1298 2304 manime
1325 2252 1504 2303 sacerdotum
1531 2256 1558 2302 et
1586 2247 1720 2300 ecclmiae
1737 2246 1885 2316 praelato-

191 2335 267 2403 dam,
284 2336 315 2387 in
333 2352 387 2403 quo
405 2336 487 2388 sedes
505 2335 637 2403 quiescit,·
658 2335 832 2389 1161666116
851 2352 921 2403 mea,
940 2352 1023 2404 quam
1048 2357 1119 2393 rum.
1139 2344 1190 2393 ete.
1217 2337 1381 2407 Propterea,
1400 2343 1430 2387 ut
1447 2336 1489 2387 ait
1508 2335 1729 2402 Cbrpsostomus,
1751 2332 1886 2386 86166166

191 2421 305 2474 66166116
318 2421 498 2490 pontificibus
517 2421 631 2491 reliqui,
649 2422 779 2474 66666661
792 2438 850 2475 esse
862 2421 946 2491 quasi
956 2439 1023 2491 qua-
1050 2432 1143 2478 noster
1168 2431 1319 2477 curaturus
1339 2423 1479 2486 infrnsam
1499 2420 1637 2474 civitatem
1657 2419 1886 2486 Hierosolymam

191 2513 255 2560 tuor·
267 2507 422 2571 colmanne,
440 2506 712 2575 bumilitasscilicet,
726 2508 894 2576 obedientia,
906 2506 1023 2575 justitia
1050 2512 1192 2581 impressus
1211 2517 1250 2562 est
1262 2508 1348 2577 prius
1367 2506 1507 2576 templum,
1524 2514 1555 2560 ut
1570 2513 1689 2576 peccata
1703 2508 1885 2558 sacerdotum

191 2609 226 2645 aa
246 2593 460 2661 mmericordia,
477 2599 505 2644 et
524 2592 645 2645 medium
662 2592 777 2660 16111661,
796 2592 894 2645 diuina
913 2593 1023 2662 sapien·
1047 2597 1142 2666 primo
1161 2595 1320 2664 castiqaret,
1340 2594 1432 2646 instar
1451 2593 1517 2645 boni
1533 2593 1645 2659 medici,
1663 2591 1714 2660 qui
1729 2591 1886 2644 nsorbuma

191 2679 232 2731 tia
256 2695 318 2731 cum
343 2677 439 2731 diuina
465 2677 591 2733 caritate.
629 2677 688 2730 Sed
712 2677 781 2730 baec
804 2686 913 2731 mutata
935 2685 975 2731 est
999 2684 1026 2730 et
1051 2683 1149 2735 radice
1174 2687 1263 2735 curat.
1307 2678 1429 2747 Scimus,
1454 2680 1483 2732 in
1506 2680 1559 2732 bac
1576 2685 1677 2732 sancta
1692 2679 1760 2730 sede
1779 2677 1886 2745 aliquot

192 2771 316 2816 assumta
334 2781 406 2817 noua
423 2764 512 2830 sedes,
532 2764 562 2814 in
581 2780 639 2831 qua
657 2767 699 2814 est
717 2764 851 2830 superbia
866 2781 920 2831 pro
937 2763 1024 2816 tuni·
1044 2769 1110 2837 jam
1128 2768 1211 2819 annis
1226 2766 1314 2818 616116
1332 2765 1521 2818 abominanda
1537 2764 1643 2831 fuisse,
1661 2763 1814 2815 66666616
1831 2762 1886 2832 spi-

85 2857 132 2900 m
144 2857 178 2899 61
191 2849 283 2915 111616,
299 2850 424 2918 propria
441 2848 570 2901 voluntas
583 2865 639 2916 pra
659 2848 831 2916 obedientia,
848 2866 928 2902 amor
939 2866 1024 2917 pecu·
1051 2853 1216 2920 ritualibus,
1240 2868 1365 2905 66661661
1389 2850 1419 2902 16
1443 2851 1588 2904 mandatis
1607 2857 1633 2901 et
1652 2849 1747 2901 omnia
1767 2848 1888 2916 denique

192 2934 257 2988 niae
276 2952 333 3003 pro
350 2934 484 3003 justitia,
505 2934 552 2986 ira
571 2941 596 2986 et
614 2933 724 2986 invidia
739 2952 795 3003 pro
813 2935 1027 2999 misericordia,·
1052 2941 1082 2992 in
1101 2953 1264 3008 perversum
1285 2943 1401 2992 mutata.
1439 2937 1497 2989 Nec
1513 2937 1628 2998 mirum,
1653 2935 1680 2988 si
1698 2934 1849 3001 aspritudo
1869 2951 1887 2984 a

190 3020 313 3073 medium
332 3028 423 3072 autem
443 3018 541 3072 uocari
558 3019 671 3087 sapiens
693 3028 718 3073 et
735 3021 869 3088 maqister
892 3022 933 3073 ad
949 3040 1025 3074 mun-
1052 3025 1145 3094 capite
1162 3024 1193 3075 in
1209 3023 1340 3086 membra,
1358 3040 1377 3074 a
1395 3023 1508 3075 16616116
1522 3020 1702 3092 pontificibus
1715 3021 1746 3071 in
1761 3019 1888 3072 61166111-

193 3107 267 3160 dum.
304 3106 438 3158 Eccesic
457 3106 569 3157 inversa
589 3111 673 3158 estet
693 3106 841 3159 immutato
858 3123 918 3160 mea
937 3108 1024 3160 sedes.
1050 3113 1174 3178 fartores
1190 3109 1334 3177 praelatos
1352 3108 1535 3165 descenderit,
1572 3107 1673 3160 Omnes
1692 3105 1888 3157 6666661166-

193 3191 266 3248 Vide
290 3192 392 3246 similes
417 3190 544 3263 querelas
568 3188 617 3243 lib.
638 3195 660 3246 1.
687 3207 748 3261 cap.
767 3198 808 3246 41.
827 3195 856 3246 61
873 3198 913 3247 56.
932 3191 980 3249 lib.
1000 3198 1025 3249 ³.
1051 3197 1155 3264 616166,
1178 3195 1366 3263 unusquisque
1390 3193 1420 3246 in
1438 3193 1500 3246 uias
1516 3210 1597 3261 1666,
1622 3208 1672 3244 nec
1684 3189 1750 3257 suit
1761 3191 1888 3259 jamdiu,

192 3294 217 3334 e.
238 3282 279 3334 27.
304 3284 356 3332 etc.
404 3277 550 3331 rrsssdem
570 3277 705 3347 Briffl'tta,
738 3293 810 3348 quae
835 3277 930 3333 floruit
953 3295 1025 3333 anno
1053 3282 1102 3352 qai
1123 3282 1233 3347 faceret
1257 3281 1370 3348 bonum,
1399 3296 1455 3331 non
1473 3279 1539 3346 suit
1559 3295 1646 3346 usque
1665 3279 1706 3329 ad
1727 3294 1815 3330 unum
1836 3283 1888 3332 etc.

194 3362 298 3418 Christi
318 3369 391 3418 1310.
412 3378 515 3434 papam
533 3367 615 3415 vocat
632 3363 792 3416 animarum
810 3364 1025 3433 interfectorem,
1052 3369 1084 3402 ³⁸*
1093 3366 1195 3422 Confer
1210 3363 1337 3420 Goldast.
1355 3370 1420 3418 torn.
1436 3370 1457 3419 1.
1478 3362 1571 3420 Const.
1589 3363 1736 3433 1161111111.
1751 3362 1888 3418 116119.

193 3454 282 3502 osium
295 3448 402 3503 Obristi
413 3451 602 3519 dispersorem
620 3455 646 3500 et
665 3448 857 3515 laceratorem,
878 3450 945 3502 dicit
965 3467 1025 3502 eam
1049 3453 1157 3508 Fascia.
1181 3468 1272 3506 rerum
1294 3448 1426 3521 agendar.
1450 3448 1545 3504 colon.
1567 3447 1633 3501 edit.
1654 3447 1751 3502 Claud.
1771 3447 1889 3519 Espeus.

193 3535 453 3589 abominabiliorem
464 3535 596 3596 ludaeis,
609 3533 784 3586 immitiorem
796 3535 880 3599 Ι1666,
898 3536 1025 3603 injustio-
1051 3540 1080 3593 in
1091 3555 1188 3593 comm.
1202 3536 1258 3592 Tit.
1271 3552 1294 3591 e.
1310 3541 1332 3590 1.
1344 3553 1371 3606 p.
1388 3540 1428 3590 69.
1438 3542 1466 3590 et
1479 3534 1554 3590 tur*
1581 3532 1634 3596 Qui
1648 3535 1704 3587 siut
1717 3533 1758 3586 1111
1774 3535 1888 3602 abusus,

191 3637 250 3673 rern
269 3621 380 3688 Pilato,
401 3620 531 3688 pejorem
554 3628 581 3672 61
604 3620 773 3672 deteriorem
796 3622 858 3688 ipso
880 3622 1023 3684 Insdfero.
1051 3640 1101 3695 per
1119 3622 1226 3694 specics
1242 3628 1340 3693 postes
1357 3620 1511 3691 expositum
1529 3619 1583 3674 fuit
1599 3619 1688 3673 Paulo
1707 3617 1759 3675 111.
1778 3637 1798 3673 a
1816 3621 1889 3675 dele

194 3706 295 3760 Sedens
320 3722 418 3774 papae
444 3705 513 3757 dicit
544 3706 758 3771 demerpendam
783 3706 815 3758 in
837 3707 1024 3776 profundum,
1050 3711 1102 3764 ctis
1129 3709 1165 3764 ad
1183 3708 1255 3762 hanc
1275 3725 1333 3762 rem
1353 3705 1550 3760 cardinalibus.
1586 3703 1700 3758 Editum
1720 3705 1794 3759 enim
1814 3714 1889 3760 ests

192 3792 265 3844 sicia
289 3792 413 3860 lapidem
430 3791 634 3859 ponderosum,
658 3807 813 3844 assessores
831 3793 893 3859 ejus
910 3810 1025 3846 arsuros
1051 3794 1184 3866 Vergerio
1202 3792 1374 3865 Argentinae
1393 3807 1465 3844 anno
1486 3795 1560 3845 1555.
1578 3788 1723 3843 consilium
1742 3790 1778 3845 de
1796 3808 1888 3846 ernen-

192 3877 223 3930 in
247 3877 311 3946 ique
331 3877 482 3946 ssdplurea
502 3883 529 3929 61
546 3872 772 3944 incestisquibs'li.
808 3877 942 3933 Venustus
966 3879 1024 3949 qui·
1052 3880 1143 3934 danda
1160 3878 1278 3934 ecclesia
1294 3877 1479 3945 conscriptum
1496 3891 1514 3929 a
1529 3875 1657 3930 iohanne
1678 3875 1888 3932 PetroCarsffs

192 3964 257 4017 darn
280 3962 477 4018 sermocinator
501 3963 529 4016 in
554 3979 615 4035 cap.
641 3970 681 4019 11.
718 3964 805 4033 Apoc.
831 3964 872 4016 sic
894 3964 1026 4020 describit
1050 3965 1235 4035 Neopolitano
1271 3962 1404 4018 cardinali
1438 3960 1589 4029 'Pheatino‚
1628 3961 1675 4030 qui
1706 3968 1807 4030 666166
1835 3963 1886 4017 sub

191 4049 345 4104 Romanam
370 4049 480 4104 sedem:
508 4050 639 4102 11661666
663 4050 761 4102 deitas
780 4052 911 4104 61666166
928 4052 1025 4119 appel·
1050 4051 1131 4106 Pauli
1140 4050 1190 4106 IV.
1209 4049 1320 4104 nomine
1340 4054 1449 4103 creatus
1467 4045 1601 4116 pontifex,
1619 4046 1714 4099 datum
1731 4047 1822 4103 Paulo
1836 4048 1889 4104 111.

192 4136 280 4205 latur,
315 4136 446 4189 Romana
464 4135 562 4188 civitas
578 4153 660 4188 66166
681 4143 721 4188 est
739 4135 769 4187 in
785 4136 914 4190 scoriam.
953 4139 1025 4189 Ante
1051 4136 1174 4209 pontifici
1193 4143 1222 4191 et
1241 4135 1426 4205 subscriptum
1441 4140 1589 4204 aquatuor
1600 4131 1799 4201 cardinalibus,
1822 4135 1889 4189 duo-

191 4223 441 4291 omniasapientes
450 4228 524 4284 sunt,
540 4228 571 4273 ut
581 4222 699 4288 faciant
711 4221 823 4288 1661616,
841 4221 940 4275 bonum
953 4223 1025 4274 enim
1053 4225 1103 4279 bus
1131 4221 1361 4293 archiepiscopis,
1390 4219 1535 4290 episcopo,
1563 4217 1666 4285 abbate
1696 4223 1726 4272 et
1754 4220 1889 4291 magistro

180 4307 288 4376 'sacae
306 4309 443 4374 66161661,
467 4307 576 4359 inimici
591 4315 655 4359 sunt
674 4315 766 4359 terrae
783 4315 810 4359 61
827 4308 919 4370 66616,
945 4306 1027 4375 impii
1052 4309 1124 4364 sacri
1151 4308 1261 4377 palatii,
1289 4308 1318 4360 in
1342 4321 1397 4378 quo
1420 4305 1460 4359 illi
1484 4304 1523 4358 sie
1547 4305 1711 4375 loquuntur:
1746 4304 1890 4358 Absisibus

190 4396 222 4449 16
241 4396 343 4457 Deum,
362 4393 508 4446 temerarii
525 4393 556 4444 in
573 4400 681 4461 666616,
699 4393 829 4446 seditiosi
844 4394 886 4445 ad
901 4392 1024 4460 inuicem,
1051 4404 1186 4464 tanquam
1207 4393 1355 4463 pestiferis
1382 4391 1486 4444 morbis
1508 4391 1652 4444 ecclesiam
1674 4390 1732 4442 Dei
1743 4391 1811 4458 jam
1827 4393 1889 4460 pri·

191 4479 297 4534 6661611
308 4481 338 4531 16
349 4479 463 4546 6161661,
477 4478 624 4532 inhumani
636 4479 665 4530 in
678 4486 840 4546 serronem,-
852 4478 883 4530 ln·
894 4486 966 4545 6661,
979 4485 1028 4545 qui
1052 4484 1112 4535 dem
1136 4481 1281 4543 laborare,
1304 4477 1474 4547 praesertim
1495 4477 1615 4545 6161616,
1639 4475 1823 4538 manifestum
1841 4485 1889 4541 est,

191 4567 303 4620 1666166
321 4581 377 4617 non
397 4564 690 4632 66116661,61666666
708 4580 764 4617 non
783 4572 963 4634 neqaoerunt,
981 4582 1025 4616 su·
1052 4568 1151 4637 quibem
1169 4567 1295 4634 effectum
1310 4581 1409 4633 prope,
1427 4571 1458 4616 61
1472 4563 1615 4632 paulatim
1627 4580 1662 4614 ac
1675 4564 1780 4615 sensim
1793 4563 1889 4633 inpra-

187 4650 349 4722 pers'ort'bus
366 4650 502 4719 infideles,
521 4649 706 4714 inferioribus
723 4651 966 4719 insupportabiles,
984 4651 1025 4701 iu·
1051 4653 1220 4707 vescentibus
1246 4651 1290 4703 bis
1314 4651 1462 4719 pestiferis
1487 4649 1591 4702 morbis
1617 4665 1750 4717 maqnam
1775 4651 1889 4703 ruinam

191 4736 341 4792 6616666111
360 4737 403 4788 ad
416 4736 577 4803 petendum,
596 4736 637 4787 ad
648 4737 807 4803 neqandum
822 4735 956 4803 frontosi,
976 4737 1025 4786 im·
1051 4740 1178 4792 traxerit.
1214 4736 1392 4806 Principium
1418 4737 1515 4789 borum
1538 4734 1679 4787 mnarum
1703 4734 1772 4787 inde
1796 4737 1888 4799 fuisse

189 4823 307 4893 portani
325 4829 355 4875 ut
375 4822 530 4890 accipiant,
549 4821 656 4888 inqrati
674 4821 908 4890 ubiacceperunt,
926 4823 1025 4875 docue-
1052 4827 1161 4887 diasat,
1197 4824 1274 4890 quod
1305 4822 1453 4890 pontifices
1490 4820 1620 4873 nonnulli
1650 4823 1889 4888 praedecessores

189 4917 256 4962 6661
274 4909 402 4976 linquam
421 4924 501 4960 suam
521 4907 601 4975 loqui
625 4907 762 4973 prandia,
787 4924 849 4959 666
871 4914 1024 4974 operantia*
1051 4910 1140 4963 Pauli
1162 4909 1223 4962 HI.
1247 4907 1473 4960 coacmaoerint
1494 4905 1550 4956 sibi
1573 4907 1725 4973 nsaqistras
1747 4909 1790 4959 aa
1815 4909 1888 4960 desi·

189 4997 305 5063 cuiqam
330 4995 487 5064 turpissimi
504 4995 684 5060 adulatores,
706 4994 914 5046 mordacissimi
932 4994 1025 5046 detra·
1051 4995 1134 5050 deria
1151 5011 1212 5060 sua,
1231 5010 1287 5045 non
1305 4999 1335 5044 ut
1353 4993 1388 5043 ab
1404 4991 1445 5043 eis
1464 4991 1611 5054 discerent,
1631 4993 1707 5058 quod
1717 4992 1823 5058 facere
1841 4995 1888 5045 de·

191 5090 295 5146 atores,
332 5080 537 5150 simplicissimi
562 5079 801 5147 dissimulatores,
830 5079 1027 5146 maliqnissimi
1052 5084 1152 5146 berem,
1169 5081 1221 5132 sed
1236 5087 1267 5131 61
1285 5095 1380 5132 eorum
1397 5078 1493 5130 studio
1506 5085 1531 5128 et
1544 5076 1705 5130 calliditate
1715 5079 1889 5132 inueniretur

186 5169 361 5237 proditores,
381 5184 442 5220 cum
461 5183 518 5234 qua
529 5166 675 5233 fornicati
691 5173 756 5217 sunt
773 5181 854 5232 repes
872 5173 973 5232 terrae,
993 5165 1026 5215 id
1050 5167 1141 5234 ratio,
1167 5183 1224 5234 que
1248 5165 1346 5218 liceret
1367 5163 1400 5215 id
1423 5164 1500 5231 quod
1522 5162 1629 5215 liberet.
1671 5161 1712 5216 Er
1727 5163 1781 5215 boc
1793 5165 1889 5231 sante,

192 5262 231 5308 est
248 5256 354 5307 terreni
365 5254 514 5322 principes
534 5255 626 5305 Deum
645 5251 832 5319 relinquentes
851 5251 1025 5321 611661166-
1051 5250 1193 5321 inquiunt,
1219 5257 1313 5302 sancte
1333 5257 1433 5317 pater,
1461 5254 1592 5316 tanquam
1616 5265 1648 5300 66
1666 5265 1736 5316 equo
1758 5250 1888 5317 Trojano

191 5340 302 5405 mentes,
327 5339 430 5408 allegat
446 5338 575 5409 ltampot.
611 5336 773 5390 Dominicus
793 5335 943 5390 Brixiensis
968 5337 1024 5407 epi·
1051 5337 1180 5405 irrupere
1197 5336 1228 5388 in
1245 5335 1392 5388 ecclesiam
1409 5334 1469 5386 Dei
1485 5340 1526 5385 tot
1543 5334 1645 5386 abinus
1665 5342 1690 5387 st
1709 5343 1767 5387 tam
1779 5335 1888 5405 prauu-

191 5427 309 5496 scopus}
317 5423 440 5478 libellum
466 5425 503 5479 sd
523 5425 603 5479 Pium
624 5423 662 5480 11.
689 5424 771 5478 titulo
795 5424 1024 5492 Resomsationis
1051 5423 1117 5476 simi
1133 5423 1231 5491 morti,
1248 5421 1347 5490 quens
1365 5437 1439 5472 6666
1458 5421 1643 5488 compicimus
1660 5437 1723 5474 eam
1735 5423 1778 5474 ad
1791 5424 1888 5492 despe-
