4004 6022
127 278 133 290 ·
244 330 304 389 see
803 323 932 425 ,LOCUS
949 320 1154 382 vtonsmus
1173 319 1374 382 SECUNDUS

241 494 304 533 mus
322 475 473 547 adEragr.
493 476 528 532 de
545 476 670 532 Romana
687 478 804 535 ecclesia
819 479 952 551 loqusnsz
976 479 1011 536 ss·
1027 495 1075 533 uu-
1107 478 1278 533 um'ssrauls'a
1303 479 1424 532 omnium
1449 486 1610 550 temporum,
1634 477 1759 533 omnm
1779 484 1806 531 et
1819 478 1937 548 papale

241 565 360 620 ctoritas
378 563 531 633 quaeritur,
550 563 626 617 ortis
644 565 739 633 major
756 574 797 620 ert
807 568 883 620 urle.
912 564 1077 639 ”Ignatius
1103 582 1167 618 rum
1184 564 1302 618 ecclesio
1320 564 1496 634 intelligitur,
1513 581 1584 634 quoe
1600 581 1653 634 pce
1670 571 1757 620 soem
1774 565 1873 618 orbem
1883 563 1936 628 ‹lif-

241 650 278 706 ad
295 649 448 706 Romanam
468 647 610 703 ecclesiam
629 650 753 706 scribens
765 652 817 707 hoc
829 653 982 724 praemittit
994 651 1077 721 apio·
1103 651 1171 714 fuea
1188 668 1284 705 omnes
1302 659 1414 706 coactos
1432 659 1498 704 oms
1514 650 1609 718 lepem
1627 650 1678 703 eud
1696 649 1756 718 lepa
1773 657 1802 704 ct
1818 650 1936 720 aalma

242 751 334 809 papa:
354 736 387 810 τῇ
405 737 547 803 ἐκκλησίᾳ,
570 735 628 804 ἥτις
644 736 809 806 παράκειται
826 739 856 792 ἓν
877 738 953 809 τόπῳ
970 745 1077 810 χωρίου
1103 736 1146 790 le‘a
1175 737 1379 807 complectitur,
1408 742 1480 793 teste
1507 735 1642 808 Gregorio
1669 735 1717 791 lib.
1746 740 1771 792 4.
1798 737 1880 809 epist
1899 741 1936 794 88.

241 824 297 877 τῶν
308 822 457 888 Ῥωμαίων.
483 829 591 895 χωρίον
608 832 701 880 autem
719 833 762 881 est
779 826 924 891 dioecesis,
943 830 975 881 ut
993 841 1077 896 appa·
1103 822 1229 879 Tandem
1247 841 1311 879 vero
1330 824 1379 879 illa
1396 822 1516 893 honoris,
1534 821 1678 894 dignitatis
1696 827 1726 878 et
1743 821 1852 878 ordinis
1866 838 1937 894 prae

240 913 284 965 ret
311 925 345 963 ca
376 908 473 963 concil.
502 907 668 967 Chalcedon.
698 919 753 970 act.
782 914 860 968 15.**
902 912 1078 986 Augustinus
1104 910 1230 980 rogativa
1247 909 1388 966 Romanae
1407 909 1541 966 ecclesiae
1557 909 1693 965 attributa
1712 907 1937 981 degeneravitin

241 995 321 1066 epist
347 999 388 1050 te.
409 995 444 1049 de
464 995 569 1052 Urbico
588 996 730 1053 Romanae
748 999 886 1056 ecclesiae
903 999 1076 1055 consuetudi·
1104 996 1257 1066 potestatis,
1273 996 1474 1068 jurisdictionis
1493 1002 1521 1050 et
1541 995 1699 1050 dominatus
1717 995 1937 1067 usurpationem

241 1099 305 1138 nem
323 1081 352 1136 in
366 1083 475 1154 jejunio
493 1083 555 1138 aliis
575 1084 697 1139 ecclesiis
715 1086 855 1156 imponere
874 1093 1019 1158 satagente
1037 1085 1076 1139 di·
1105 1082 1199 1150 (etde
1224 1082 1272 1137 illa
1294 1099 1359 1139 vero
1382 1083 1507 1150 notione,
1532 1098 1589 1153 qua
1612 1082 1759 1137 ecclesiam
1775 1081 1937 1138 catholicam

243 1170 294 1239 cit,
313 1168 389 1240 quod
409 1177 467 1223 toto
486 1177 628 1224 imarum
646 1172 711 1225 orbe
728 1174 863 1243 diffisum
884 1177 1003 1244 acceptis
1021 1174 1077 1227 Ro·
1104 1166 1229 1223 Romana
1246 1184 1391 1241 synagoga
1410 1168 1582 1237 considerat,
1601 1168 1709 1222 ratione
1730 1167 1937 1240 jurisdictionis,

242 1256 333 1309 mansi
350 1263 377 1308 et
391 1255 494 1324 paucis
512 1257 605 1310 adhoc
623 1258 844 1312 occidentalibso
855 1260 1024 1330 blasphemet
1037 1277 1078 1314 ec·
1105 1270 1187 1327 quam
1205 1255 1233 1309 in
1251 1272 1345 1311 omncs
1365 1255 1434 1311 elias
1450 1255 1504 1310 sub
1521 1255 1603 1310 unius
1620 1254 1720 1326 capitis
1737 1254 1938 1312 visibiliseom·

242 1342 366 1398 clerium.
402 1341 566 1398 Ambrosius
580 1342 628 1398 lib.
642 1349 665 1400 3.
685 1345 719 1399 de
733 1362 848 1403 sacram.
861 1363 885 1404 c.
898 1354 926 1402 1:
945 1347 981 1400 Is
992 1349 1078 1401 omui·
1104 1341 1234 1396 munione
1255 1341 1309 1396 sibi
1333 1342 1515 1397 adhaerentes
1532 1341 1630 1409 hebet,
1655 1340 1743 1396 altum
1762 1347 1806 1397 eet
1823 1341 1855 1396 in
1873 1341 1937 1400 ees

243 1428 294 1482 bus
318 1428 399 1499 sequi
421 1430 504 1499 cupio
527 1430 672 1484 sesumam
690 1433 857 1502 Romanam,
876 1435 928 1487 scel
943 1441 1035 1487 tomen
1054 1442 1078 1487 et
1104 1429 1193 1499 pluris
1211 1427 1356 1483 silentium.
1392 1427 1491 1499 Neque
1510 1427 1710 1499 subjectionem
1727 1428 1809 1483 istam
1831 1429 1937 1500 permit

242 1532 295 1568 sos
317 1515 442 1569 homines
464 1532 574 1569 semum
598 1517 743 1587 habemus,
767 1519 832 1573 ideo
854 1521 932 1588 quod
948 1519 1021 1572 olibi
1035 1537 1078 1572 re·
1103 1514 1138 1569 tit
1149 1514 1267 1579 sororia,
1281 1514 1311 1569 id
1326 1519 1369 1569 est
1380 1514 1504 1586 aequalis
1515 1513 1690 1569 necessitudo
1702 1513 1937 1585 ecclesiarumlss

153 1668 157 1676 .
243 1602 314 1654 etim
336 1610 479 1668 servatur,
505 1610 530 1655 ct
551 1619 601 1655 nos
619 1611 694 1657 recte
713 1605 893 1662 custodimus.
929 1603 967 1672 (A
985 1603 1078 1660 catho-
1104 1616 1136 1655 ac
1155 1601 1237 1656 hodie
1255 1601 1338 1672 plane
1355 1601 1385 1656 in
1400 1600 1577 1673 tyrannidem
1596 1600 1677 1665 abiit,
1702 1618 1786 1673 quam
1803 1602 1836 1658 in
1856 1603 1937 1659 eccle

242 1685 297 1742 lica
320 1687 438 1742 ecclesia
460 1704 602 1758 nunquam
628 1688 773 1746 dissentire
791 1708 821 1746 se
839 1691 944 1746 diceret
962 1691 1077 1747 Ambro-
1104 1687 1222 1743 siasticis
1245 1694 1273 1743 et
1295 1688 1465 1744 sacularibus
1484 1687 1626 1743 Romnum
1654 1703 1728 1759 papa
1745 1688 1800 1743 sibi
1819 1695 1937 1763 anogat,

241 1773 309 1841 eius,
327 1773 376 1828 sed
393 1776 422 1827 in
440 1773 539 1829 ritibus
557 1791 575 1828 a
592 1774 719 1830 Romana
735 1776 899 1833 dissentiens
916 1794 946 1832 se
966 1792 1077 1832 sensum
1105 1791 1137 1829 ex
1162 1791 1217 1845 quo
1236 1774 1389 1829 Romanam
1404 1790 1483 1828 susm
1504 1773 1648 1829 ecclesiam
1666 1774 1834 1829 catholicam
1853 1782 1937 1833 vocat

242 1858 346 1915 hahere
362 1877 418 1915 non
438 1859 605 1924 dubitabat.)
640 1859 792 1933 Gregorius
811 1861 860 1917 lib.
882 1863 1077 1921 sninJobnm
1104 1860 1144 1914 At
1166 1859 1235 1932 quid
1258 1877 1320 1916 cum
1345 1860 1470 1915 doctrina
1493 1876 1638 1915 commune
1660 1859 1745 1916 habet
1768 1855 1994 1918 dominaeotffl

241 1963 266 2003 c.
292 1953 322 2002 9:
351 1946 503 2000 Universae
531 1948 679 2018 ecclcsiae,
706 1965 777 2018 moue
802 1967 888 2003 unam
911 1950 1077 2003 catholicam
1104 1945 1134 2002 Si
1163 1945 1299 2003 catholica
1327 1946 1477 2006 dominatio
1505 1946 1574 2001 facit
1596 1947 1742 2002 ecclesiam
1766 1946 1939 2019 catholicam,

240 2033 368 2101 focium,
392 2032 619 2086 odouacenmloc
635 2043 783 2103 cocuntur,
808 2054 864 2090 noa
875 2036 940 2104 jam
957 2044 1087 2090 uetustae*
1104 2030 1173 2103 quid
1194 2032 1323 2103 impedit,
1360 2032 1507 2103 quominus
1535 2037 1658 2103 tempore
1683 2031 1808 2089 florentis
1834 2035 1941 2108 imperii

239 2136 294 2190 per
315 2120 435 2188 melpum,
454 2122 506 2174 scd
524 2121 651 2174 amatim
665 2137 720 2190 per
737 2122 861 2190 prasium
879 2122 917 2196 (si
934 2122 1078 2179 universae
1104 2118 1222 2174 Romani
1239 2119 1366 2175 Renum
1383 2119 1494 2175 ethnica
1506 2118 1615 2174 dicatur
1626 2117 1712 2175 fuisse
1724 2120 1885 2177 catholica?
1904 2121 1941 2179 Ut

243 2205 378 2262 ccclesiae
397 2205 505 2260 faciunt
520 2205 698 2275 catholicam,
723 2224 790 2280 ergo
807 2225 863 2265 non
879 2208 939 2263 sola
953 2208 1080 2264 Romana
1105 2206 1214 2261 interim
1228 2223 1284 2261 non
1303 2206 1400 2272 dicam,
1421 2206 1553 2277 plurimas
1573 2205 1703 2261 ecclesiae
1722 2205 1897 2263 Christianae
1913 2208 1941 2263 in

222 2310 226 2315 ·
242 2300 285 2348 est
309 2291 456 2360 catholica)
480 2292 559 2347 Beda
575 2291 622 2347 lib.
644 2301 668 2350 5.
687 2293 783 2351 histor.
802 2311 826 2352 c.
846 2300 891 2351 22:
919 2296 1020 2349 Omnes
1037 2313 1078 2349 ec·
1105 2291 1209 2361 Africa,
1221 2292 1249 2347 in
1260 2294 1403 2365 Aegypto,
1414 2293 1443 2348 in
1455 2292 1605 2364 Aethiopia
1618 2309 1685 2361 esse,
1698 2294 1773 2364 quae
1782 2310 1819 2348 ne
1831 2293 1942 2365 quidem

242 2379 346 2433 oleatae
365 2395 420 2448 per
445 2379 538 2431 orbem
561 2396 646 2448 unum
668 2381 815 2434 ecclesiam
836 2382 958 2446 faciunt.
997 2381 1079 2438 Unde
1104 2396 1203 2436 nomen
1222 2379 1340 2434 Romani
1358 2379 1495 2451 pontificis
1513 2379 1692 2444 audiverunt,
1718 2379 1824 2434 nedum
1849 2388 1881 2437 nt
1899 2388 1942 2454 ty·

243 2472 336 2537 patres
352 2463 460 2520 concilii
472 2463 640 2521 Basileensis
651 2466 731 2536 epist
745 2466 843 2538 synod
853 2471 877 2523 3.
890 2467 929 2522 sic
941 2466 1078 2522 scribunt:
1104 2465 1213 2521 rannidi
1231 2466 1292 2537 ejus
1310 2465 1382 2520 colla
1400 2464 1591 2533 submiseriut3
1614 2464 1749 2536 plurimas
1768 2467 1838 2522 item
1858 2469 1942 2523 eccle

241 2553 375 2607 Dicimus
398 2553 557 2606 Romanum
582 2554 679 2607 aedem
701 2554 890 2623 principalem
911 2556 986 2609 iuter
1003 2556 1079 2609 alios
1104 2553 1160 2607 sias
1179 2569 1252 2623 esse,
1277 2551 1401 2608 Graecae
1421 2552 1526 2607 scilicet
1543 2552 1572 2606 in
1593 2550 1678 2620 Asia,
1703 2552 1943 2623 quasdamstiam

243 2640 332 2706 sedes,
350 2639 402 2691 aad
413 2639 551 2707 numquid
561 2639 628 2691 dum
642 2647 755 2707 partam
767 2639 903 2709 modoet,
922 2641 1080 2695 obiiciente
1105 2641 1133 2694 in
1150 2639 1255 2706 Africa,
1273 2656 1346 2712 quae
1363 2639 1543 2696 dominationi
1561 2641 1621 2710 ejus
1638 2639 1748 2695 fortiter
1762 2639 1941 2707 restiterunt;

243 2724 350 2779 totius}
369 2725 506 2792 numquid
518 2726 585 2777 dum
596 2742 681 2778 unam
692 2725 990 2798 ecclesiumcmolls‘ts'e,
1009 2745 1080 2799 eum,
1104 2725 1238 2798 plurimas
1265 2725 1294 2781 in
1314 2726 1442 2797 Europa,
1471 2741 1545 2797 quae
1567 2726 1717 2782 violentum
1743 2725 1943 2783 dominaticn'u

243 2825 318 2880 orsae
345 2810 517 2864 uniuersalis
542 2818 596 2878 est,
624 2811 655 2864 in
680 2828 737 2880 ossa
759 2813 889 2866 Romanu
914 2817 1079 2885 continetur,
1103 2812 1177 2867 illius
1191 2813 1292 2885 jugum
1309 2819 1497 2868 excusserunt.

239 2897 488 2969 praetermittitis!
519 2895 558 2951 Et
572 2896 602 2952 in
619 2898 774 2968 appendice
790 2898 866 2954 illius
883 2900 993 2956 concilii
1011 2901 1079 2956 dici·
1142 2904 1198 2955 159.
1233 2899 1372 2955 Monenda
1395 2898 1449 2952 hoc
1471 2897 1531 2953 loco
1556 2897 1625 2952 mia:
1653 2904 1675 2954 l.
1699 2897 1863 2955 Pontificios
1887 2915 1945 2955 non

242 2990 300 3039 tur:
320 2985 451 3037 Romana
468 2983 585 3038 ecclesia
604 3001 659 3038 nou
677 2994 717 3038 est
732 2985 879 3052 autema,
896 2989 948 3041 sed
965 2990 1000 3042 dc
1018 2989 1078 3042 uni·
1104 3002 1165 3041 esse
1188 2991 1333 3041 contentos
1351 2986 1460 3040 nomine
1478 2984 1624 3050 catholico,
1650 2984 1700 3040 sed
1718 3002 1820 3042 vocare
1837 3003 1869 3043 ee
1884 2988 1944 3042 Ro·

243 3072 382 3125 uersitate.
419 3069 490 3126 Item
515 3071 545 3125 in
568 3070 664 3127 concil
688 3071 854 3128 Ferrarieus.
880 3090 946 3131 sess.
967 3081 995 3130 9:
1021 3077 1077 3130 Ro·
1104 3072 1385 3141 muuo·Cotholicos,
1408 3071 1438 3126 id
1458 3071 1532 3143 quod
1550 3071 1655 3142 experti
1673 3077 1751 3141 sunt,
1770 3072 1820 3143 qni
1839 3073 1869 3128 in
1885 3088 1944 3129 ma·

243 3176 329 3213 moeso
359 3158 477 3212 cocleam
499 3158 658 3211 universali
676 3159 794 3212 ecclesio
817 3159 940 3224 inferior
962 3168 1011 3219 cst.
1048 3163 1078 3217 Si
1105 3176 1157 3213 nus
1185 3159 1389 3230 Harpyiarnm,
1413 3157 1608 3230 inquisitorum
1626 3157 1747 3222 scilicet,
1775 3157 1944 3216 inciderunt

243 3246 381 3314 obvertas,
398 3243 552 3299 catholicae
569 3260 669 3300 nomen
687 3244 769 3300 hodie
785 3246 870 3318 vulgo
883 3247 968 3303 tribui
978 3248 1077 3305 Roma-
1104 3245 1192 3318 Atqui
1211 3245 1264 3301 hac
1282 3245 1389 3300 ratione
1402 3244 1567 3313 ostendunt,
1585 3260 1614 3299 se
1626 3260 1682 3299 non
1694 3261 1754 3300 esse
1769 3260 1836 3302 vere
1848 3246 1943 3303 catho-

242 3350 295 3388 nae
312 3331 454 3399 ecclesiae,
472 3331 687 3400 respondemus:
707 3337 730 3386 t.
748 3333 851 3387 nomini
867 3333 932 3388 huic
947 3354 1002 3391 non
1014 3336 1078 3392 snb·
1104 3333 1180 3395 lices,
1198 3335 1265 3404 quia
1282 3332 1428 3387 ecclesiam
1447 3331 1565 3403 alligant
1584 3331 1620 3385 ad
1631 3339 1736 3386 certum
1748 3330 1852 3397 locum,
1867 3334 1944 3389 vidc-

242 3436 303 3475 esse
327 3435 385 3473 rem
410 3417 514 3489 ipsam,
538 3417 669 3472 videlicet
686 3416 768 3474 fidem
788 3419 966 3486 catholicam,
988 3440 1079 3496 aqua
1104 3421 1171 3475 licet
1185 3420 1311 3475 Romam.
1346 3418 1410 3474 Sive
1428 3419 1501 3473 enim
1518 3417 1644 3473 Restm
1658 3417 1776 3473 ecclesia
1788 3419 1945 3490 accipiatur

243 3505 272 3561 in
296 3504 390 3559 multis
409 3502 547 3574 capitibus
564 3504 732 3574 jampridem
751 3503 861 3562 defecit.
898 3514 921 3563 t.
940 3507 1079 3564 Honoriti-
1104 3523 1155 3578 pro
1173 3506 1316 3561 Romanae
1330 3505 1406 3559 urbis
1424 3504 1549 3574 ecclesia
1570 3504 1628 3558 sive
1648 3521 1698 3576 pro
1716 3510 1777 3559 tota
1793 3520 1885 3577 papas
1904 3506 1944 3561 di·

243 3609 305 3648 cam
327 3591 404 3645 illam
424 3589 639 3660 appellationem
662 3589 789 3645 Romana
811 3591 930 3649 ecclesia
953 3594 1007 3650 sibi
1026 3596 1078 3668 ipsi
1104 3595 1192 3660 tione,
1220 3609 1277 3647 non
1299 3597 1392 3663 potest
1415 3590 1470 3645 dici
1497 3589 1647 3654 catholica,
1679 3589 1746 3662 quia
1773 3591 1945 3662 particulare

244 3677 384 3749 arrogavit
394 3683 507 3748 propter
518 3677 639 3746 speciem
651 3678 793 3748 quandum
805 3678 1020 3737 universalitatis
1033 3700 1079 3738 ex·
1104 3694 1247 3750 nunquam
1261 3684 1304 3732 est
1315 3677 1478 3746 universale,
1498 3677 1605 3747 species
1618 3692 1673 3730 non
1686 3681 1729 3730 eet
1739 3693 1838 3749 genus,
1857 3694 1944 3733 mem·

245 3771 348 3820 tmnae.
385 3769 410 3820 3.
435 3761 546 3817 Dicitur
562 3779 580 3817 a
596 3762 677 3817 nobis
696 3763 846 3833 catholica,
870 3781 926 3820 non
945 3768 1020 3839 quod
1037 3786 1078 3824 re-
1105 3766 1185 3821 brnm
1201 3782 1256 3820 uon
1276 3770 1320 3820 est
1337 3763 1475 3834 integrum
1487 3778 1596 3833 corpus.
1632 3768 1654 3818 t.
1669 3761 1722 3828 llli,
1742 3763 1846 3835 quibus
1858 3764 1946 3821 eccle-

244 3866 312 3906 eera
328 3849 392 3905 talis
410 3866 428 3904 a
444 3847 524 3903 nobis
542 3847 690 3916 habeatur,
709 3850 779 3904 alias
796 3851 869 3905 enirn
886 3859 997 3908 nostrae
1014 3870 1077 3910 oon·
1103 3852 1161 3906 siae
1183 3850 1328 3906 veritatem
1344 3847 1528 3904 Bellarminus
1554 3847 1606 3903 hoc
1624 3849 1685 3904 loco
1704 3849 1788 3905 unice
1804 3850 1947 3917 vendicat,

243 3936 356 3993 sessioni
379 3935 473 3991 statim
496 3935 623 3990 nuntium
645 3937 815 3991 mitteremus
840 3943 868 3992 et
891 3938 921 3993 iu
942 3941 1077 4011 gremium
1103 3955 1159 3992 non
1183 3937 1272 3993 solum
1297 3942 1430 3992 vocantur
1447 3935 1596 4005 Catholici,
1620 3935 1769 3991 sedetiam
1788 3937 1945 4003 Poutr'ts'cs'e'.

242 4024 383 4080 Romanae
406 4022 541 4078 ecclesiae
562 4027 669 4092 promte
692 4023 1080 4097 concederemns31edquia
1104 4022 1134 4080 Si
1161 4039 1228 4095 ergo
1253 4040 1304 4078 nos
1329 4028 1477 4094 propterea
1500 4039 1554 4076 non
1578 4038 1673 4076 snmus
1696 4021 1849 4092 Catholici,
1877 4025 1946 4097 quia

242 4111 328 4182 rulgo
353 4109 416 4164 talis
441 4126 502 4164 esse
519 4114 649 4180 putatur,
673 4108 723 4163 scd
742 4126 776 4166 ex
794 4109 904 4164 illorum
921 4109 1078 4183 hypothesi,
1103 4126 1234 4165 vocamur
1252 4109 1417 4177 Lutherani,
1441 4108 1482 4162 illi
1506 4107 1602 4162 itidem
1624 4124 1679 4162 non
1697 4114 1780 4163 erunt
1798 4107 1946 4178 Catholici,

242 4197 293 4254 sed
316 4197 434 4265 ironice,
459 4196 691 4268 quemadmodum
710 4204 737 4250 et
753 4195 795 4249 illi
811 4214 861 4251 nos
879 4206 980 4254 vocant
996 4216 1078 4255 evan·
1104 4197 1174 4270 quia
1197 4204 1332 4253 vocantur
1357 4193 1497 4251 Pontificii
1526 4211 1560 4249 ac
1578 4194 1695 4266 Papani.
1734 4192 1898 4251 “lorinus
1916 4198 1945 4252 in

241 4284 354 4356 gelicos.
402 4290 426 4338 t.
457 4282 694 4346 Quemadmodum
726 4281 920 4355 Hierosolyma
954 4292 1078 4357 tempore
1104 4286 1166 4339 Act.
1184 4288 1233 4353 20,
1249 4301 1275 4336 v.
1294 4288 1336 4338 3⁰.
1355 4285 1380 4351 t.
1408 4280 1488 4337 Unus
1508 4286 1572 4335 ests
1586 4283 1613 4335 A
1627 4297 1710 4351 popa
1727 4281 1865 4351 Papisius
1884 4285 1946 4339 diei

242 4369 342 4425 Esaisis
365 4385 394 4424 se
412 4367 531 4424 vocabat
545 4377 673 4423 sanctam
691 4369 829 4423 civitatem
845 4369 919 4425 Esai.
939 4377 968 4440 1,
991 4386 1017 4428 v.
1037 4376 1076 4428 m.
1104 4387 1156 4425 nec
1180 4386 1319 4434 ememor,
1336 4384 1386 4422 nec
1405 4368 1603 4436 mutaremus,
1628 4368 1683 4421 imo
1701 4367 1732 4421 in
1749 4384 1782 4422 so
1801 4371 1945 4439 σωρῖται

243 4472 277 4511 ac
301 4462 426 4527 tempore
445 4454 548 4511 Christi
569 4455 609 4510 ita
630 4455 825 4526 appellabatur
847 4456 883 4512 ab
902 4458 1078 4529 evangelistis
1104 4457 1275 4512 orthodoxae
1301 4455 1376 4525 fidei
1406 4453 1526 4521 cleptum
1556 4453 1795 4524 testimoniumque
1823 4454 1945 4511 libenter

243 4543 342 4599 nauh.
362 4548 392 4611 4,
410 4559 435 4598 v.
455 4549 480 4599 5.
502 4559 565 4597 cum
584 4551 677 4598 tamen
694 4544 776 4608 foetu
794 4552 866 4597 essct
885 4544 1025 4613 mersisse,
1045 4560 1078 4598 ac
1104 4542 1280 4612 noscerimus
1314 4555 1348 4593 uc
1372 4540 1549 4608 profitemur.
1583 4539 1750 4595 Conferatur
1776 4540 1944 4614 Reihingiua

243 4631 474 4705 quemadmodum
499 4629 600 4686 Judaci
623 4636 746 4700 tempore
765 4629 868 4688 Christi
893 4637 921 4687 et
940 4631 1077 4700 apostolo·
1104 4630 1133 4684 iu
1150 4644 1219 4684 mur.
1239 4625 1374 4696 Babylon.
1394 4642 1477 4696 quam
1495 4625 1555 4695 ipse
1570 4635 1653 4681 vocat
1665 4626 1804 4681 civitatem
1815 4637 1944 4684 sancum

242 4735 304 4774 rum
323 4717 463 4774 vocabant
481 4734 511 4773 se
528 4717 603 4788 ipsos
622 4723 649 4773 et
667 4717 704 4771 ab
723 4716 786 4771 aliis
806 4718 889 4772 ctiam
907 4717 1079 4773 vocabantur
1102 4715 1183 4770 lond.
1201 4720 1225 4771 9.
1247 4733 1274 4785 p.
1294 4718 1352 4770 tto.
1370 4717 1399 4767 et
1416 4715 1515 4769 tw*
1542 4713 1572 4771 si
1583 4713 1770 4768 denominatio
1784 4713 1821 4769 ab
1833 4713 1947 4773 homine

242 4822 335 4859 acmen
358 4805 500 4873 Abrabae,
517 4820 573 4859 non
592 4802 667 4875 quod
685 4810 785 4871 essent,
804 4805 854 4859 scd
872 4803 947 4876 quod
960 4804 1079 4874 majores
1104 4808 1241 4872 repugnat
1257 4798 1361 4855 nomini
1380 4800 1525 4871 catholico,
1542 4800 1639 4872 utique
1658 4799 1740 4855 etiam
1754 4799 1946 4858 denominatio

241 4892 365 4964 ipsorum
382 4891 508 4957 fuissent,
529 4905 547 4944 a
566 4906 683 4960 quorum
702 4890 828 4945 doctrina
847 4895 876 4945 et
887 4890 1077 4961 pientedefs
1104 4904 1122 4941 a
1139 4902 1215 4957 papa
1226 4884 1266 4940 illi
1278 4885 1455 4958 repugnabit,
1475 4886 1541 4959 quia
1554 4901 1629 4956 papa
1641 4893 1683 4941 est
1694 4885 1785 4954 homo,
1804 4885 1946 4942 nisiforte

242 4984 353 5047 cerant3
379 4977 419 5032 sic
437 4974 576 5030 Pontificii
593 4992 693 5031 nomen
711 4976 877 5031 catholicum
896 4978 1078 5048 amajoribus
1104 4991 1167 5029 cum
1179 4974 1244 5045 jure
1257 4972 1390 5029 canonico
1403 4973 1495 5028 dicere
1508 4973 1632 5038 velimus,
1647 4989 1755 5041 papam
1768 4988 1828 5026 esee
1840 4972 1945 5031 Deum.

242 5071 388 5137 acceptum
413 5062 505 5119 adhuc
523 5063 658 5131 retinent,
680 5062 781 5118 liceis
799 5062 854 5118 fide
874 5063 1022 5133 majorum,
1047 4995 1093 5119 iti
1103 5076 1126 5115 c.
1145 5060 1212 5115 satis
1231 5060 1294 5117 dist.
1315 5064 1356 5116 96.
1376 5058 1467 5116 Gloss.
1484 5059 1513 5113 in
1530 5059 1614 5114 verbo
1627 5059 1845 5114 declaramusad
1857 5057 1945 5116 finem

243 5157 286 5206 est
310 5168 328 5205 a
351 5150 522 5206 confessione
541 5149 671 5220 antiquae
688 5149 829 5205 Romarm
846 5148 978 5205 ecclesiae
1002 5149 1076 5206 dete·
1103 5163 1119 5200 c
1152 5162 1215 5200 cum
1239 5146 1311 5201 inter
1334 5145 1482 5200 nonnullos
1505 5152 1572 5201 extr.
1593 5145 1629 5198 de
1650 5145 1756 5200 verbm.
1777 5143 1946 5218 significat:

243 5238 388 5302 cerintum
407 5235 577 5292 ostendimus
595 5237 729 5307 superins.
771 5243 796 5291 5.
815 5236 941 5291 Romana
960 5236 1077 5292 eeclesia
1103 5234 1189 5303 Papa
1212 5234 1342 5288 dominus
1366 5234 1446 5286 Dens
1470 5239 1570 5285 nostor.
1611 5230 1796 5287 Bellarminus
1818 5248 1875 5287 non
1893 5231 1947 5288 im·

242 5328 358 5392 propter
374 5322 451 5376 urbis
470 5328 499 5378 et
516 5323 693 5394 episcopatus
710 5321 785 5377 illius
800 5321 990 5377 celebritatem
1004 5321 1076 5377 dice·
1102 5318 1202 5390 probat
1226 5335 1326 5374 nornen
1348 5317 1493 5388 Papiriae,
1519 5334 1580 5370 mm
1603 5319 1761 5371 deserentur
1785 5317 1900 5390 (inquit)
1927 5337 1947 5372 u

243 5407 328 5461 batur
342 5407 408 5462 olim
424 5408 563 5464 catholica
580 5407 791 5480 synecdochica,
808 5413 868 5462 erat
885 5408 959 5463 euim
971 5407 1077 5478 praeci·
1099 5424 1188 5476 popa,
1207 5407 1302 5477 qualis
1323 5405 1382 5471 suit
1398 5404 1501 5458 Poteris
1519 5409 1544 5455 et
1565 5401 1694 5456 Christus
1711 5403 1781 5472 ipss.
1816 5403 1946 5476 Respon-

243 5508 329 5564 puum
349 5491 503 5548 membrum
519 5493 680 5562 catholicas,
699 5493 883 5564 quonomine
897 5493 1010 5564 proprie
1021 5509 1077 5548 nou
1102 5493 1214 5548 demus:
1237 5507 1289 5548 nec
1307 5489 1424 5560 Petrus,
1444 5504 1497 5544 nec
1515 5486 1641 5544 Christus
1657 5489 1771 5544 inerunt
1787 5506 1893 5565 papae,
1912 5498 1946 5547 ut

243 5576 326 5637 onim
343 5577 463 5635 civitatis
480 5578 527 5649 rel
540 5579 678 5664 τοςίοτῇι,
702 5576 808 5636 &mae
825 5577 871 5635 vei
889 5574 1003 5650 Italiae,
1027 5578 1077 5640 sed
1104 5566 1281 5652 impudenter
1301 5576 1355 5632 hoc
1376 5575 1439 5633 loco
1455 5570 1641 5632 munuum
1663 5575 1776 5647 merie,
1789 5570 1850 5633 ‘sed
1867 5583 1945 5635 uter·
