4004 6022
188 288 247 351 186
780 279 903 337 LOCUS
922 275 1128 337 messurus
1146 276 1288 336 Primus

184 439 236 493 hoo
255 445 296 493 est
313 455 416 508 corpus
432 455 529 502 meum
549 438 590 493 ito
607 445 637 490 ut
653 436 815 491 distributio
822 435 910 506 penis
923 434 1022 489 sueta·
1050 438 1082 487 ut
1104 432 1132 486 in
1151 432 1212 505 ipsa
1231 433 1342 489 datione
1362 434 1445 491 simul
1464 435 1646 507 exprimatur,
1671 436 1741 509 quid
1758 437 1842 495 datm
1859 443 1889 495 d

185 526 281 581 rr'stici
301 526 386 592 fecto
408 526 446 580 es't
468 544 524 581 ann
548 544 608 580 cum
622 525 787 595 prolatione
806 524 953 578 verborum
970 521 1022 576 hoc
1049 517 1116 590 quid
1142 519 1180 575 ah
1196 520 1286 576 altero
1305 521 1467 593 accipiatur.
1503 523 1549 578 Sic
1566 523 1615 594 qui
1633 523 1715 580 alteri
1731 524 1763 579 in
1779 542 1886 583 marsu-

85 622 113 664 x.
127 619 173 665 m
187 620 228 668 set
252 629 355 684 corpure
378 631 484 682 meum,·
509 612 635 670 Christus
657 613 730 667 enim
750 628 855 682 penem
872 611 967 681 primo
992 608 1023 662 in
1047 605 1094 677 pio
1110 606 1160 662 dat
1170 614 1281 663 eentum
1295 608 1422 674 florenos,
1439 609 1468 664 in
1479 610 1541 681 ipsa
1553 609 1665 665 datione
1677 609 1757 667 dicit:
1769 611 1885 685 Accipe,

185 717 288 754 manus
304 717 372 753 suos
388 699 500 769 acepit,
519 699 658 753 benedicit
677 706 703 754 et
717 699 827 770 pretias
843 697 910 766 cpit,
919 703 1022 767 posteo
1046 692 1076 748 hi
1095 699 1161 749 sunt
1178 701 1290 751 centum
1308 695 1413 751 floreni.
1450 694 1481 755 si
1496 713 1561 752 vero
1574 697 1755 768 posteriorem
1767 715 1886 771 scopu

184 787 310 855 fronpit,
329 804 363 840 ac
379 793 437 841 tum
455 788 567 841 &mum
583 785 728 841 distribuit
747 785 862 841 dicens:
886 784 1021 854 Accipite,
1046 778 1076 834 in
1092 780 1146 837 hac
1165 781 1354 853 disputatione
1371 781 1545 853 propositum
1564 782 1618 838 sibi
1629 782 1886 842 habuitBellarmi·

186 873 329 943 oooudite,
348 873 400 926 troc
417 881 569 943 estcospus
580 890 679 928 meum.
710 875 791 942 Erpo
806 872 912 942 inipso
926 870 1021 925 distri·
1045 885 1113 937 nus,
1142 867 1273 937 dicimus,
1297 870 1451 925 necessario
1476 869 1704 942 distinguendum
1727 888 1790 929 esse
1810 873 1887 930 intre

184 960 296 1014 batione
319 960 406 1030 penis
430 976 460 1013 se
483 976 586 1029 corpus
603 977 684 1015 snum
700 960 931 1014 manducandum
949 956 1021 1026 ipsis
1047 954 1124 1009 iliam
1155 955 1403 1025 consecrationem,
1432 972 1516 1026 quam
1545 957 1640 1013 statim
1667 963 1696 1014 et
1724 958 1886 1015 immediate

186 1048 258 1100 dure
275 1045 357 1115 ds'eit,
375 1046 402 1100 si
418 1047 530 1116 quidem
543 1063 601 1116 per
614 1046 800 1118 participium
818 1045 913 1101 diceus
926 1042 1022 1098 distri·
1047 1041 1173 1113 sequitur
1190 1042 1364 1108 distributio,
1380 1043 1556 1099 manducatio
1574 1048 1603 1098 et
1620 1042 1735 1114 bibitio,
1760 1061 1794 1100 ac
1810 1046 1885 1105 inter

185 1133 262 1186 butio
287 1133 373 1202 penis
391 1141 417 1186 et
434 1133 591 1202 appellatio
610 1133 739 1204 corporis
758 1133 844 1187 simol
860 1138 1021 1186 connectun-
1045 1128 1123 1184 illam
1140 1128 1389 1194 consecrationem,
1407 1145 1425 1183 a
1443 1146 1501 1200 qua
1518 1129 1689 1200 distributio,
1706 1131 1885 1189 manducatio

186 1227 242 1276 tue.
278 1224 304 1276 2.
313 1217 430 1291 Regerit
440 1219 634 1289 Bellarminus,
649 1220 744 1291 speum
755 1237 865 1274 sensum
876 1218 1022 1273 uerbomm
1047 1232 1081 1271 ae
1094 1213 1192 1271 bibitio
1204 1213 1364 1286 longissimo
1373 1216 1504 1288 temporis
1513 1215 1660 1273 intervallo
1671 1224 1736 1273 sunt
1747 1219 1884 1289 sejuncta

181 1307 345 1377 postulare,
365 1314 396 1360 ut
414 1307 556 1373 dicemus,
569 1308 654 1377 peirn
669 1308 761 1373 fuisse
777 1325 797 1361 ο
815 1307 939 1361 Domino
953 1323 1022 1375 pro·
1033 1284 1037 1381 Ι
1047 1301 1093 1357 rel
1110 1301 1193 1357 etium
1212 1317 1354 1372 nunquam
1372 1318 1434 1359 earn
1451 1307 1613 1374 sequuntur.
1645 1302 1674 1360 Si
1691 1305 1836 1376 quaeritur
1849 1306 1885 1362 de

187 1392 249 1446 lato
276 1391 330 1446 eta
351 1393 449 1462 omia,
476 1393 528 1447 hoc
555 1402 594 1448 eet
619 1411 722 1464 corpus
744 1412 847 1462 mcum,
870 1400 897 1446 et
920 1392 1022 1447 diceet
1046 1387 1264 1453 consecratione,
1293 1405 1376 1459 quam
1404 1389 1499 1444 statim
1523 1395 1552 1446 et
1578 1390 1735 1447 immediate
1758 1392 1885 1464 sequitur

186 1480 303 1549 sompnis
321 1496 413 1549 mens,
430 1496 516 1550 quem
535 1480 645 1535 dederit
665 1481 813 1551 dmmputis
831 1481 922 1535 cibum
940 1479 1021 1533 iiiam
1047 1473 1217 1543 distributio,
1240 1475 1418 1531 manducatio
1436 1481 1464 1533 et
1483 1476 1597 1543 bibitio,
1620 1476 1752 1543 dicimus,
1778 1495 1883 1550 panem

185 1574 212 1620 et
230 1573 339 1636 potum.
376 1567 453 1621 Nom
475 1567 529 1621 ota
552 1567 651 1633 serbo,
674 1569 726 1622 hoc
746 1575 787 1622 est
804 1584 906 1636 corpus
924 1583 1022 1634 meum,
1046 1561 1098 1617 hoc
1116 1560 1199 1618 modo
1217 1569 1418 1632 oomeeramm,
1438 1562 1618 1621 distributum
1636 1570 1666 1621 et
1683 1565 1883 1623 manducatum

186 1652 324 1707 continent
343 1653 490 1719 rationem,
509 1671 560 1707 cur
576 1653 701 1709 &hierii
719 1653 827 1709 comedi
844 1653 895 1707 itte
907 1653 1021 1706 cibaret
1047 1665 1111 1704 vere
1136 1665 1196 1705 esse
1218 1656 1370 1706 κοινωνίαν
1392 1650 1516 1721 corporis
1541 1648 1657 1720 Christi,
1687 1651 1754 1724 quis
1775 1652 1884 1709 scilic&

185 1825 333 1895 rationem,
344 1843 396 1880 cur
407 1828 534 1881 detumit
546 1826 603 1881 tibi
612 1827 763 1897 iiiepotus,
774 1827 1018 1882 undeMattis.26.
1045 1821 1247 1879 institutionem
1280 1824 1502 1897 conjunguntur,
1544 1824 1595 1879 ubi
1624 1842 1689 1880 vero
1717 1824 1883 1883 observatur

184 1912 301 1981 ponitur
317 1912 462 1982 particulo
478 1914 603 1968 consulis
616 1916 705 1983 enim,·
723 1913 806 1983 prius
819 1921 912 1969 eutem
925 1913 1020 1967 estse
1045 1906 1147 1963 Christi
1165 1909 1315 1976 institutio,
1340 1909 1380 1964 ibi
1396 1911 1480 1980 juxta
1495 1909 1712 1977 ordinationem,
1730 1911 1882 1969 institutio

185 1998 262 2051 ratio
287 1998 341 2052 itta
363 2016 382 2053 o
401 2000 523 2054 Domini
543 2000 683 2070 auplicem
704 2008 731 2055 et
753 2000 836 2054 etiam
849 2000 966 2070 percipi
984 2000 1019 2053 od
1044 2009 1107 2048 nem
1129 2001 1157 2051 et
1177 1995 1387 2066 promissionem
1412 2012 1490 2051 suam
1514 1995 1641 2052 Christus
1663 2013 1728 2055 rare
1749 1997 1831 2055 adest
1853 2003 1883 2056 et

186 2084 377 2154 audientibus,
401 2103 484 2155 quem
505 2087 546 2142 eie
567 2089 685 2141 daretur
701 2087 791 2157 ponis
809 2086 859 2142 ilie
875 2089 1018 2143 comeden-
1045 2098 1145 2152 corpus
1165 2098 1200 2137 ac
1215 2081 1380 2153 sanguinem
1397 2100 1478 2138 suum
1497 2082 1577 2139 nobis
1594 2083 1789 2141 communicat
1823 2087 1883 2143 Sed

185 2171 248 2236 dur,
266 2170 399 2225 niosirum
416 2179 446 2226 ut
458 2172 569 2243 scirent,
586 2174 658 2243 quid
667 2173 835 2242 acciperent.
863 2173 1018 2228 Praetereo
1045 2185 1079 2225 ex
1101 2183 1133 2224 so
1158 2186 1214 2225 non
1230 2173 1273 2225 est
1291 2168 1486 2241 colligendum,
1498 2170 1574 2242 quod
1586 2187 1637 2242 per
1648 2171 1725 2226 illam
1738 2188 1882 2229 eonsecra-

185 2256 213 2311 si
235 2256 391 2311 inuitentur
409 2259 628 2329 adhibendum,
652 2259 721 2329 qnia
739 2267 779 2312 eet
798 2258 927 2329 sompnis,
952 2276 1018 2329 erpo
1044 2255 1154 2320 tionem,
1166 2254 1296 2327 adquam
1303 2273 1360 2311 non
1368 2256 1477 2312 accedit
1488 2256 1655 2327 distributio,
1666 2257 1883 2317 manduestioet

180 2343 266 2413 prius
270 2342 336 2412 fuit
346 2344 470 2414 sanpus's,
482 2361 567 2414 quom
579 2344 628 2399 itii
637 2346 766 2400 etonem.
783 2347 835 2399 Ad
844 2346 913 2400 boec
925 2347 1019 2399 Lucos
1043 2340 1150 2410 bibitio,
1167 2340 1246 2412 panis
1263 2343 1300 2397 sit
1316 2359 1417 2413 corpus
1429 2341 1539 2407 Christi,
1556 2343 1581 2398 si
1591 2343 1653 2400 loco
1667 2343 1880 2417 dumbuuonis,

184 2447 208 2487 c.
227 2432 274 2485 22.
294 2437 321 2484 et
338 2431 449 2485 Porcius
467 2434 491 2488 1.
515 2431 577 2490 Cor.
597 2435 638 2488 11.
662 2432 801 2500 scmbnnt,
823 2432 869 2487 iric
887 2440 927 2485 est
943 2431 1019 2485 cotie
1044 2427 1263 2485 manducationis
1274 2434 1303 2485 et
1314 2429 1455 2486 bibitionis
1464 2429 1630 2485 adhibeatur
1638 2431 1764 2502 ejusdem
1774 2432 1879 2504 reposi-

185 2517 252 2571 nooi
266 2518 425 2573 testamenti
442 2518 474 2572 in
491 2535 551 2573 meo
568 2519 723 2589 senpuine,·
738 2535 807 2589 erpo
821 2519 851 2572 in
862 2519 952 2573 eolice
962 2519 1020 2581 suit
1044 2514 1092 2580 tio,
1108 2514 1233 2579 inclusio,
1252 2514 1488 2589 circumgestatio,
1506 2516 1573 2587 quia
1590 2516 1663 2571 eninr
1679 2534 1736 2573 uon
1753 2525 1880 2577 servatur
1891 2526 1917 2569 x.

186 2603 303 2675 sompnis
322 2612 348 2658 et
359 2621 415 2659 non
426 2605 518 2660 solum
530 2607 560 2659 in
571 2623 620 2660 ore
630 2606 804 2671 sumentium,
823 2613 848 2658 et
860 2622 928 2659 sone
936 2605 1021 2674 prius
1044 2599 1182 2656 institutio
1194 2600 1297 2657 Christi
1307 2607 1337 2657 et
1348 2601 1414 2675 quia
1427 2601 1602 2658 institutione
1612 2601 1714 2658 Christi
1724 2620 1878 2662 memen-

187 2691 218 2744 in
235 2690 334 2756 catice,
352 2707 437 2760 quem
457 2692 488 2744 in
507 2709 555 2747 ore
567 2692 741 2760 sumentium,
757 2709 822 2745 nom
835 2708 868 2745 eu
879 2692 968 2746 catice
980 2693 1022 2745 ed
1045 2692 1105 2740 tum
1116 2686 1312 2754 sanctificatur,
1325 2688 1390 2743 inde
1400 2688 1577 2744 manifestum
1586 2694 1734 2745 etcertum
1746 2692 1881 2763 estquod

188 2793 220 2832 os
226 2777 364 2847 peruenit,
372 2794 429 2832 non
439 2785 547 2834 coneo.
565 2777 648 2831 Adde
662 2778 745 2832 verbo
756 2779 847 2833 Ponti
858 2782 881 2833 1.
894 2776 958 2833 Cor.
971 2781 1019 2832 10:
1045 2773 1085 2829 ibi
1096 2792 1152 2830 non
1163 2774 1200 2830 sit
1208 2781 1422 2845 sacramentum,
1433 2775 1482 2831 nbi
1491 2793 1546 2831 non
1554 2782 1680 2831 senatur
1689 2776 1791 2833 Christi
1802 2779 1881 2835 insti·

186 2863 278 2917 Panis
296 2879 377 2933 quem
392 2864 563 2934 frangimus,
581 2880 672 2918 mnne
683 2865 895 2919 communicatio
910 2873 950 2918 eet
961 2883 1020 2920 cor·
1045 2860 1124 2917 tutio.
1148 2858 1333 2916 Concedimua
1343 2861 1438 2933 igitur,
1457 2861 1607 2933 discipulos
1622 2881 1656 2918 es
1667 2864 1754 2921 euhoe
1767 2867 1881 2939 saugui-

183 2949 264 3020 poris
279 2949 419 3004 Domini!
436 2950 477 3004 Et
490 2950 568 3005 celin
578 2949 626 3004 cui
638 2950 834 3020 benedicimus,
846 2968 936 3007 nonne
948 2969 1019 3007 com·
1045 2964 1108 3003 nem
1117 2947 1220 3007 Christi
1234 2946 1337 3004 bibisse
1348 2953 1434 3021 atqua
1442 2949 1538 3005 ordine
1546 2956 1662 3006 naturae
1671 2951 1747 3022 prius
1755 2950 1786 3007 in
1794 2952 1882 3010 salies

185 3035 337 3093 muniootio
354 3035 502 3107 acuminis
518 3035 656 3091 Domini?
680 3036 726 3090 tic
743 3037 816 3093 enim
833 3045 930 3108 aperte
945 3038 1020 3092 Pou-
1045 3051 1129 3106 quam
1148 3035 1177 3089 in
1193 3051 1241 3091 ore
1257 3035 1423 3091 sumentium
1439 3035 1604 3108 sanguinem
1618 3035 1721 3092 Christi
1739 3037 1834 3105 inisse,
1850 3040 1881 3097 id

185 3123 232 3177 lus
248 3121 364 3189 indicat,
378 3121 575 3194 ponemprias
585 3124 750 3177 consecrari
762 3131 788 3177 et
802 3124 908 3178 mrsturi
918 3125 948 3177 in
960 3141 1020 3178 cor·
1031 3096 1034 3221 ³
1045 3121 1118 3177 enim
1139 3120 1255 3192 requirit
1271 3121 1368 3177 relatio
1385 3121 1457 3177 inter
1473 3122 1555 3179 δόσιν
1574 3126 1621 3177 καὶ
1636 3127 1731 3193 λῆψιν,
1750 3125 1880 3183 nimirum

183 3228 239 3280 pus
258 3209 389 3280 Domini,
413 3227 497 3280 qnam
507 3211 670 3278 frenentur
687 3218 712 3265 et
732 3211 935 3278 ctistnibuntur,
952 3210 1021 3264 dicit
1046 3207 1112 3280 quia
1135 3206 1264 3278 discipuli
1287 3207 1417 3263 mandato
1435 3206 1538 3264 Christi
1561 3207 1724 3266 obedientes
1742 3228 1776 3266 ex
1794 3212 1881 3269 calice

186 3298 260 3353 enim
278 3299 318 3364 id,
339 3299 417 3368 quod
431 3297 590 3368 franps'tur,
608 3313 664 3351 non
676 3297 881 3362 essesutmum,
898 3298 1021 3367 eedjem
1046 3301 1206 3349 consecrato
1228 3293 1373 3365 biberunt3
1398 3293 1447 3351 sed
1471 3312 1504 3349 ex
1528 3311 1561 3351 eo
1581 3312 1636 3350 non
1660 3302 1754 3367 potest
1778 3298 1882 3369 inferri,

186 3401 245 3439 esse
268 3401 370 3455 corpus
387 3383 513 3441 Domini.
549 3383 679 3454 Denique
703 3383 734 3437 in
754 3384 878 3438 omnihus
895 3384 1020 3453 titurpiie
1047 3381 1121 3453 quod
1141 3381 1171 3436 in
1188 3381 1275 3437 calice
1291 3387 1451 3437 consecrato
1470 3381 1508 3436 sit
1524 3382 1638 3454 sanguis
1657 3382 1768 3455 Christi,
1785 3384 1810 3441 si
1825 3403 1883 3443 nou

185 3472 267 3525 aerbo
290 3471 456 3539 Dominico,
484 3472 536 3526 hoc
562 3478 602 3524 est
623 3488 737 3540 corpus,
764 3469 809 3524 bic
833 3477 873 3524 est
896 3471 1021 3540 sompnus,
1046 3468 1163 3524 accedat
1179 3468 1287 3525 bibitio.
1319 3468 1402 3524 Actio
1420 3469 1602 3526 eucharistica
1618 3475 1773 3544 estgenere
1785 3491 1844 3530 nna
1855 3480 1883 3531 et

186 3557 274 3613 multo
293 3565 358 3612 onte
375 3558 609 3628 proesumiomur,
627 3575 710 3627 quom
724 3556 812 3626 ponis
830 3557 1021 3618 sanctificatus
1047 3554 1186 3628 quoddam
1197 3560 1296 3624 totum,
1309 3561 1402 3626 partes
1415 3546 1573 3613 essentiales
1589 3556 1673 3628 hujus
1687 3557 1803 3614 aetionis
1816 3565 1883 3617 sunt

187 3643 374 3698 distribuetur
391 3651 417 3699 et
433 3646 625 3700 manducetur.
646 3643 867 3714 Respondemus:
885 3642 954 3699 haec
965 3661 1021 3699 om·
1046 3640 1224 3709 consecratio,
1241 3641 1399 3698 distributio
1415 3647 1444 3698 et
1462 3641 1562 3697 sumtio
1580 3641 1610 3697 in
1628 3643 1843 3701 manducatione
1853 3650 1882 3703 et

187 3728 236 3785 nia
257 3745 290 3784 ee
306 3728 478 3797 referuntur,
500 3728 544 3785 vel
569 3735 601 3784 ut
616 3729 750 3800 probent,
775 3729 924 3785 Dominum
944 3730 1021 3800 prius
1046 3728 1180 3784 bibitione
1199 3728 1361 3799 consistens,
1378 3727 1426 3800 qui
1445 3732 1581 3784 vocantur
1600 3734 1680 3785 actus
1696 3737 1882 3788 sacramenta·

187 3813 297 3884 dixisse,
314 3814 365 3871 boc
381 3822 423 3869 est
441 3832 544 3886 conpos
555 3833 652 3885 meum,
671 3821 819 3886 antequem
830 3832 931 3886 panem
945 3834 1020 3872 mau-
1046 3815 1093 3872 les.
1130 3814 1368 3880 Quemadmodum
1388 3815 1486 3888 igitur,
1514 3816 1625 3887 quando
1643 3833 1707 3887 pars
1727 3824 1770 3873 est
1787 3835 1805 3873 a
1823 3825 1896 3875 toto-

188 3901 349 3957 ducaudnm
366 3902 459 3971 daret,
483 3902 528 3959 vel
545 3907 578 3957 ut
596 3900 727 3972 probent,
745 3918 844 3974 corpus
862 3902 974 3958 Domini
992 3902 1020 3958 in
1046 3910 1190 3976 separata,
1210 3919 1266 3959 non
1289 3902 1357 3958 iicet
1375 3919 1407 3957 ex
1426 3920 1482 3959 una
1502 3909 1579 3973 perte
1598 3903 1700 3961 inferre
1719 3906 1883 3976 totum31ts

187 3987 355 4046 eucharistie
379 4006 440 4047 esse
462 4005 607 4060 praesens,
630 3987 653 4043 si
671 3986 715 4043 vel
733 3988 852 4044 maxime
871 4007 927 4044 nou
944 4007 1021 4045 acce·
1046 4006 1157 4063 quoque
1180 4006 1214 4044 ex
1231 4007 1287 4044 uno
1307 3995 1372 4045 actu
1391 3989 1584 4045 sacramentali
1601 4007 1619 4044 a
1636 3997 1695 4047 tota
1711 3991 1822 4048 actione
1838 4010 1879 4049 se

188 4076 237 4131 dat
254 4075 439 4134 manducatio.
471 4075 500 4132 Si
512 4075 632 4146 priorem
644 4090 759 4144 scopum
772 4072 798 4128 in
813 4073 856 4129 his
867 4074 1019 4147 praefixum
1046 4083 1143 4149 parato
1162 4094 1219 4131 non
1238 4080 1281 4130 est
1293 4075 1450 4149 colligenda
1468 4073 1641 4133 eucharistae
1654 4077 1773 4135 essentia
1784 4084 1813 4135 et
1821 4095 1879 4135 cor·

187 4160 241 4221 sibi
259 4161 390 4220 hebuerit
406 4161 603 4233 Bellsrminus,
624 4161 755 4229 dicimus,
773 4178 824 4217 nos
840 4177 895 4217 nou
913 4179 1020 4219 morose
1045 4164 1121 4236 poris
1137 4167 1166 4218 et
1183 4161 1326 4235 sanguinis
1346 4160 1448 4216 Christi
1467 4162 1631 4232 praesentia,
1650 4164 1700 4219 sed
1718 4181 1751 4220 ex
1769 4164 1879 4221 actibus

187 4248 337 4315 adversari,
353 4248 379 4303 si
398 4248 459 4321 quis
477 4254 598 4305 statuere
618 4249 694 4316 velit,
711 4247 797 4304 verba
814 4248 928 4304 Christi:
947 4250 1020 4327 acci-
1046 4249 1173 4307 omnibus
1197 4256 1331 4320 tauquam
1349 4247 1474 4320 partibus
1492 4249 1574 4305 simul
1592 4250 1691 4305 sumtis
1716 4256 1744 4306 et
1761 4251 1880 4309 invicem

182 4336 255 4405 pits,
274 4335 407 4391 comedite
422 4340 474 4392 eto.
493 4351 552 4389 esee
565 4335 650 4406 paulo
663 4341 726 4390 ante
737 4335 853 4405 prolata,
871 4341 1020 4408 antequam
1047 4336 1208 4409 conjunctis.
1244 4335 1339 4392 Verba
1355 4335 1473 4406 apostoli
1493 4342 1515 4393 1.
1535 4335 1596 4393 Cor.
1617 4342 1759 4401 10,r.1e:
1779 4339 1879 4408 Panis,

188 4422 333 4480 accederet
348 4421 548 4493 discipulorum
565 4421 757 4488 manducatio,
780 4422 859 4489 (iliud
879 4423 965 4488 enim,
989 4429 1021 4478 ut
1046 4441 1126 4494 quem
1139 4423 1320 4492 fronpimus,
1345 4439 1434 4475 nonne
1457 4430 1497 4475 est
1514 4424 1727 4478 communicatio
1751 4425 1881 4496 corporis

188 4526 222 4566 ex
239 4506 422 4581 sequentibus
437 4507 592 4580 apparebit,
609 4515 720 4565 nostrae
736 4508 890 4565 sententiae
908 4527 964 4564 non
978 4528 1020 4566 re·
1048 4510 1168 4564 Domini
1172 4511 1186 4564 t
1215 4513 1323 4562 tantum
1342 4508 1430 4578 abest,
1450 4516 1483 4564 ut
1500 4515 1620 4565 normam
1639 4518 1801 4583 oppugnent
1818 4528 1880 4569 aen·

186 4595 333 4668 bagatat),
351 4594 462 4651 interim
479 4593 548 4650 hacc
567 4593 729 4651 Bellarmini
747 4594 898 4666 disputatio
909 4597 1021 4669 apodic-
1047 4596 1176 4660 tentiam,
1200 4601 1232 4652 ut
1250 4610 1311 4648 eam
1329 4593 1498 4652 ualidissime
1515 4597 1609 4668 potius
1626 4596 1797 4663 confirment,
1816 4599 1882 4672 quis

189 4679 490 4751 ticeidnonprobat,
511 4680 637 4751 quamvis
658 4681 779 4736 enimin
797 4682 896 4747 verbis,
915 4683 967 4737 tor
981 4693 1022 4738 est
1048 4684 1083 4740 de
1109 4699 1183 4754 pane
1208 4678 1389 4737 eucharistico
1412 4680 1501 4737 fracto
1526 4701 1575 4740 seu
1600 4683 1748 4740 distributo
1773 4686 1881 4750 asserit,

187 4784 290 4838 corpus
307 4767 466 4832 menmium
485 4774 525 4820 est
537 4770 653 4839 sanquis
666 4786 748 4833 meus,
761 4768 929 4838 exprimatur
942 4771 1022 4841 ratio,
1047 4769 1120 4843 quod
1138 4768 1175 4823 sit
1193 4773 1321 4822 κοινωνία
1341 4768 1465 4838 eorporis
1482 4768 1604 4840 Domini,
1625 4771 1747 4843 loquitur
1765 4788 1831 4845 ergo
1845 4773 1881 4829 de

190 4870 240 4909 cur
258 4854 379 4911 debeant
398 4853 516 4924 apostoli
536 4852 627 4908 eibum
640 4853 717 4908 illurn
730 4855 873 4911 comedere
886 4864 914 4912 et
927 4864 1023 4929 potum
1046 4871 1120 4929 pane
1140 4872 1195 4909 uon
1213 4853 1319 4909 ratione
1334 4855 1485 4926 maentim,
1509 4858 1559 4913 sed
1577 4875 1644 4913 usus
1662 4858 1880 4928 emramentnlis,

188 4941 267 4997 illum
291 4940 403 5007 bibere,
426 4941 456 4995 id
482 4946 575 4997 tamen
598 4941 710 4998 minime
727 4942 857 5012 impedit,
875 4946 1022 5017 quominus
1046 4941 1188 4998 evidenter
1206 4955 1340 5010 maerens,
1358 4957 1458 5011 panem
1477 4943 1689 5000 eucharisticum
1708 4960 1763 4998 non
1775 4945 1881 5003 ratione

186 5027 216 5085 in
227 5026 290 5098 ipsa
311 5025 503 5083 distributione
520 5026 575 5082 cibi
590 5034 617 5083 et
628 5036 709 5100 potus
722 5028 898 5085 eucharistici
909 5048 1022 5087 cauum
1046 5026 1216 5085 enacmin
1222 5043 1322 5098 corpus
1330 5026 1432 5097 Christi
1440 5030 1571 5094 converti,
1576 5030 1625 5085 sed
1631 5030 1660 5085 in
1668 5048 1721 5085 usu
1727 5046 1882 5087 sacramen·

182 5112 263 5169 illam
284 5111 410 5167 Christus
437 5113 616 5184 expresserit,
641 5131 705 5169 eum
729 5120 830 5171 natura
853 5117 970 5173 actionis
994 5121 1023 5172 et
1047 5113 1109 5183 tali,
1127 5113 1238 5186 quando
1258 5113 1366 5169 seilicet
1384 5114 1560 5171 distribuitur
1578 5121 1606 5171 et
1619 5115 1883 5183 manducetur,ssse

188 5197 325 5254 enarratio
341 5196 471 5254 historica
489 5215 522 5255 eo
531 5215 581 5253 nos
595 5198 707 5268 ducant,
726 5200 800 5272 quod
811 5201 879 5258 dare
892 5210 920 5259 et
931 5203 1023 5259 dicere
1048 5200 1169 5272 eorporis
1175 5198 1278 5257 Christi
1289 5208 1447 5256 κοινωνίαν.
1463 5200 1540 5257 idem
1548 5200 1686 5272 judicium
1696 5202 1883 5277 estderegnls

186 5285 291 5343 fuerint
307 5285 465 5355 conjuncta,
483 5285 556 5358 quod
574 5302 674 5357 panem
694 5286 802 5344 dederit
815 5295 843 5343 et
854 5289 937 5344 simul
948 5288 1022 5344 dixe·
1047 5288 1207 5361 Augustini,
1225 5290 1336 5343 ocoeedt
1344 5289 1459 5347 ses-ern
1471 5291 1512 5343 od
1523 5289 1692 5359 elementum,
1707 5298 1732 5345 et
1739 5292 1777 5361 fit
1786 5309 1883 5347 sucro·

186 5373 235 5429 rit:
263 5372 315 5427 boc
338 5380 380 5424 est
404 5390 508 5443 corpus
531 5391 634 5440 oscum,
660 5375 740 5429 dedit
763 5376 859 5430 dicens
887 5377 1023 5443 (scribunt
1046 5383 1186 5449 irretitum.¹
1217 5374 1288 5435 Cum
1310 5375 1384 5433 enim
1409 5374 1536 5431 hascoit
1560 5376 1698 5449 generalis
1720 5376 1820 5449 regula
1847 5375 1883 5437 ad

182 5457 387 5531 evangelistae)
417 5457 444 5513 h
471 5475 494 5515 e.
523 5459 615 5515 dando
641 5460 711 5517 dixit
738 5467 766 5517 et
791 5460 909 5518 dicendo
936 5462 1020 5519 dedit.
1046 5462 1141 5519 omma
1165 5468 1338 5521 mammis
1361 5461 1518 5535 pertinens,
1544 5461 1619 5537 quod
1636 5479 1674 5519 ns
1690 5462 1751 5533 ipse
1771 5462 1884 5534 quidem

185 5544 233 5603 Its
248 5559 359 5620 quoque
377 5544 406 5601 in
425 5543 487 5598 aliis
501 5543 659 5605 dationibus
671 5552 858 5620 comparatum
870 5564 932 5607 esse
942 5548 1020 5617 sold,
1046 5547 1234 5621 ¹iiallurminus
1253 5552 1352 5622 negat,
1375 5545 1539 5622 alterutrum
1556 5546 1656 5605 horum
1674 5554 1819 5627 sequetur,
1836 5564 1886 5621 aar
