4004 6022
797 249 849 307 na
869 252 991 310 suess
1009 252 1144 314 conus.
1753 268 1808 328 197

132 395 311 458 solenniorem
330 401 419 470 primo
438 402 590 460 nstitutum
608 406 673 470 fuit,
691 414 719 465 st
736 409 765 462 in
783 408 830 463 illo
848 426 907 478 usu,
926 408 954 461 in
965 411 969 477 l
981 409 1162 479 proiecturus,
1181 409 1248 466 tu'nc
1266 427 1328 465 cum
1346 410 1560 482 impedimentis,
1581 411 1643 467 lixis
1662 418 1690 468 et
1709 415 1811 472 calom-

132 500 183 557 quo
208 486 303 542 debita
320 490 472 546 reverentia
490 497 518 546 et
537 492 645 548 devotio
664 494 825 564 requiritur,
848 494 955 567 gratiae
966 484 968 542 ἶ
981 493 1032 548 bus
1053 504 1255 553 sacramentum
1276 497 1471 567 praemittitur.
1514 498 1586 555 Vide
1611 498 1767 570 pontificale
1783 506 1813 558 et

131 569 237 629 Christo
263 575 309 646 agi
331 575 477 646 jubentur,
508 595 559 650 pro
584 580 715 638 immenso
740 582 791 637 hoc
814 578 1160 648 beneficio‚iceremoniule
1183 583 1235 638 loc.
1255 599 1333 655 prox.
1354 583 1429 638 citat.
1448 588 1477 639 et
1494 584 1562 640 alibi
1580 586 1698 657 passim,
1716 592 1752 642 ‘et
1770 587 1811 642 in·

130 657 202 731 quod
221 675 321 731 corpus
338 678 417 716 suum
436 663 465 717 in
483 663 575 719 cibum
593 674 621 721 et
638 667 799 740 sanguinem
818 656 1101 740 inpetumltelliges,
1133 685 1233 740 panem
1265 675 1455 724 consecratum
1484 670 1513 725 in
1545 687 1648 743 pompa
1674 671 1811 743 pontilicis

129 743 207 802 nobis
230 745 345 802 dederit.
381 747 463 804 Anno
487 757 578 805 sutem
603 752 712 808 circiter
734 759 807 809 1880.
825 758 954 825 coeptum
965 755 968 821 ξ
979 770 1034 807 non
1053 754 1133 809 aliter
1152 754 1279 820 tractari,
1301 772 1384 825 quam
1404 755 1476 811 sicut
1494 756 1607 812 ahmin
1624 774 1726 830 pompa
1744 758 1811 814 Per·

129 846 215 904 papae
246 832 432 903 processiones
461 841 489 890 et
521 836 701 893 tabernacula
726 838 755 893 in
782 839 865 910 hujus
890 838 1097 911 festijsicorum
1120 857 1217 912 regum
1241 856 1351 895 sacrum
1370 842 1478 913 ignem,
1498 860 1579 915 quem
1598 841 1743 899 Orimasda
1763 862 1812 916 ap·

129 917 311 974 celebratione
331 935 477 991 usurpare,
501 922 571 978 adeo
594 941 689 980 recens
706 930 748 980 est
765 927 951 997 spectaculum
965 923 1131 994 lpellabant‚
1151 942 1222 998 equo
1238 931 1348 981 rectum
1365 927 1424 1000 regi
1441 927 1644 998 praeferebant.
1678 929 1810 986 Nicolaus

129 1004 201 1076 ejus,
228 1011 312 1076 prout
328 1006 412 1064 bodie
430 1007 459 1063 in
478 1015 582 1080 papatu
601 1018 758 1084 usurpetur.
793 1010 1127 1083 Notanduleignerius
1158 1013 1188 1067 in
1220 1012 1333 1067 historia
1363 1013 1496 1069 ecclesiae
1522 1014 1574 1070 sub
1604 1031 1707 1069 annum
1734 1022 1809 1075 1408.

129 1088 226 1155 etism,
256 1091 284 1146 in
302 1089 385 1165 hujus
404 1093 467 1149 festi
486 1094 578 1151 officio
597 1097 740 1171 utriusque
758 1098 859 1170 speciei
878 1116 952 1154 men·
979 1113 1011 1152 er
1040 1097 1213 1154 Theoderico
1242 1116 1260 1153 a
1283 1097 1388 1170 Nyem,
1410 1100 1458 1171 qui
1478 1099 1605 1170 pluribus
1631 1099 1809 1172 pontificibus

128 1177 228 1231 donem
246 1175 313 1249 fieri,
332 1185 447 1236 vocatur
463 1181 537 1236 enim
554 1182 689 1238 festivitas
706 1185 826 1256 corporis
844 1190 872 1240 et
890 1201 952 1238 san-
978 1199 996 1237 a
1022 1185 1134 1240 secretis
1159 1185 1226 1255 brit,
1258 1197 1393 1254 recenset,
1423 1185 1604 1241 Benedictum
1629 1184 1710 1243 XIII.
1736 1201 1808 1242 anno

128 1262 218 1335 guinis
235 1263 350 1335 Christi,
370 1272 399 1323 et
416 1268 445 1322 in
465 1270 637 1340 responsorio
657 1270 732 1326 illius
750 1270 813 1326 festi
832 1267 1086 1345 caniturrlcirciter
1119 1275 1192 1327 tete.
1218 1287 1280 1326 cum
1305 1270 1453 1326 multorum
1477 1271 1632 1341 principum
1658 1272 1752 1327 odium
1779 1272 1809 1330 in

130 1350 228 1405 Omnes
251 1353 302 1422 qui
325 1355 360 1407 de
384 1373 438 1410 uno
459 1373 535 1425 pane
559 1364 584 1410 et
603 1358 637 1411 de
657 1375 713 1411 uno
731 1358 819 1413 calice
835 1359 953 1428 partici-
978 1373 1007 1409 se
1022 1357 1198 1425 concitasset,
1217 1363 1250 1411 ut
1265 1357 1340 1412 vitae
1358 1374 1424 1412 suae
1443 1357 1626 1413 incolumitati
1645 1360 1808 1425 consuleret.

126 1454 239 1510 pansus,
262 1439 311 1494 sed
337 1437 417 1496 hodie
440 1447 554 1498 vocatur
569 1444 674 1506 festum
692 1446 821 1513 corporis
839 1443 952 1511 Christi,
976 1440 1093 1496 hostiam
1112 1443 1229 1513 primum
1248 1449 1314 1498 ante
1331 1460 1361 1497 se
1379 1443 1482 1514 gestari
1497 1445 1622 1513 jussisse,
1640 1460 1712 1515 quae
1729 1444 1808 1501 eiss-

128 1523 191 1596 quis
208 1525 282 1579 solus
302 1527 382 1596 panis
402 1535 589 1598 consecratur,
605 1529 843 1603 circumgestatur,
861 1504 1067 1585 osten-ltellitii
1086 1529 1146 1583 loco
1167 1536 1247 1584 esset.

126 1615 213 1680 tatur,
241 1612 372 1668 adoratur
398 1621 449 1670 etc.
476 1617 556 1686 cujus
583 1616 789 1671 consuetudinis
814 1617 892 1688 origo
915 1616 965 1677 adl
1012 1619 1069 1669 200.
1097 1613 1355 1685 Circumgestationi
1382 1614 1423 1669 illi
1450 1614 1602 1671 theahicae
1624 1616 1721 1673 mdem
1745 1617 1890 1674 tun-un·

127 1701 234 1767 tempus
251 1699 359 1753 concilii
379 1699 596 1756 constantiensis
615 1700 760 1757 referenda
778 1703 904 1771 videtur,
921 1701 951 1756 in
962 1714 965 1779 t
976 1699 1105 1755 (lamenta
1123 1701 1299 1770 opponimus,
1323 1718 1395 1773 quae
1413 1702 1573 1772 repositioni
1592 1702 1705 1758 inerunt
1722 1721 1807 1776 oppo-
1820 1677 1899 1766 iiiii.

127 1800 179 1856 quo
207 1785 342 1841 mutilatio
370 1786 452 1856 hujus
480 1789 643 1843 sacramenti
667 1788 787 1843 definita.
823 1786 1045 1859 Deniqueffsita,
1076 1791 1173 1855 utpote
1198 1793 1220 1842 1.
1248 1788 1322 1858 quod
1346 1792 1485 1859 repugnet
1506 1788 1672 1845 institutioni
1695 1789 1806 1861 Christi,
1818 1778 1927 1877 mi·

126 1876 156 1924 ut
179 1869 275 1926 fideles
300 1873 335 1925 ad
359 1873 441 1944 hujus
468 1874 678 1930 celebrationem
696 1891 728 1931 eo
747 1875 835 1946 magis
854 1871 1025 1942 invitatqui
1056 1889 1155 1941 panem
1190 1880 1380 1928 consecratum
1409 1873 1553 1944 discipulis
1582 1875 1807 1931 manducandum
1819 1889 1878 1920 usn.

126 1964 233 2026 rentur,
258 1957 447 2031 indulgentiae
470 1959 583 2016 fuerunt
606 1961 718 2017 additae
735 1960 772 2015 ab
791 1962 905 2019 Urbano
923 1957 1105 2027 etlpraebuit
1130 1964 1157 2012 et
1185 1958 1266 2013 dixit:
1301 1960 1353 2013 loc
1370 1962 1472 2026 facite.
1517 1965 1540 2016 2.
1566 1960 1647 2024 Quod
1671 1967 1808 2033 repugnet

125 2042 273 2103 Clemente.
308 2046 370 2099 Nos
389 2046 536 2116 (inquiunt)
559 2049 666 2103 Christi
680 2049 785 2115 fideles
802 2051 843 2103 aci
860 2028 1102 2133 colen-lexemplo
1120 2044 1321 2114 apostulorum,
1350 2045 1398 2115 qui
1417 2062 1516 2115 panem
1535 2053 1725 2102 consecratum
1743 2064 1808 2102 nus·

126 2132 190 2185 dum
213 2139 320 2184 tantum
343 2134 444 2196 festum
469 2141 495 2186 et
513 2135 708 2188 celebrandum
729 2136 811 2188 donis
830 2129 1051 2209 volentesypiam
1082 2129 1213 2200 leguntur
1241 2130 1468 2201 circumgestesse
1504 2136 1532 2186 et
1562 2137 1729 2198 ostentasse,
1759 2133 1808 2188 sed

125 2217 321 2287 spiritualibus
344 2219 485 2283 animare,
513 2221 637 2272 omnibus
663 2237 725 2274 uere
744 2216 1055 2290 poententibnsljurta
1070 2214 1170 2269 Christi
1188 2217 1350 2271 mandatum
1361 2217 1550 2272 manducasse.
1583 2216 1809 2290 Tbeophylactns

125 2311 149 2357 et
167 2305 312 2368 confessis,
331 2306 381 2374 qui
399 2306 561 2358 mutminali
579 2307 677 2370 officio
693 2307 765 2370 festi
781 2308 903 2375 ejsudem
920 2302 1005 2373 in,in
1033 2317 1056 2354 c.
1079 2306 1120 2356 28.
1143 2302 1240 2356 llutth.
1265 2302 1351 2357 refert
1372 2319 1405 2357 ex
1423 2301 1584 2371 traditione,
1618 2306 1695 2373 puori
1714 2305 1810 2381 deas

125 2390 245 2458 eeclesia,
263 2391 292 2443 in
310 2408 365 2461 qua
384 2392 458 2444 idem
473 2393 666 2455 celebrabitur,
683 2393 871 2458 interfuerint,
889 2397 1120 2456 cen-,acceptum
1145 2405 1250 2457 panem
1281 2388 1429 2442 ocmtltarit
1459 2397 1485 2440 et
1513 2389 1636 2443 Judoeis
1664 2408 1720 2443 non
1748 2391 1809 2445 sine

124 2483 195 2540 tum,·
213 2477 263 2547 pui
279 2494 344 2531 uero
361 2477 471 2541 missae,
489 2479 621 2546 totidem·
639 2477 689 2547 qui
706 2485 797 2530 autem
809 2478 840 2529 in
847 2475 1110 2546 primislirrisione
1127 2475 1258 2541 maputrs'
1274 2476 1321 2527 sui
1336 2475 1547 2543 monstraverit,
1572 2474 1622 2529 sed
1643 2474 1808 2548 dereliquit

125 2560 212 2631 absim
227 2563 304 2630 festi
321 2565 443 2634 vesperis
462 2564 652 2632 interfuerint,
677 2563 808 2617 similiter
826 2571 933 2617 centum
938 2552 1120 2632 ;ldiscipulis
1151 2560 1337 2633 evangelistae
1366 2565 1517 2628 testantur,
1553 2562 1630 2630 quod
1657 2577 1690 2614 cs
1720 2562 1809 2616 calice

124 2647 171 2719 pai
188 2665 253 2703 aero
274 2649 304 2700 in
321 2651 464 2718 secunus,
491 2649 621 2719 totidem·
644 2650 705 2703 illis
721 2666 802 2715 uero,
824 2651 874 2719 qui
887 2651 949 2718 pri-
962 2656 964 2661 '
978 2664 1070 2700 amnes
1100 2647 1217 2700 biberint
1240 2663 1273 2701 ac
1298 2647 1414 2718 proinde
1436 2647 1519 2702 etiam
1541 2652 1641 2718 panem
1661 2649 1808 2704 manduca·

124 2752 192 2804 mas,
213 2736 313 2790 tertiae
333 2745 359 2790 et
379 2745 479 2805 sertae,
498 2753 588 2790 nmsae
606 2753 640 2789 ac
659 2736 951 2805 completoriiofficiis
976 2733 1039 2790 rint.
1083 2738 1106 2789 3.
1133 2732 1213 2796 Quod
1234 2738 1372 2805 repugnet
1388 2733 1468 2804 praxi
1488 2732 1621 2788 ecclcsiae
1639 2735 1808 2804 apostolicae

124 2822 310 2890 interfuerint,
326 2841 382 2893 pro
401 2824 524 2893 qualibet
542 2823 676 2877 horarum
689 2823 814 2893 ipsumam
826 2825 950 2893 praera-
977 2825 1005 2874 et
1026 2819 1194 2890 primitivae,
1221 2819 1325 2875 fatetur
1349 2819 1421 2875 enim
1446 2819 1593 2874 concilium
1612 2819 1809 2877 Tridentinum

49 2914 113 2963 utta
124 2908 200 2978 pinta
207 2930 216 2972 ,·
239 2909 301 2963 illis
319 2917 425 2976 autem,
445 2910 494 2979 qui
504 2926 560 2979 per
577 2917 692 2965 oomoas
709 2910 789 2964 illius
800 2911 877 2978 festi
892 2928 949 2964 ma
976 2921 1041 2960 sess.
1073 2911 1111 2961 13.
1138 2922 1162 2961 c.
1188 2912 1211 2960 5.
1230 2908 1308 2975 quod
1327 2907 1458 2960 instrictus
1475 2907 1513 2960 sit
1533 2906 1584 2961 slle
1600 2924 1661 2961 mos
1676 2907 1707 2961 in
1725 2906 1809 2962 eccle·

124 2995 286 3049 tutinalibus
311 2996 475 3064 vespertinis
499 2997 600 3050 missae
622 3013 656 3049 ac
670 2996 884 3066 praedictarum
901 2999 949 3051 bo·
974 2993 1061 3060 siam,
1086 3000 1117 3046 ut
1139 2993 1170 3045 in
1192 2993 1420 3061 processionibus
1439 3000 1595 3047 trementer
1613 3001 1638 3047 et
1657 2994 1809 3064 honomfice

125 3099 219 3136 rorum
247 3081 351 3147 officiis
379 3081 572 3151 interfuerint,
607 3091 714 3136 centum
743 3085 804 3136 dies
832 3083 950 3152 sinpulis
974 3086 1177 3132 sacromentum
1197 3095 1252 3147 per
1276 3078 1338 3132 sias
1366 3086 1391 3131 et
1410 3078 1474 3132 loca
1488 3079 1609 3146 publica
1625 3080 1807 3146 circumferu-

127 3176 282 3223 oetasarum
309 3168 436 3238 ipsarum
467 3169 564 3221 diebus
595 3170 631 3222 ele
665 3170 862 3239 omnipotentis
892 3171 952 3223 Dei
976 3173 1029 3220 tar.
1067 3163 1143 3234 Ergo
1160 3180 1215 3217 non
1232 3163 1316 3218 habet
1334 3171 1475 3217 auctorem
1493 3162 1646 3233 Christum,
1672 3181 1724 3220 nec
1742 3181 1807 3238 spo·

125 3254 317 3307 misericordia
337 3271 371 3306 ac
390 3254 531 3307 beatorum
547 3253 735 3325 apostolorum
757 3255 818 3324 ejus
831 3256 912 3309 Petri
925 3263 950 3308 et
975 3249 1077 3316 riolos,
1100 3265 1151 3303 neu
1176 3248 1355 3318 upottuliuum
1375 3249 1526 3304 ecelesiam·
1563 3249 1648 3319 Apud
1666 3250 1807 3306 lustinum

125 3338 211 3392 Pauli
226 3340 392 3392 ussctoritnte
405 3339 504 3403 confisi
517 3341 552 3392 de
565 3339 699 3407 injunctis
709 3340 765 3391 sibi
773 3341 951 3409 poenitentiis
975 3334 1048 3405 apol.
1080 3340 1104 3388 2.
1134 3349 1168 3387 ex
1198 3334 1311 3402 publica
1340 3334 1439 3405 synaxi
1469 3334 1635 3390 eucharistia
1664 3335 1724 3391 sine
1749 3336 1808 3391 ulla

124 3426 289 3480 relaxamus.
312 3423 368 3479 Sed
382 3424 571 3496 indulgentiae
583 3424 646 3478 illae
658 3440 707 3494 per
716 3424 865 3479 Martinum
875 3426 909 3482 V.
923 3433 951 3480 et
961 3418 964 3493 l
976 3436 1078 3489 pompa
1097 3419 1218 3474 defertur
1237 3420 1274 3474 ud
1291 3418 1427 3475 absentes.
1461 3421 1548 3492 Apud
1560 3420 1711 3476 Eusebium
1723 3422 1769 3478 lib.
1782 3430 1806 3481 5.

124 3510 277 3584 Eugenium
283 3510 333 3567 VI.
347 3513 375 3564 in
388 3510 551 3564 immensum
563 3516 660 3579 postea
674 3516 771 3565 auctae
784 3517 856 3574 sunt,
871 3511 911 3566 ita
919 3519 951 3566 ut
962 3498 964 3523 '
975 3524 998 3561 c.
1025 3511 1065 3562 24.
1092 3512 1209 3560 testatur
1227 3504 1371 3574 irenaeus,
1395 3507 1535 3563 Romanos
1553 3506 1698 3578 episcopos
1716 3508 1807 3580 hospi·

121 3599 199 3668 juxta
215 3597 438 3667 supputationem
456 3595 561 3651 Juliani
582 3595 710 3650 Palmerii
731 3596 767 3649 ad
786 3603 870 3651 44000
891 3597 950 3651 dies
976 3591 1050 3646 tibus
1074 3610 1108 3646 ex
1124 3591 1194 3646 Asia
1211 3591 1385 3647 venientibus
1403 3593 1565 3664 simpliciter
1582 3592 1688 3649 misisse
1707 3594 1807 3650 eucha·

123 3700 204 3739 serae
219 3691 395 3753 peccatorum
413 3680 579 3736 remissionis
596 3687 757 3752 assurgant,
777 3680 877 3752 quibus
895 3699 950 3737 non
975 3679 1088 3732 usuam.
1130 3677 1215 3747 Apud
1239 3678 1357 3733 cundem
1381 3679 1428 3734 lib.
1447 3685 1470 3735 b.
1490 3696 1514 3734 c.
1531 3686 1575 3739 43.
1592 3679 1738 3752 presbyter
1755 3699 1805 3751 pu·

123 3769 211 3824 minus
229 3769 384 3839 participet,
404 3769 452 3839 qui
469 3772 583 3838 spectat,
602 3784 686 3838 quam
699 3766 746 3837 qui
758 3769 949 3824 communicat
975 3782 1022 3821 ero
1055 3766 1104 3820 dat
1136 3764 1329 3819 cucharistiam
1356 3765 1500 3837 Serapioni
1530 3768 1589 3821 seni
1620 3767 1805 3824 deferendam.

122 3855 175 3912 Sed
197 3860 271 3911 recte
300 3860 392 3910 monet
414 3855 507 3926 glossa
526 3853 554 3907 in
573 3851 706 3907 Clement.
730 3852 903 3926 dereliquite
923 3860 950 3910 et
976 3852 1060 3921 Apud
1084 3850 1282 3922 Hieronymum
1306 3852 1334 3906 in
1358 3853 1437 3923 epist.
1458 3851 1493 3907 ad
1510 3854 1615 3908 Rustic.
1652 3854 1806 3926 Exuperius

121 3947 240 3997 venerat.
263 3948 348 3995 sanct.
368 3942 445 4009 quod
461 3940 636 3993 remissiones
652 3939 734 4005 illas,
752 3939 848 4008 quibus
863 3942 952 4009 pauci
975 3955 1074 4008 corpus
1100 3938 1212 3991 Domini
1236 3943 1328 4009 portat
1346 3940 1466 3994 canistro
1485 3938 1616 4006 vimineo,
1643 3941 1806 4012 sanguinem

117 4029 300 4098 participant,
321 4027 504 4095 interpretari
520 4025 591 4079 uelle
607 4042 657 4078 nec
675 4027 785 4093 deceat,
805 4043 855 4079 nec
873 4043 950 4096 sepe·
976 4026 1005 4079 in
1026 4025 1105 4079 vitro.
1148 4023 1234 4094 Apud
1253 4024 1424 4096 Cyprianum
1448 4042 1526 4079 serm.
1540 4026 1582 4081 de
1605 4026 1675 4097 laps.
1700 4025 1807 4082 Tertul-

121 4115 189 4170 diat.
234 4114 359 4168 Tandem
390 4113 472 4168 etiam
507 4129 653 4183 progressu
678 4112 809 4181 temporis
834 4129 951 4183 pompae
976 4111 1081 4167 lianum
1103 4111 1163 4167 libr.
1189 4119 1212 4167 t.
1237 4113 1273 4166 ad
1296 4130 1370 4167 uxor.
1395 4112 1564 4168 mulierculis
1585 4113 1666 4167 datur
1684 4113 1807 4170 euchari·
1911 4162 1919 4185 ,

120 4200 237 4255 Romani
277 4197 415 4270 pontificis
448 4195 671 4268 circumgestatio
703 4198 869 4252 sacramenti
898 4198 1030 4279 suitlstia
1054 4198 1164 4252 domum
1185 4197 1342 4253 deferenda.
1378 4197 1411 4250 ln
1431 4197 1532 4269 quibus
1553 4199 1684 4270 exemplis
1701 4216 1752 4254 nec
1771 4199 1807 4255 de

120 4286 253 4342 adhibita.
300 4283 346 4340 Sic
371 4285 442 4339 enim
470 4284 587 4338 habetur
605 4283 634 4336 in
653 4282 806 4352 pontificali
824 4284 950 4339 Romano
976 4283 1171 4341 luminaribus.
1207 4300 1258 4337 nec
1284 4283 1318 4339 de
1344 4283 1528 4354 campaneis,
1559 4299 1611 4338 nec
1639 4285 1674 4341 de
1701 4285 1807 4357 reliqua

122 4374 155 4429 dc
183 4372 356 4444 processione
382 4371 418 4424 ad
442 4371 611 4425 Lateranum
634 4367 654 4424 f.
684 4374 725 4427 48.
751 4375 779 4423 et
802 4369 831 4422 in
851 4386 1078 4445 ceremrpompa
1102 4370 1130 4423 in
1152 4369 1410 4439 circumgestatione
1430 4367 1576 4425 Pontificia
1599 4371 1702 4426 usitata
1718 4370 1805 4427 ullum

119 4459 195 4517 Rom
214 4459 275 4514 libr.
295 4464 318 4513 3.
338 4475 359 4512 c
381 4465 424 4513 19:
462 4458 584 4510 Ducitur
595 4472 651 4524 per
662 4455 843 4521 familiarem
861 4452 1112 4529 sacri-treperitur
1140 4454 1263 4511 verbum.
1315 4461 1338 4511 4.
1370 4454 1451 4519 Quod
1479 4457 1652 4512 occasionem
1673 4456 1805 4527 praebeat

119 4548 189 4602 stiae
208 4547 295 4598 rubro
325 4544 408 4596 etiam
430 4542 558 4595 inclutum
587 4549 613 4594 et
637 4541 765 4594 lamisem
785 4541 814 4594 in
831 4541 949 4594 sinistra
960 4538 962 4563 ¹
974 4542 1143 4608 melaniae,
1167 4540 1332 4595 mutilationi
1349 4540 1441 4595 calicis
1460 4548 1488 4596 et
1505 4542 1586 4596 variis
1604 4541 1803 4613 superstitioni·

119 4634 260 4687 habentem
279 4647 365 4699 equus
384 4629 478 4696 albus,
494 4635 666 4696 mansuetus,
685 4633 812 4693 mustus,
826 4636 949 4696 portans
973 4629 1033 4685 bus.
1072 4635 1095 4684 5.
1113 4626 1192 4693 Quod
1217 4635 1325 4699 pugnet
1345 4644 1408 4681 cum
1425 4628 1523 4699 regula
1541 4645 1574 4683 ex
1593 4627 1660 4699 ipsis
1679 4627 1803 4683 Domini-

119 4726 338 4784 sacramcntam,
368 4718 445 4786 quod
470 4715 528 4783 ipsi
554 4716 582 4767 in
597 4715 714 4784 puluino
738 4723 837 4766 ornato
861 4733 947 4785 capsa
973 4732 1023 4775 cae
1047 4713 1226 4769 institutionis
1250 4712 1342 4767 verbis
1367 4713 1501 4783 deducta,
1524 4714 1596 4768 nibil
1619 4716 1700 4768 labet
1717 4713 1804 4768 ratio-

119 4807 255 4861 inclusum·
273 4802 393 4857 sacrista
412 4802 556 4870 imposuit,·
584 4817 670 4869 equus
688 4799 770 4854 tabet
788 4802 829 4853 ad
846 4801 948 4855 collum
974 4818 1035 4854 nem
1056 4799 1228 4854 sacramenti
1251 4806 1332 4852 estro
1355 4817 1434 4852 usum
1458 4818 1477 4853 a
1507 4801 1617 4855 Christo
1641 4800 1803 4855 institutum.

119 4891 334 4946 tintinnabulum
358 4889 422 4940 benc
451 4886 570 4938 tinniens
587 4894 613 4939 et
631 4904 720 4956 supra
737 4894 870 4955 portatur
890 4888 948 4942 bal·
975 4893 1000 4945 6.
1019 4886 1100 4951 Quod
1117 4884 1172 4941 tine
1189 4884 1271 4957 longe
1290 4885 1394 4940 alioue
1414 4886 1521 4941 diverso
1536 4887 1616 4956 panis
1627 4894 1804 4942 consecratus
1817 4902 1841 4947 a
1855 4901 1901 4946 ssa.

120 4978 268 5033 declinam
298 4993 359 5028 mim
390 4972 545 5042 insipnibus
577 4988 671 5041 papas
705 4978 732 5024 et
762 4975 950 5039 assument&
975 4974 1003 5028 in
1021 4971 1279 5044 circumgestatioue
1296 4979 1458 5042 usurpetur,
1476 4970 1605 5027 videlicet
1623 4973 1806 5029 ediscendis

118 5081 216 5135 apuam
236 5062 412 5133 paecedunt
437 5057 583 5110 duodecin
602 5057 769 5124 familiares
787 5075 883 5128 papae
902 5077 948 5112 ru-
974 5057 1178 5131 restinguends,
1197 5057 1233 5113 ad
1250 5063 1428 5128 tempestates
1445 5057 1646 5128 prohibendus,
1668 5059 1704 5113 ad
1721 5059 1805 5115 hene·

120 5152 169 5204 bra
190 5158 263 5203 ueste
285 5148 380 5201 induti
399 5151 546 5216 portantes
569 5144 717 5196 ‹luoders'm
743 5145 881 5198 intersitio
903 5163 947 5199 uc-
974 5145 1038 5200 licia
1065 5145 1120 5200 alia
1149 5143 1302 5213 corporalia
1330 5143 1505 5215 impetranda
1536 5149 1587 5198 etc.
1614 5162 1697 5215 quam
1721 5151 1762 5201 est
1788 5162 1806 5201 s

119 5255 199 5292 censu
225 5244 289 5288 ante
316 5240 520 5288 sacrament-um
544 5230 672 5298 eorporis
692 5228 799 5282 Christi
816 5232 931 5300 pedites
936 5255 948 5302 ,·
975 5230 1085 5290 Christo
1101 5229 1265 5283 institutum.

119 5325 184 5376 inde
211 5324 267 5376 duo
292 5320 454 5385 familiares
478 5314 614 5369 sacristae
637 5322 777 5383 equestres
801 5318 885 5370 etiam
902 5337 948 5371 ru-
1009 5323 1067 5373 201.
1086 5316 1199 5370 Festum
1220 5316 1343 5385 corporis
1362 5315 1464 5370 Christi
1483 5316 1557 5386 quod
1576 5317 1683 5386 attinet,
1703 5335 1805 5392 nequa·
1818 5331 1906 5371 aarum

119 5409 166 5464 bro
185 5408 280 5464 indicti
296 5413 442 5476 portantes
466 5403 590 5455 laternas
608 5408 756 5469 arpentcas
772 5419 832 5454 cum
845 5404 948 5459 lamine
974 5419 1057 5476 quam
1082 5401 1160 5455 nobis
1185 5400 1370 5470 improbatur,
1401 5401 1476 5474 quod
1505 5409 1580 5457 certo
1610 5405 1730 5476 quodam
1760 5405 1805 5461 die
1818 5383 1920 5476 3332ss

119 5503 181 5553 ante
204 5500 414 5550 sacramentum.
456 5488 529 5554 Quin
546 5488 600 5549 imo
619 5486 730 5559 quando
749 5488 873 5561 pontifex
891 5489 947 5546 alio
975 5487 1091 5560 singulis
1122 5486 1201 5543 annis
1233 5487 1350 5542 ecclesia
1376 5486 1548 5560 frequentius
1573 5493 1702 5547 convenit
1726 5498 1753 5546 et
1776 5491 1807 5545 in
