4004 6022
792 284 845 341 Da
864 283 989 343 saone
1005 284 1142 349 coma
1739 304 1807 362 aaa

106 438 168 497 ms
186 456 262 511 μω
288 439 376 511 mur
398 443 428 496 st
452 441 517 497 vno
543 441 637 511 area,
661 449 690 498 st
708 441 854 499 smmis
871 442 952 499 noers
977 441 1049 498 ute
1072 442 1185 500 elaea
1208 427 1339 503 menan
1374 444 1453 501 arn
1469 445 1504 503 n.
1524 447 1700 504 cremanus
1715 450 1763 521 pn
1780 455 1810 507 n

107 542 212 596 eorpus
237 530 269 581 et
290 526 494 598 sanguisejus.
530 528 660 585 Secundo
679 545 729 599 per
747 536 894 600 peccatum
911 530 951 586 ita
976 528 1092 586 erudite.
1753 578 1756 583 .

106 628 223 669 mne
250 611 403 670 abalienati
428 631 447 669 a
472 613 531 670 vini
556 615 722 681 divinitatis,
755 623 787 671 ut
811 616 950 688 fragilitas
1012 621 1070 672 tot.
1090 622 1115 674 2.
1128 616 1247 682 Quidam
1265 635 1299 673 ex
1315 616 1526 689 adversariisjeo
1537 620 1760 692 progrediuntur,
1776 622 1946 714 attentat?

107 705 208 757 norm
235 715 299 757 eam
326 700 386 757 sine
410 701 501 759 medio
527 719 622 758 secum
645 709 774 774 agentem
799 703 870 760 ferre
893 721 950 760 non
975 701 1186 760 substantialem
1206 704 1328 776 eorporis
1344 703 1445 760 Christi
1469 705 1498 760 in
1518 723 1606 762 coena
1623 709 1808 778 praesentim
1821 679 1930 775 {iiidie

106 792 221 860 possa,
249 787 312 842 ideo
338 786 465 845 Christus
484 807 541 845 nou
568 789 657 846 solum
675 790 806 845 assumsit
822 796 950 846 naturam
975 807 1087 860 prorsus
1115 791 1241 847 inutilem
1272 809 1333 848 esse
1361 792 1478 863 probare
1508 799 1642 850 conentur
1672 814 1705 852 ex
1735 797 1808 854 dioto
1820 788 1936 880 3:223*

10 890 34 935 Ι.
48 879 246 939 mmmm,
261 872 311 929 sed
328 873 406 929 illan
423 873 508 931 etiam
525 874 605 930 nobis
618 893 715 931 rursus
726 877 857 946 restituit,
873 894 949 949 prae·
975 875 1078 932 Christi
1104 877 1169 933 lon.
1196 884 1226 943 6,
1250 896 1275 932 s.
1301 884 1348 936 6³:
1379 880 1505 949 Spiritus
1529 887 1583 950 est,
1612 883 1662 951 qai
1676 884 1809 954 nomast,
1821 881 1944 974 gflfftgffl

108 959 203 1019 bando
228 958 312 1017 nobis
332 959 361 1014 in
384 976 471 1016 coena
494 978 595 1032 corpus
621 979 656 1019 ac
680 963 844 1033 sanguinem
861 980 949 1033 suum,
975 981 1043 1017 caro
1061 981 1117 1017 non
1128 967 1244 1034 prodest
1262 966 1423 1035 quidquam.
1460 965 1587 1039 cinglius
1604 973 1676 1039 part
1691 976 1715 1027 2.
1734 988 1809 1043 oper.
1837 943 1875 973 θ’

108 1051 145 1103 ut
157 1046 214 1103 hoo
233 1063 307 1103 nexu
324 1052 464 1103 munitae
481 1053 510 1103 et
526 1048 606 1103 nobis
623 1066 718 1105 rursus
732 1051 949 1106 communicatae
975 1067 1004 1119 p.
1022 1053 1086 1107 269:
1114 1050 1149 1105 ss·
1165 1068 1233 1104 caro
1252 1051 1314 1120 ejas
1331 1053 1502 1106 manducato
1520 1070 1576 1129 non
1590 1057 1711 1124 prodent
1728 1059 1809 1129 quid

108 1133 294 1191 humanitatis
317 1150 384 1191 suae
409 1133 547 1190 subvehat
560 1152 610 1190 nos
629 1135 667 1190 ad
687 1136 906 1192 communionem
922 1144 950 1192 st
976 1153 1074 1204 mmm,
1099 1138 1179 1193 lead
1198 1139 1280 1193 dabie
1297 1156 1347 1193 nec
1365 1141 1406 1192 ool
1423 1141 1647 1195 manducandam
1664 1143 1744 1197 illan
1761 1163 1810 1200 no·

109 1219 339 1292 conjunctionem
356 1237 420 1277 cum
443 1219 596 1276 divinitate.
631 1220 726 1276 ‘intio
744 1228 844 1277 natura
855 1231 950 1279 nosne
976 1224 1017 1277 bis
1040 1225 1166 1279 actitare
1192 1233 1243 1278 ant
1268 1227 1339 1279 dure
1367 1226 1462 1281 solun
1508 1226 1587 1282 Idem
1613 1227 1642 1282 in
1667 1229 1747 1300 epist.
1773 1232 1811 1288 ad
1839 1232 1842 1237 ’

109 1305 249 1378 principio
274 1307 310 1363 sd
327 1306 477 1378 imaginem
494 1306 549 1362 Dei
568 1313 663 1364 creata
679 1308 807 1365 omnibus
825 1310 949 1366 coelesti-
975 1309 1074 1365 Matth.
1101 1311 1248 1367 Albertum
1267 1311 1376 1376 scribit,
1406 1328 1517 1366 comem
1536 1312 1644 1367 Christi
1661 1326 1811 1372 comestum

108 1392 163 1449 bus
188 1399 219 1449 et
244 1392 345 1449 divinis
372 1393 452 1450 donis
470 1400 568 1449 ornata
586 1401 659 1462 erat,
688 1411 761 1465 quae
780 1394 855 1450 hona
872 1398 949 1468 apud
974 1397 1088 1467 pignere
1107 1398 1190 1452 aliud
1208 1416 1264 1453 non
1279 1412 1364 1468 posse
1385 1416 1600 1468 quumcamesn,
1619 1419 1809 1458 nomem

108 1478 262 1544 Adamurn,
280 1486 312 1535 nt
330 1479 440 1550 generis
456 1479 544 1535 nostri
558 1486 709 1550 auctorem,
725 1479 852 1552 deposita
865 1488 950 1547 eram,
975 1500 1049 1553 esse,
1071 1485 1212 1554 qudquid
1235 1501 1268 1539 cn
1289 1501 1375 1539 carne
1400 1487 1533 1541 matur.
1569 1485 1686 1542 ”idem
1703 1488 1811 1561 Zwing·

108 1565 160 1623 red
182 1583 235 1638 per
258 1565 368 1637 lapsum
392 1582 447 1621 non
470 1572 578 1621 tantum
604 1566 679 1622 bona
697 1567 746 1623 illa
763 1568 878 1633 amisa,
900 1569 949 1624 sed
975 1570 1030 1625 iius
1053 1570 1083 1625 in
1108 1587 1207 1626 comm.
1229 1571 1265 1627 de
1281 1586 1348 1626 vera
1366 1576 1395 1626 et
1412 1571 1484 1626 falsa
1500 1571 1579 1645 relig.
1598 1590 1625 1643 p.
1645 1578 1710 1629 205:
1736 1572 1811 1630 Cos-o

108 1659 213 1708 natura
232 1656 348 1724 peccato
373 1651 523 1723 depravata
541 1658 570 1707 et
586 1657 675 1707 morte
691 1654 801 1724 perdita
818 1660 867 1712 est
904 1655 949 1710 Fi·
979 1657 1086 1712 Christi
1098 1659 1218 1728 prodest
1235 1675 1332 1720 caesa,
1353 1676 1409 1712 non
1426 1659 1540 1713 ambesa
1560 1666 1585 1712 et
1605 1676 1722 1713 comesu.
1757 1661 1810 1718 Ur·

108 1739 164 1795 lius
185 1737 274 1811 igitur
298 1737 353 1795 Dei
375 1744 504 1795 naturam
521 1743 658 1809 nostram,
684 1739 733 1795 sed
751 1740 811 1797 sine
827 1748 950 1812 peccato,
975 1744 1052 1799 sinus
1088 1742 1118 1799 in
1149 1743 1220 1815 expl.
1250 1742 1358 1801 catech.
1385 1761 1412 1814 p.
1443 1746 1536 1802 tw*
1588 1744 1809 1816 Respondemus:

108 1826 250 1895 muniuit,
268 1825 297 1881 in
314 1841 348 1880 ea
358 1831 504 1896 peceatum
517 1824 667 1893 damnavit,
684 1831 802 1883 mortem
814 1827 950 1884 destruxit
977 1837 999 1887 l.
1018 1829 1149 1886 Calvinus
1172 1831 1232 1901 ipss
1258 1830 1288 1884 in
1312 1838 1456 1889 comment.
1476 1848 1499 1887 c.
1519 1837 1543 1888 6.
1562 1830 1626 1889 ioh.
1639 1830 1710 1886 banc
1726 1831 1810 1906 Cing-

109 1929 144 1969 ac
161 1912 301 1969 rita‘eam
319 1911 445 1983 replevit
486 1913 581 1983 Atque
597 1913 638 1967 ita
653 1912 804 1969 humanam
821 1920 948 1970 naturam
975 1915 1077 1971 lienam
1105 1916 1288 1972 detorsionsm
1317 1915 1432 1972 refellit:
1460 1918 1524 1977 ,Nec
1550 1926 1625 1972 recte
1652 1919 1736 1972 etiarn
1764 1919 1813 1975 iili

109 1999 233 2070 primum
248 1998 278 2053 in
295 2015 347 2054 saa
366 2015 487 2070 persona
504 1998 704 2070 sanctificavit,
721 2006 754 2056 ut
771 2006 863 2057 autem
881 2002 949 2057 certi
974 2002 1098 2075 (inquit),
1124 2005 1174 2072 gni
1197 2002 1303 2057 Christi
1320 2020 1432 2057 carnem
1446 2005 1586 2073 prodesse
1604 2005 1715 2070 dicant,
1742 2022 1810 2075 qna

111 2085 303 2155 redderemur,
327 2085 396 2140 haec
418 2085 456 2140 ad
476 2091 599 2143 nostram
618 2087 701 2143 etiam
720 2087 849 2143 miseram
870 2093 948 2142 natu·
974 2096 1054 2143 tenus
1073 2097 1114 2143 cst
1132 2090 1274 2156 crucifixa,
1293 2105 1428 2143 comesam
1444 2107 1509 2142 uero
1522 2089 1594 2143 nibil
1606 2091 1684 2144 notia
1697 2094 1811 2162 afferre,

111 2190 171 2229 ram
193 2172 225 2227 in
248 2171 327 2228 nobis
349 2173 489 2244 pertinere
513 2179 541 2229 et
561 2190 625 2229 rere
645 2173 726 2229 nobie
744 2172 948 2241 communicari,
975 2175 1042 2244 quin
1063 2177 1159 2244 potius
1178 2177 1321 2229 comedere
1339 2190 1400 2229 eam
1417 2191 1529 2228 noemae
1546 2182 1599 2244 est,
1628 2183 1659 2229 at
1677 2178 1811 2248 arcesilao

111 2258 240 2314 Christus
261 2258 352 2331 ipsam
373 2265 516 2328 naturam,
539 2275 623 2331 quam
641 2276 658 2313 a
675 2259 756 2315 nobis
773 2258 903 2315 assumsit
920 2265 949 2313 et
969 2262 1072 2329 prosit.
1109 2260 1279 2315 ”Batauus
1307 2258 1335 2315 in
1364 2259 1427 2316 inst.
1454 2259 1506 2315 loc.
1527 2265 1568 2317 48.
1590 2279 1617 2331 p.
1640 2267 1704 2319 tte:
1734 2265 1810 2320 Coro

111 2345 141 2399 in
159 2361 191 2400 se
208 2343 298 2416 primo
316 2345 464 2415 repararit,
483 2362 578 2401 rursus
592 2345 671 2401 nobis
683 2345 712 2399 in
727 2361 815 2400 coena
825 2343 947 2414 praebet.
975 2345 1082 2401 Christi
1106 2356 1146 2402 est
1163 2348 1274 2415 vivifica
1293 2350 1318 2401 1.
1337 2346 1446 2399 ratione
1463 2346 1585 2413 aniona,
1604 2349 1672 2417 quic
1689 2356 1728 2401 oet
1742 2367 1810 2417 pro-

112 2430 220 2498 Quarto
252 2431 390 2503 evangelii
420 2431 547 2487 doctrina
577 2432 606 2486 in
641 2447 744 2502 genere
778 2431 948 2502 pronuntiat,
972 2435 1040 2503 prio
1057 2434 1135 2487 verbi
1150 2433 1245 2487 omnio
1262 2432 1626 2498 visitourevolents'acow,
1644 2435 1810 2503 atlopas'tar

111 2517 262 2585 traditione
279 2518 402 2590 corporis
420 2523 448 2574 et
463 2517 599 2573 effusione
616 2516 760 2589 sanguinis
771 2517 874 2573 christi
889 2517 947 2588 pla·
973 2520 1096 2588 mandas
1121 2519 1286 2589 Ephesino;
1317 2520 1343 2570 2.
1369 2518 1480 2571 ratione
1506 2519 1598 2573 meriti
1627 2519 1809 2585 obedientiae,

111 2613 203 2661 catam
231 2622 291 2662 esse
317 2605 387 2661 iram
413 2604 506 2660 Patria
531 2610 560 2660 et
584 2609 725 2660 aeternam
750 2604 947 2661 redemtionem
973 2623 1030 2676 orso
1049 2605 1176 2659 Chretina
1196 2605 1288 2660 oblato
1306 2605 1336 2660 in
1354 2621 1406 2657 suo
1423 2620 1508 2657 carne
1530 2621 1587 2672 pro
1606 2607 1685 2660 nolio
1702 2607 1733 2660 in
1746 2624 1809 2662 erre

112 2692 292 2764 acquisitam
311 2690 360 2747 sed
377 2690 475 2746 anxiae
493 2694 522 2747 et
537 2689 656 2761 pavidae
674 2696 779 2745 mentes
797 2698 948 2761 conspectu
973 2709 1031 2746 cens
1055 2700 1121 2747 octo
1141 2692 1283 2762 sacrificio
1308 2690 1435 2745 omnibus
1460 2690 1636 2744 uidentibus
1660 2691 1746 2745 citum
1763 2708 1809 2747 sc·

111 2783 290 2849 poecalorum
314 2776 504 2848 indignitatis,
529 2775 695 2832 infirmitatis
713 2781 742 2831 et
758 2776 842 2833 variis
859 2783 948 2833 tenta·
973 2786 1082 2833 ternam
1105 2777 1266 2849 ungamini&
1291 2778 1317 2830 3.
1337 2784 1463 2848 respecta
1485 2777 1674 2848 copulationis
1696 2787 1810 2835 nonnae

111 2864 234 2921 tionibus
250 2870 389 2920 terrentur
408 2870 436 2920 et
453 2864 611 2934 turbantur,
628 2867 660 2919 ut
677 2864 712 2919 de
730 2864 845 2935 speciali
858 2865 947 2936 appli-
973 2882 1034 2918 cem
1054 2865 1164 2921 Uiriato
1183 2869 1234 2920 etc
1272 2863 1356 2927 Quod
1373 2880 1439 2932 apo
1458 2863 1563 2918 dicius
1579 2864 1646 2919 Jot.
1667 2868 1699 2934 6,
1721 2884 1746 2921 o.
1761 2867 1809 2921 ii.

112 2951 221 3007 catione
234 2950 363 3007 dubitare
376 2949 526 3023 incipiant;
537 2949 664 3007 Christus
677 2949 764 3021 igitur
776 2950 946 3021 illudipsum
973 2969 1041 3005 earo
1065 2970 1122 3006 non
1145 2952 1266 3022 prodeat
1285 2950 1456 3020 quidquam,
1481 2969 1537 3006 non
1565 2953 1601 3005 de
1623 2952 1688 3020 apso
1706 2949 1813 3006 Christi

112 3053 220 3109 corpus,
238 3038 313 3110 quod
332 3054 384 3108 pro
400 3037 481 3094 nobis
494 3037 524 3092 in
543 3042 657 3092 mortem
676 3037 800 3107 tradidit,
817 3055 851 3093 ac
868 3038 945 3093 illurn
974 3054 1058 3090 carne
1087 3037 1254 3106 simpliciter
1276 3036 1501 3106 intelligendum,
1519 3039 1571 3090 scd
1592 3038 1627 3090 de
1647 3039 1811 3093 cornubiae

113 3125 204 3194 ipsum
221 3124 393 3197 sanguinem,
411 3125 459 3198 qui
477 3141 528 3195 pro
541 3123 622 3180 nobis
634 3124 739 3180 effusus
750 3131 800 3194 est,
818 3125 847 3180 in
860 3142 947 3181 coena
972 3125 1149 3194 opinionibus
1170 3142 1225 3178 non
1250 3123 1472 3177 convenientibue
1499 3140 1561 3176 cen
1579 3126 1709 3191 inpares-io
1731 3143 1808 3181 runn-

112 3211 167 3265 illis
185 3210 296 3268 exhibet
316 3211 413 3282 etuhoc
430 3217 505 3267 certo
524 3228 557 3266 ac
573 3210 651 3267 firmo
669 3210 823 3267 arrhabone
842 3212 946 3268 exhibi-
973 3209 1132 3264 dicationis
1157 3209 1251 3263 carnis
1276 3207 1387 3264 Christi.
1423 3207 1565 3265 Tossanus
1581 3209 1610 3263 in
1628 3209 1700 3266 notis
1720 3227 1808 3283 marg.

112 3297 216 3355 tionem
250 3305 278 3353 et
307 3296 521 3369 applicationem
553 3296 740 3368 promissionis
769 3298 946 3371 evangelicae
972 3295 1036 3354 Joh.
1056 3300 1085 3350 t:
1106 3296 1232 3365 Spiritus
1250 3302 1303 3361 cot,
1323 3293 1374 3364 qai
1391 3292 1519 3363 vivificat,
1534 3311 1588 3363 per
1609 3294 1748 3364 Spiritam
1765 3297 1807 3353 in·

113 3383 265 3441 confirmat.
303 3383 405 3448 Quinto
431 3384 553 3439 humana
575 3391 675 3439 natura
694 3383 796 3440 Christi
814 3384 946 3456 depositis
972 3383 1110 3452 telligitur
1132 3380 1239 3435 Christi
1261 3381 1367 3449 deitas,
1390 3381 1437 3432 oui
1461 3397 1529 3433 caro
1546 3380 1577 3433 in
1590 3397 1731 3450 personae
1748 3383 1809 3439 ast

113 3469 318 3526 infirmitatibus
335 3471 440 3528 residet
455 3470 484 3524 in
503 3470 594 3543 gloria
604 3470 710 3540 Patris3
730 3478 823 3526 nostra
841 3478 947 3539 natura,
973 3477 1030 3522 tote
1061 3477 1101 3522 ost
1126 3467 1282 3521 arctissime
1307 3467 1399 3534 unito,
1425 3465 1509 3518 nteit
1528 3482 1638 3530 senens,
1662 3467 1704 3522 oia
1722 3468 1809 3537 vivii·

113 3557 180 3613 licet
195 3558 279 3628 juxta
291 3558 498 3629 promissionem
516 3574 594 3628 spem
608 3557 759 3613 babeamus
771 3557 947 3629 glorificatio·
973 3555 1060 3609 candi
1075 3563 1115 3609 eet
1135 3554 1164 3607 in
1182 3571 1267 3608 corne
1284 3569 1360 3622 rnen,
1378 3570 1433 3607 non
1450 3558 1586 3632 manuam
1606 3569 1674 3609 caro
1692 3561 1739 3623 eet,
1757 3557 1811 3611 sed

115 3642 173 3711 nis,
200 3650 295 3701 tamen
317 3644 444 3701 sordibus
467 3643 558 3700 adhue
585 3643 741 3716 inquinata,
765 3643 881 3699 miseriis
900 3661 946 3715 op·
973 3649 1109 3711 quotenne
1128 3648 1169 3695 eet
1187 3639 1294 3694 oeterni
1312 3639 1386 3694 Filii
1404 3638 1465 3693 Dei
1480 3656 1557 3692 euro.
1580 3637 1656 3695 Besa
1673 3640 1702 3695 in
1714 3647 1807 3700 annot

113 3747 209 3802 pressa
229 3736 257 3788 et
273 3731 401 3787 omnibus
420 3731 483 3786 telis
499 3730 628 3799 Satanae,
643 3729 738 3785 mundi
758 3737 786 3786 et
804 3731 948 3787 carnisest
973 3730 1068 3801 major.
1096 3727 1149 3783 hoc
1174 3726 1244 3783 loco:
1275 3728 1323 3783 Sic
1352 3727 1463 3796 quidem
1490 3725 1699 3796 appositissime
1723 3729 1809 3783 vnde

113 3817 244 3889 exposita
279 3817 323 3875 Ne
342 3817 428 3890 igitur
445 3817 515 3873 fides
532 3821 627 3873 nostra
638 3817 772 3882 turbetur,
790 3818 853 3873 ideo
867 3818 946 3874 Chri·
973 3814 1079 3869 Clrrs'ati
1095 3815 1233 3883 explicari
1252 3814 1384 3881 cantino,
1404 3813 1446 3866 ita
1462 3820 1492 3866 ut
1511 3812 1655 3868 incarnis
1674 3822 1700 3867 ct
1714 3814 1808 3885 Spiri-

113 3910 172 3960 stus
194 3922 274 3960 suum
300 3921 401 3975 corpus
428 3910 456 3960 et
475 3903 639 3975 sanguinem
656 3904 738 3959 nobis
754 3904 885 3975 praebet,
915 3911 947 3960 ut
972 3910 1016 3956 tua
1043 3901 1185 3956 coadulta
1211 3901 1317 3955 oriola
1346 3900 1382 3953 sit
1407 3900 1556 3953 retinenda
1583 3900 1753 3970 significatio
1778 3910 1807 3959 st

113 3992 164 4049 hoc
190 3993 307 4065 pignore
334 3996 422 4048 certos
451 4010 501 4048 nos
527 3991 639 4060 reddat,
661 3991 720 4047 fore
740 3999 771 4048 ut
795 3992 945 4063 aliquando
975 3989 1101 4042 Christus
1125 4006 1181 4041 non
1200 3987 1319 4058 proprie
1344 3995 1369 4040 et
1391 3985 1575 4055 angriteriter
1598 3988 1634 4040 de
1652 4004 1737 4041 corne
1754 4006 1808 4045 asso

114 4079 315 4137 conformemur
340 4078 449 4149 corpori
470 4077 558 4149 ipsius
574 4077 703 4149 glorioso.
739 4076 822 4132 Sexto
844 4094 945 4133 novum
972 4076 1163 4145 (capressisaet
1181 4075 1253 4127 enim
1270 4090 1425 4144 pronomen
1442 4093 1507 4141 μου,
1522 4080 1608 4142 mco),
1625 4075 1678 4127 sed
1692 4091 1807 4143 genna·

51 4182 54 4187 ’
113 4171 307 4223 testamentum
325 4172 367 4219 est
383 4163 482 4220 foedus
498 4163 606 4236 gratiae
622 4163 652 4218 in
670 4162 830 4221 remissione
849 4180 945 4236 pecca·
973 4160 1088 4215 litarde
1108 4161 1184 4216 orarii
1201 4159 1330 4212 naturali
1346 4159 1402 4213 cili
1418 4177 1472 4212 usa
1488 4160 1525 4213 sit
1536 4158 1692 4215 ioorstas.**
1723 4159 1806 4218 Mart.

112 4260 216 4322 torum;
239 4252 292 4308 hoo
316 4251 414 4307 foedus
433 4267 499 4323 erga
516 4250 607 4306 Deum
624 4249 759 4304 sancitum
776 4257 819 4304 est
837 4255 865 4305 et
882 4267 945 4305 con·
973 4247 1097 4302 Buoerus
1114 4246 1144 4300 in
1159 4263 1183 4302 o.
1203 4250 1226 4300 6.
1244 4243 1307 4300 Joh.
1326 4245 1465 4316 agnoscit,
1490 4243 1631 4300 Christum
1656 4264 1711 4301 non
1729 4247 1808 4318 lopus·
1818 4249 1844 4291 Σ
1858 4246 1904 4291 m

112 4337 252 4393 firmatum
277 4336 411 4393 effusione
430 4336 573 4409 sanguinis
590 4335 706 4404 Christi,
730 4335 861 4406 utigitur
878 4338 945 4392 certi
973 4335 1009 4387 de
1033 4351 1085 4386 aua
1114 4349 1208 4386 corne.
1255 4337 1280 4388 2.
1300 4329 1425 4386 Christus
1454 4332 1483 4387 in
1510 4331 1558 4387 illa
1586 4332 1648 4403 ipsa
1675 4333 1807 4391 condona

114 4442 173 4481 esse
189 4424 341 4495 possimus,
364 4440 414 4479 nos
435 4423 464 4478 in
480 4423 592 4479 foedere
609 4422 664 4478 isto
683 4427 818 4493 perpetuo
837 4439 945 4477 mansu·
972 4436 1107 4474 summam
1133 4418 1281 4475 utilitatem
1305 4417 1396 4472 carnia
1419 4435 1485 4475 suae
1508 4419 1652 4489 praedicat
1674 4427 1703 4477 et
1718 4421 1807 4477 ineui-

113 4528 165 4580 ros,
185 4511 249 4566 ideo
266 4511 344 4566 illurn
363 4510 454 4581 ipsum
472 4509 649 4582 sanguinem,
667 4511 748 4579 cujus
767 4507 899 4563 effusione
916 4508 945 4562 id
972 4512 1018 4561 cat
1035 4523 1061 4562 s.
1080 4512 1126 4561 51:
1149 4505 1253 4573 Pastis,
1279 4521 1358 4573 quem
1384 4521 1434 4574 epo
1461 4505 1547 4567 dabo,
1577 4523 1644 4561 cero
1672 4524 1734 4560 meo
1757 4514 1806 4577 eet,
1860 4550 1862 4555 ⁴

113 4598 249 4654 sancitum
273 4604 328 4664 cst,
355 4598 385 4653 in
407 4612 494 4651 coena
510 4595 590 4652 nobis
609 4593 729 4651 exhibet.
766 4594 887 4665 Septimo
905 4595 945 4649 in·
972 4611 1055 4662 qnam
1079 4591 1152 4645 doto
1172 4609 1229 4661 pro
1252 4591 1350 4644 mandi
1372 4591 1445 4655 oito;
1470 4609 1496 4644 s.
1515 4595 1562 4648 53:
1583 4593 1640 4646 nisi
1653 4594 1805 4649 manduca·

113 4687 211 4741 stituta
233 4690 276 4739 est
300 4701 379 4739 sacra
404 4699 490 4738 coena
517 4683 546 4738 in
563 4682 781 4739 recordationem
799 4681 945 4737 beneficio·
971 4678 1067 4732 veritis
1089 4695 1202 4732 earnem
1220 4677 1294 4732 Filii
1317 4676 1436 4731 bominis
1461 4685 1487 4731 et
1512 4677 1636 4732 tiberms
1660 4678 1721 4748 ejus
1739 4672 1804 4735 aaa

113 4789 174 4827 rnrn
192 4769 294 4826 Christi
312 4777 341 4826 et
358 4771 388 4825 in
405 4768 638 4825 confirmationem
654 4768 730 4824 fidei.
761 4767 833 4833 Quia
853 4774 945 4824 autom
971 4763 1096 4832 quinem,
1122 4782 1178 4818 non
1205 4764 1339 4819 tacebitis
1365 4765 1449 4818 vitem
1473 4763 1503 4816 in
1526 4763 1623 4832 oots‘s5'
1645 4781 1670 4821 v.
1691 4770 1738 4821 54:
1755 4764 1807 4837 gai

113 4874 179 4914 sera
199 4855 268 4911 fides
285 4855 390 4911 firmius
410 4872 428 4911 a
446 4852 557 4911 Christo
573 4854 802 4927 apprehenditur,
826 4854 899 4911 Phil.
922 4861 946 4919 3,
972 4852 1125 4904 mentimur
1146 4868 1234 4905 meam
1259 4866 1372 4904 carmus
1399 4857 1425 4903 et
1446 4848 1512 4902 bibit
1529 4866 1618 4902 meum
1635 4850 1806 4922 conprobans,

113 4963 138 4997 v.
160 4948 200 4998 12.
223 4942 285 4999 ideo
309 4940 526 5015 apprehensione
544 4939 669 4997 vivificae
691 4957 759 4996 suae
778 4941 867 4995 carnis
886 4941 946 4996 vult
972 4936 1053 4990 habet
1074 4937 1159 4991 vitam
1181 4944 1339 5005 aeternam
1365 4951 1391 4988 v.
1409 4941 1455 4989 55:
1482 4952 1549 4989 caro
1575 4935 1646 4987 enim
1665 4953 1726 4988 mco
1743 4952 1806 4992 sere

113 5030 142 5084 in
159 5028 240 5084 nobis
257 5029 432 5095 exsuscitare,
451 5032 656 5083 conservarent
672 5026 835 5083 confirmare
852 5044 945 5083 veram
973 5031 1013 5077 eet
1036 5023 1113 5077 citus
1139 5030 1165 5077 et
1183 5021 1299 5091 annonis
1319 5038 1395 5075 meua
1414 5037 1476 5077 oere
1496 5029 1536 5075 est
1551 5028 1635 5090 potas
1654 5026 1706 5077 ete.
1745 5021 1808 5089 Qus

114 5115 157 5171 aui
183 5116 411 5172 recordationem.
455 5112 560 5171 Octavo
591 5111 716 5168 Christus
739 5114 769 5169 in
801 5130 888 5169 coena
914 5130 946 5169 ea
972 5109 1057 5182 igitur
1077 5110 1168 5181 specis
1188 5108 1222 5164 de
1240 5125 1322 5164 carne
1340 5106 1441 5164 Christi
1461 5107 1516 5163 dici
1532 5112 1640 5179 potest,
1664 5106 1808 5179 quodnisi

113 5209 228 5272 natura,
254 5218 309 5273 qua
332 5208 417 5273 caput
440 5204 638 5261 nostramet,
662 5215 776 5271 corpore
796 5200 901 5256 scilieet
919 5205 947 5257 et
974 5197 1078 5272 ὠφελεῖ
1100 5193 1192 5263 οὐδὲν,
1215 5195 1287 5249 nihil
1312 5195 1465 5267 quidquem
1484 5193 1594 5249 omnino
1612 5194 1719 5265 prosit?
1743 5195 1807 5255 Hoc

114 5288 250 5361 sanguine
279 5305 343 5358 suo,
370 5307 400 5345 se
424 5287 577 5343 arctissime
600 5284 680 5341 nobis
698 5286 857 5357 conjungit,
884 5286 947 5342 ideo
973 5288 1168 5357 argumentum
1185 5281 1283 5338 merito
1301 5288 1383 5353 urget
1401 5281 1437 5336 D.
1454 5278 1601 5335 Lutherus.
1634 5287 1659 5338 3.
1680 5280 1805 5345 Christus

114 5394 164 5447 per
182 5379 332 5431 assumtam
350 5374 425 5430 illam
444 5381 473 5431 et
491 5373 570 5430 nobis
590 5376 738 5443 cognatam
754 5377 881 5428 naterram
898 5390 946 5444 po·
972 5389 1029 5429 non
1051 5369 1132 5426 dicit:
1161 5368 1235 5423 Coro
1264 5385 1324 5425 men
1345 5386 1400 5423 non
1411 5367 1529 5437 prodest
1547 5367 1716 5446 quidquam,
1741 5368 1808 5440 quin

113 5468 204 5518 tantm
223 5468 252 5516 et
269 5458 418 5517 efficaciter
435 5461 464 5516 in
477 5458 654 5517 credentibus
667 5462 803 5530 operatur,
823 5464 862 5524 ut,
880 5460 946 5533 quia
973 5458 1065 5531 potius
1093 5456 1260 5513 contrarium
1289 5453 1399 5522 asserit,
1424 5468 1535 5509 carnem
1562 5470 1640 5511 auam
1668 5453 1807 5525 vivificam

115 5551 205 5623 ipsum
230 5553 317 5617 caput
334 5554 375 5602 est
392 5548 422 5603 in
441 5546 536 5617 nobis,
558 5563 609 5623 nos
628 5545 712 5613 etiam
725 5541 844 5631 invicem
853 5545 945 5607 ,simtu
973 5545 1077 5629 ibidem
1095 5559 1227 5613 asserens,
1245 5538 1320 5621 unde
1339 5538 1464 5613 synodus
1476 5537 1619 5617 Ephesius
1629 5538 1806 5599 ananensis
