4004 6022
438 1376 723 1499 Locus
768 1373 1257 1496 VIOESIMUS
1301 1367 1648 1491 PRIMUS

594 1663 710 1884 on
766 1662 1105 1816 sucat
1163 1656 1502 1812 sonus.

1028 1965 1054 2029 1.

114 1967 142 2006 1.
157 1964 176 2006 l.

58 2134 176 2178 consum
226 2074 403 2185 Tractatum
423 2125 458 2182 da
475 2125 622 2198 baptismo,
641 2128 732 2199 priore
748 2128 783 2185 N.
799 2127 833 2184 T.
848 2129 1029 2191 sacramento,
1094 2132 1118 2182 t.
1140 2125 1273 2191 Quamvis
1294 2130 1387 2181 autem
1408 2142 1493 2182 causa
1510 2126 1650 2182 efficiente
1668 2126 1825 2201 principali,
1845 2145 1893 2201 ge
1904 2133 1998 2175 nass

57 2190 176 2290 33013Ϊο
191 2214 287 2269 ordine
313 2213 451 2268 indivulso
475 2219 503 2268 et
521 2214 682 2269 immediato
698 2215 824 2286 sequitur
843 2213 975 2268 articulus
994 2213 1029 2267 de
1040 2159 1044 2255 i
1056 2212 1263 2283 nereproximo,
1280 2215 1397 2268 materia
1417 2221 1445 2270 et
1462 2213 1551 2268 forma
1568 2213 1705 2286 generice,
1725 2213 1893 2272 causafinali
1905 2187 1998 2278 iadis

58 2293 138 2332 Μ·
172 2303 270 2355 'sacra
287 2317 383 2363 coena,
406 2308 578 2356 sacramento
596 2300 630 2356 N.
643 2300 676 2354 T.
694 2300 789 2357 altero.
819 2300 861 2356 Ut
874 2300 947 2354 enirn
958 2299 1029 2353 illud
1055 2299 1151 2353 itidem
1180 2298 1309 2375 generice
1338 2298 1408 2355 haec
1436 2299 1492 2354 duo
1516 2307 1688 2355 sacramenta
1717 2300 1892 2372 conveniant,
1905 2299 2000 2333 ΜΨ·

191 2393 234 2442 cst
251 2392 455 2441 sacramentnm
466 2385 637 2449 initiationis,
656 2386 696 2440 ita
707 2385 760 2440 hoc
773 2393 815 2440 est
827 2392 1029 2440 sacramentum
1055 2385 1189 2440 differunt
1208 2392 1316 2440 tamen:
1336 2391 1359 2439 1.
1375 2389 1471 2441 Causa
1485 2389 1623 2455 efficiente
1640 2389 1810 2442 immediato.
1839 2387 1893 2443 Ba·

191 2472 421 2539 confirmationis3
447 2472 522 2526 unde
548 2472 576 2525 in
600 2471 741 2542 primitiva
763 2471 879 2526 ecclesia
895 2471 1029 2525 usitatum
1055 2472 1172 2540 ptismus
1192 2473 1331 2528 mediante
1348 2472 1484 2528 Johannis
1505 2474 1655 2527 ministerio
1676 2474 1893 2530 divinitusinsti·

190 2559 244 2613 snit
262 2558 468 2614 catechumenis
486 2557 597 2626 adultis,
617 2563 681 2629 post
699 2557 770 2612 sacri
786 2557 918 2627 baptismi
940 2573 1028 2611 sacra·
1054 2562 1201 2627 tutatast,
1221 2575 1301 2613 sacra
1314 2577 1380 2614 vero
1392 2576 1479 2614 coena
1492 2559 1649 2614 immediate
1661 2559 1768 2632 abipso
1783 2558 1892 2620 Christo

190 2651 322 2713 mentum,
338 2663 401 2700 mox
420 2643 616 2700 eucharistiam
635 2644 858 2716 participandam
877 2643 951 2698 dare.
977 2643 1027 2699 Ju·
1056 2644 1183 2698 instituta
1214 2651 1264 2702 est.
1305 2648 1333 2702 2.
1361 2645 1457 2699 Causa
1481 2646 1652 2699 administra
1675 2645 1891 2702 instrumentali.

190 2733 278 2787 atinus
296 2732 369 2802 apol.
383 2738 406 2787 2.
425 2749 476 2802 pro
490 2731 590 2786 Christ.
602 2748 632 2802 p.
649 2736 697 2785 te:
721 2730 882 2800 Quicunque
895 2733 1030 2802 persuasi
1055 2731 1168 2785 Sacram
1181 2748 1297 2786 coenam
1309 2730 1435 2786 Christus
1444 2749 1499 2786 non
1509 2731 1598 2787 solum
1608 2731 1736 2800 instituit,
1749 2731 1798 2790 sed
1808 2733 1891 2788 etism

189 2819 298 2883 fuerint
317 2827 343 2871 st
361 2819 547 2882 credideriut,
570 2834 638 2870 uero
655 2833 726 2886 esse,
744 2834 816 2887 quoe
834 2836 853 2870 a
871 2817 950 2871 uobis
969 2824 1027 2870 tra·
1054 2817 1113 2887 ipse
1139 2818 1245 2888 primus
1268 2819 1296 2872 in
1317 2836 1436 2890 persona
1460 2819 1573 2889 propria
1595 2818 1813 2888 administravit,
1842 2817 1891 2877 ba·

190 2909 294 2959 dautur
311 2913 337 2959 ct
351 2906 491 2975 dicuutssr,
511 2923 545 2960 oe
559 2907 653 2960 uiuere
670 2922 700 2959 se
712 2906 752 2959 ila
760 2922 846 2976 posse
862 2906 1027 2977 receperint,
1053 2904 1186 2975 ptismum
1208 2921 1274 2960 vero
1298 2915 1354 2960 n'ou
1378 2904 1432 2959 nisi
1453 2922 1504 2975 per
1519 2904 1676 2959 iohannem
1696 2911 1724 2961 ct
1741 2905 1891 2976 apostolos.

191 3010 277 3047 orare
307 2994 475 3062 jejunantes
504 3001 530 3046 ct
560 3001 657 3063 petere
681 3012 700 3046 α
726 2993 790 3045 Deo
810 2993 942 3064 priorum
958 3010 1025 3063 pec·
1054 2991 1115 3057 Quo
1141 2993 1276 3062 pertinet,
1300 2993 1374 3063 quod
1397 2993 1426 3046 iu
1452 3010 1518 3048 casu
1544 2992 1717 3047 necessitatis
1735 2992 1891 3065 baptismus

190 3074 314 3134 catorum
332 3079 524 3133 remissionem
541 3081 685 3148 docentem,
714 3080 793 3133 uobis
809 3097 871 3133 cum
888 3081 948 3134 sitis
968 3099 1026 3134 uua
1053 3095 1071 3132 a
1092 3079 1201 3150 privato
1230 3079 1417 3133 administrari
1443 3079 1543 3149 possit3
1572 3096 1653 3135 sacra
1681 3085 1775 3134 autern
1803 3096 1892 3136 coena

190 3175 215 3219 et
229 3165 427 3236 jejunantibus
446 3174 471 3218 et
485 3167 630 3220 orantibus
637 3191 646 3232 ,-
674 3166 777 3220 deinde
798 3184 830 3221 eo
845 3168 1026 3222 adducuntur
1053 3183 1108 3220 non
1126 3166 1179 3219 nisi
1200 3166 1236 3220 ab
1255 3165 1389 3221 ecclesiae
1400 3165 1540 3219 ministris.
1570 3167 1595 3218 3.
1610 3166 1737 3219 Materia
1746 3166 1888 3236 prosimu.

190 3271 208 3305 a
227 3253 315 3315 uobis,
333 3253 381 3304 ubi
392 3270 469 3321 aqua
483 3260 532 3322 est,
548 3262 630 3322 atque
649 3270 681 3308 eo
699 3254 923 3321 reponeretioois
935 3256 1027 3322 modo,
1053 3252 1172 3307 Materia
1197 3253 1313 3307 exterior
1340 3253 1397 3307 sive
1422 3259 1566 3308 externum
1593 3252 1760 3307 elementum
1788 3269 1821 3308 uc
1844 3269 1889 3310 res

191 3355 244 3407 quo
265 3338 324 3407 ipsi
347 3340 507 3406 reysueroti
528 3357 636 3402 sumus,
661 3347 881 3408 reparamentum
907 3358 973 3393 nom
995 3341 1026 3393 io
1052 3343 1162 3394 terrena
1178 3339 1310 3409 baptismi
1329 3344 1371 3392 est
1388 3356 1476 3410 aqua3
1503 3356 1607 3393 coenae
1624 3357 1689 3393 vero
1703 3337 1782 3407 panis
1799 3342 1828 3394 et
1849 3326 1890 3394 vi·

190 3426 299 3477 nomios
321 3441 414 3478 rerum
440 3433 605 3479 cunctarum
625 3425 760 3479 Parentis
786 3435 812 3479 ct
833 3426 952 3480 Domini
967 3427 1027 3480 Dei
1052 3443 1127 3481 num.
1172 3425 1227 3480 Res
1252 3424 1378 3479 coelestis
1405 3424 1535 3495 baptismi
1557 3431 1598 3480 est
1621 3424 1741 3495 Spiritus
1769 3429 1890 3490 sanctus,

189 3520 215 3564 ct
239 3512 393 3566 servatoris
416 3513 508 3566 uestri
525 3513 596 3566 Jcsu
617 3513 725 3567 Christi
748 3520 774 3566 et
794 3511 918 3581 Spiritus
936 3512 1027 3564 sancti
1053 3511 1111 3565 sive
1135 3517 1195 3566 tota
1215 3517 1391 3565 sacrosancta
1414 3511 1553 3581 Trinitas,
1578 3527 1673 3566 sacrae
1691 3528 1755 3566 vero
1777 3527 1889 3580 coenae,

188 3599 217 3650 iu
236 3617 312 3667 aquo
331 3605 388 3652 tum
405 3599 546 3652 locamur.
581 3598 619 3653 Et
640 3617 668 3669 p.
688 3603 734 3653 76:
771 3600 840 3652 Post
864 3598 1027 3666 hujusmodi
1053 3614 1152 3668 corpus
1177 3602 1205 3652 et
1228 3597 1341 3668 sanguis
1359 3597 1468 3653 Christi.
1506 3602 1531 3654 t.
1551 3598 1659 3651 Formo
1678 3598 1820 3665 specifico.
1855 3597 1889 3652 In

188 3686 371 3754 locutionem,
400 3689 558 3740 credentem
583 3686 644 3754 jam
670 3693 695 3738 et
718 3684 796 3738 uobis
819 3686 959 3740 adscitum
985 3688 1027 3738 od
1052 3684 1190 3755 baptismo
1203 3701 1278 3756 aqua
1289 3684 1494 3756 adspergimur,
1502 3684 1546 3739 vel
1556 3701 1645 3755 aquae
1657 3684 1845 3755 immergimur
1859 3685 1890 3739 in

180 3773 312 3840 fratres,
334 3773 385 3842 qui
402 3775 542 3841 dicuutur,
569 3788 600 3825 co
619 3771 801 3837 adducimus,
824 3772 873 3824 ubi
894 3772 942 3824 iili
963 3790 1025 3827 corr·
1052 3770 1161 3826 nomine
1171 3771 1270 3838 Patris,
1286 3770 1350 3824 Filii
1364 3778 1392 3827 et
1401 3770 1520 3841 Spiritus
1533 3772 1631 3827 sancti.
1664 3770 1698 3825 In
1712 3788 1791 3825 sacra
1804 3787 1891 3826 coena

186 3859 300 3928 prepeti
317 3867 381 3912 suut
399 3863 439 3914 cd
457 3876 612 3913 communes
626 3875 727 3928 preces
750 3865 775 3910 ct
796 3858 1025 3926 supplicationes.
1052 3875 1147 3913 verum
1166 3874 1266 3927 corpus
1279 3854 1381 3911 Christi
1401 3856 1540 3911 mediante
1564 3856 1710 3911 benedicto
1728 3873 1800 3927 pane
1812 3874 1887 3912 mau-

188 3947 214 3999 A
229 3946 362 4015 precibus
379 3947 480 4010 finitis,
499 3946 601 3998 mutuis
620 3963 670 3998 uos
690 3945 807 3998 inuicem
826 3944 929 3997 osculis
949 3946 1025 3998 suiu-
1052 3946 1185 4000 ducamus
1212 3951 1240 3999 et
1266 3961 1361 3999 verum
1387 3945 1448 4015 ejus
1467 3943 1630 4014 sanguinem
1648 3945 1789 3999 mediante
1808 3944 1888 4000 bene·

187 4040 285 4087 torosis.
316 4032 430 4085 Deinde
443 4031 478 4095 ci,
496 4033 546 4100 qui
555 4032 699 4096 fratribus
710 4039 833 4101 praeest,
847 4033 962 4100 offertur
971 4050 1025 4101 pa·
1053 4032 1126 4086 dicto
1144 4031 1208 4085 vino
1228 4030 1357 4086 bibimus.
1396 4036 1421 4083 6.
1442 4028 1537 4082 Causa
1548 4030 1887 4102 firsoliproeimaetspe·

188 4118 232 4170 uis
250 4125 274 4170 ct
286 4118 423 4186 poculum
442 4133 534 4186 oquae
552 4125 578 4170 et
596 4118 656 4170 os'm'
673 4124 724 4173 etc.
754 4117 917 4173 Ambrosius
930 4117 977 4172 lib.
991 4117 1025 4172 de
1051 4119 1142 4188 sistro.
1186 4117 1241 4171 Per
1260 4117 1431 4187 baptismum
1450 4133 1645 4187 regeneramur
1663 4134 1696 4170 ac
1714 4133 1888 4186 renovamur,

188 4202 221 4257 iis
238 4204 286 4274 qui
304 4203 425 4258 initiant.
449 4210 530 4273 myst.
554 4209 701 4276 postquam
724 4204 759 4259 da
780 4203 913 4275 baptismi
934 4221 1024 4259 sacra·
1051 4222 1101 4274 per
1124 4209 1327 4259 sacramentum
1344 4219 1447 4258 coenae
1465 4202 1565 4257 alimur
1583 4220 1616 4257 ac
1636 4203 1773 4257 nutrimur
1791 4202 1827 4256 ad
1846 4203 1887 4266 vi·

190 4296 282 4345 mento
302 4296 397 4361 egerat
416 4307 438 4344 c.
458 4295 482 4346 8.
505 4290 535 4344 in
552 4291 639 4360 princ.
664 4291 824 4362 subjungit:
849 4292 905 4345 His
928 4292 1025 4345 adiuta
1051 4296 1109 4344 tam
1134 4296 1282 4345 aeternam.
1320 4290 1353 4343 Iu
1381 4289 1531 4359 baptismo,
1555 4290 1717 4359 praesertim
1741 4288 1887 4358 infantum,

185 4377 267 4446 plebs
295 4377 373 4430 dives
390 4377 544 4446 iusipuibcs
563 4378 604 4428 oct
623 4377 731 4432 Christi
750 4379 891 4431 contendit
918 4378 1024 4431 altorio
1051 4394 1101 4448 per
1120 4376 1253 4447 Spiritum
1271 4379 1398 4430 sanctum
1410 4374 1480 4429 fides
1493 4377 1668 4444 accenditur,
1686 4375 1715 4428 in
1727 4393 1779 4428 usu
1792 4391 1886 4430 sacrae

190 4464 301 4516 dicens:
320 4471 347 4516 et
365 4464 486 4518 introibo
506 4463 657 4518 adultere
676 4465 735 4518 Dei
751 4472 777 4517 et
798 4466 839 4518 ad
859 4466 958 4530 Deum,
978 4466 1027 4534 qui
1052 4481 1154 4519 coenae
1172 4470 1298 4534 augetur,
1317 4461 1495 4517 confirmatur·
1516 4467 1544 4516 et
1565 4462 1735 4532 obsignatur.
1767 4460 1822 4514 Per
1838 4461 1887 4516 ba·

190 4550 324 4619 loetdicot
329 4550 503 4618 juventutem
515 4567 612 4604 mcum.
632 4550 780 4620 Depositis
794 4551 865 4603 enim
877 4551 1027 4604 inveterati
1051 4551 1181 4621 ptismum
1190 4549 1299 4604 Christo
1312 4548 1465 4610 inserimur,
1474 4547 1503 4601 in
1515 4563 1570 4618 quo
1582 4547 1725 4619 spirituale
1735 4546 1886 4601 incremen-

189 4635 718 4704 errorisecuuiisrcuoootoissoquiiae
727 4637 1026 4704 juveututem,cocleste
1051 4643 1110 4690 tum
1128 4635 1243 4689 salutari
1261 4651 1364 4689 coenae
1384 4651 1438 4688 usu
1453 4634 1613 4704 accipimus.
1642 4634 1697 4686 Per
1716 4631 1885 4702 baptismum

189 4723 266 4776 iilud
277 4723 403 4795 festinat
424 4724 507 4775 odire
527 4723 687 4777 convicium.
715 4722 906 4777 Theodoretus
919 4728 1024 4793 quaest.
1050 4725 1079 4778 in
1093 4722 1190 4777 foedus
1203 4720 1327 4775 divinum
1338 4720 1501 4791 recipimur·;
1521 4739 1571 4790 per
1582 4737 1662 4773 usum
1675 4736 1770 4775 sacrae
1783 4736 1886 4777 coenae

191 4817 232 4868 27.
252 4810 280 4863 in
289 4810 394 4864 Exods
416 4809 655 4871 Quemadmodum
675 4809 808 4875 Hebro-ei,
828 4811 877 4862 ubi
887 4826 964 4861 more
979 4827 1026 4861 ru·
1051 4809 1093 4864 vel
1113 4799 1140 4862 in
1156 4808 1255 4863 codem
1268 4825 1469 4871 conservamur,
1489 4808 1533 4863 vel
1545 4826 1578 4863 ex
1590 4825 1622 4861 eo
1634 4823 1683 4875 per
1694 4812 1886 4876 peccatacou·

190 4899 269 4951 brom
289 4897 469 4963 transierunt,
489 4896 549 4948 cibo
563 4896 717 4965 pereprs'uo
736 4902 761 4946 et
780 4912 856 4963 aqam
877 4896 1024 4964 inopinate
1051 4903 1094 4950 tra
1118 4894 1316 4950 conscientiam
1340 4894 1462 4965 prolapsi
1482 4895 1518 4947 ad
1542 4894 1615 4948 idem
1633 4910 1699 4947 vera
1718 4894 1888 4964 poenitentia

188 4985 375 5053 smsbanmr;
396 4984 438 5036 ita
457 4999 507 5035 uos
520 4990 588 5052 post
603 4982 757 5034 solutorem
775 4981 940 5050 baptismum
957 4999 1026 5049 por·
1052 4983 1219 5038 revertimur.
1255 4982 1422 5050 6.Od7'ectis.
1443 4982 1600 5052 Baptismus
1613 4981 1769 5035 nouaclum
1784 4981 1888 5036 adultis

189 5072 289 5139 ticipes
311 5089 405 5124 sumus
429 5070 589 5123 diuinorum
612 5068 815 5136 mysteriorum.
851 5067 1026 5122 Chemnicius
1052 5070 1080 5123 in
1099 5085 1164 5122 vera
1187 5068 1321 5138 religione
1345 5068 1491 5130 institutis,
1517 5066 1565 5119 sed
1586 5066 1669 5119 etiam
1688 5066 1841 5123 infantibus
1859 5069 1887 5124 in

189 5164 260 5229 part.
281 5163 304 5212 2.
325 5174 410 5212 exam.
430 5173 492 5226 cap.
513 5154 548 5209 de
565 5172 665 5208 asscrr.
689 5171 784 5209 sacrae
798 5170 901 5208 coenae
918 5172 945 5224 p.
963 5158 1025 5208 166:
1053 5154 1169 5209 ecclesia
1189 5155 1275 5218 natis,
1294 5171 1373 5209 sacra
1391 5160 1483 5208 autem
1504 5168 1657 5208 coenauon
1670 5153 1721 5207 nisi
1734 5154 1845 5223 adultis,
1860 5161 1888 5210 et

196 5245 333 5298 Usitotum
350 5245 413 5311 fuit
438 5244 469 5297 iu
496 5248 555 5296 tota
579 5242 746 5309 antiquitate
754 5282 761 5309 ,
794 5243 909 5309 ostonde
934 5240 1030 5293 adulti
1054 5241 1164 5312 quidem
1191 5240 1255 5293 solis
1280 5240 1349 5306 illis,
1381 5241 1429 5311 qni
1454 5237 1589 5309 baptizati
1612 5246 1678 5295 sunt
1701 5257 1786 5310 seque
1812 5240 1887 5310 ipsos

115 5329 180 5375 Η·
193 5331 418 5402 baptizabuntur,
451 5331 529 5401 quod
558 5329 652 5382 statim
679 5347 697 5380 α
725 5329 862 5397 baptismo
891 5329 1028 5381 ducebas·
1052 5328 1170 5399 probare
1182 5333 1309 5398 possunt,
1329 5325 1468 5397 competit.
1499 5324 1559 5390 Quo
1572 5326 1654 5381 etiam
1668 5326 1796 5396 pertinet,
1813 5327 1888 5398 quod

192 5427 238 5472 tur
257 5418 298 5470 ad
315 5419 448 5486 synesin,
466 5426 496 5472 ut
513 5416 654 5487 mysteriis
673 5415 858 5469 cauteriatioe
879 5415 1028 5470 communi·
1053 5414 1178 5470 Christus
1198 5413 1355 5485 baptizatus
1374 5411 1502 5483 quidem,
1521 5431 1576 5468 nou
1595 5421 1689 5468 autem
1705 5429 1785 5467 sacra
1801 5427 1889 5467 coena

192 5511 297 5559 coreot.
379 5501 380 5504 ’
1053 5519 1120 5556 usus
1145 5499 1235 5554 fuerit
1275 5505 1296 5557 7.
1318 5498 1479 5567 adiunctis.
1511 5498 1626 5554 Iteratio
1644 5497 1774 5555 convenit
1788 5513 1886 5556 sacrae

245 5597 409 5650 commu-losa
424 5596 448 5640 V.
1536 5607 1550 5658 1
