4004 6022
784 248 838 304 ιιι
854 246 979 305 sucus
999 248 1135 307 coena
1620 233 1624 256 '
1769 266 1808 325 57

109 410 180 478 typo
212 402 328 461 seorsim
352 406 450 462 sumto.
493 404 612 461 Ratiorm
637 403 746 477 generis
768 407 861 476 potest
886 402 946 461 fieri
976 403 1038 459 dem
1055 410 1088 460 ιιι
1104 404 1182 462 laicis
1200 424 1285 462 uuam
1303 407 1392 463 solum
1413 408 1533 480 speciem
1551 411 1672 467 dandam
1689 429 1763 485 esse,
1780 432 1811 472 se

110 491 262 564 applicatio
278 490 363 562 hujus
380 490 507 546 miraculi
525 491 562 547 ad
580 508 686 548 sacram
697 508 820 548 coenam.
847 489 947 556 Quem·
975 508 1114 563 pugnare;
1144 492 1207 548 ideo
1237 499 1431 566 argumentum
1457 495 1510 552 hoc
1537 497 1618 552 modo
1644 498 1810 558 formamus:

109 578 262 635 admodum
287 575 413 633 Christus
436 578 541 634 ibidem
564 579 744 651 corporaliter
769 578 867 635 refecit
891 585 948 635 tur·
975 578 1035 633 Aut
1057 578 1087 634 in
1109 596 1177 635 voce
1199 580 1281 652 panis
1305 581 1479 638 admittenda
1503 590 1547 638 est
1564 584 1616 640 hoc
1633 586 1695 642 loco
1713 606 1811 660 synec-

108 666 189 731 bem,
215 665 257 719 ita
275 665 366 721 adhuc
382 664 465 721 hodie
484 665 624 737 spirituali
648 664 711 719 cibo
732 664 761 719 in
783 664 949 721 eucharistia
976 664 1078 733 doche,
1102 672 1133 721 ut
1149 666 1376 740 subintelligatur
1392 675 1475 739 potus
1496 671 1593 742 etiam3
1619 679 1669 727 aut
1685 674 1811 733 Christus

108 769 161 808 nos
185 750 282 807 reficit.
329 758 353 808 4.
382 750 535 806 Historiam
558 768 661 807 coenae
679 750 862 807 Emaunticae
878 750 948 806 fate
975 752 1146 808 consecravit
1171 753 1231 809 sine
1252 753 1326 809 vino.
1373 754 1402 811 Si
1418 756 1508 827 prins,
1532 775 1590 813 non
1606 767 1724 830 possunt
1739 779 1812 819 com-

109 845 156 895 sur
176 836 362 893 Bellarminus
387 838 424 893 ab
452 837 521 909 ipsis
547 836 700 893 Pontificiis
728 837 804 893 varie
831 837 948 909 exponi3
975 837 1132 894 munionem
1157 840 1209 896 sub
1233 857 1290 895 una
1312 841 1404 911 specie
1429 859 1463 898 ex
1481 842 1534 899 hoc
1551 844 1612 900 loco
1629 847 1764 920 prohere;
1787 848 1813 905 si

109 924 252 981 Johannes
275 939 294 979 s
317 922 442 978 Lovanio
467 922 561 978 etalii
579 924 764 993 contendunt,
790 940 949 978 samamcn-
975 924 1127 996 posterius,
1160 941 1226 997 ergo
1257 926 1340 983 etiam
1362 928 1445 984 hodie
1473 931 1630 986 sacerdotes
1658 932 1718 988 sine
1747 934 1811 991 rino

109 1021 170 1066 tum
202 1009 393 1065 eucharistiae
416 1011 515 1064 datum
544 1028 563 1064 a
590 1007 702 1064 Christo
719 1009 817 1079 fussee
841 1010 955 1064 ambus
974 1027 1138 1067 consecrare
1156 1019 1282 1085 possunt.
1318 1012 1407 1086 Atqui
1424 1015 1476 1070 hoc
1495 1022 1609 1088 negant,
1627 1019 1697 1076 adeo
1715 1020 1812 1078 utos·

111 1097 272 1168 mesae.
314 1094 423 1152 como.
449 1095 600 1151 sensenna
627 1095 657 1149 n
680 1096 850 1167 expositione
874 1095 950 1151 inrue
971 1096 1085 1167 jermus
1103 1097 1133 1151 u
1150 1102 1221 1169 pan
1242 1103 1266 1154 s.
1296 1117 1321 1170 q.
1343 1105 1384 1155 so.
1407 1108 1458 1155 ns
1481 1106 1519 1159 ιι.
1546 1119 1572 1172 q.
1595 1107 1618 1160 1.
1639 1092 1813 1174 prouolue:

111 1184 166 1240 loci
186 1182 294 1252 statuit,
308 1198 414 1251 panem
435 1199 453 1235 a
470 1183 596 1236 Domino
610 1183 783 1238 benedictum
795 1184 824 1237 in
839 1186 949 1240 Emaus
977 1182 1141 1252 Sacrsiepus
1166 1193 1208 1239 est
1225 1188 1360 1240 sacerdos
1380 1191 1570 1243 consecrando
1583 1207 1690 1259 panem
1711 1200 1738 1247 et
1756 1211 1813 1249 non

111 1290 168 1326 nors
185 1270 279 1336 fuisse
295 1269 408 1338 quidem
426 1269 642 1335 eucharistiam,
662 1270 715 1324 sed
733 1271 824 1334 fuisse
841 1277 948 1325 tantum
975 1269 1082 1338 uinum,
1106 1270 1182 1342 quod
1203 1271 1294 1342 ipsum
1313 1272 1397 1328 etiam
1417 1274 1543 1346 agnoscit
1559 1274 1746 1336 Bellarminus
1761 1279 1811 1337 lih.

112 1356 298 1413 eucharistiae
319 1358 444 1426 fipuram
467 1363 493 1410 et
517 1356 638 1410 voluisse
660 1356 815 1411 Dominum
835 1358 886 1412 hoe
905 1374 949 1411 es·
976 1362 999 1413 t
1021 1356 1056 1412 de
1074 1356 1185 1415 eochar.
1203 1374 1227 1414 c.
1249 1364 1290 1414 22.
1310 1358 1360 1416 uhi
1384 1359 1413 1414 in
1432 1360 1505 1416 hanc
1523 1363 1689 1419 sententiam
1707 1365 1813 1438 allegat

112 1445 206 1515 empto
230 1444 425 1497 demonstrare
446 1443 574 1509 snsetum
600 1450 626 1496 et
649 1442 799 1497 utilitatem
823 1445 949 1498 euchari·
975 1458 1052 1498 conc.
1074 1443 1163 1498 Tolet
1180 1442 1247 1500 VII.
1265 1461 1325 1500 can.
1348 1451 1372 1502 2.
1392 1452 1422 1502 et
1439 1463 1463 1502 c.
1483 1453 1532 1505 25:
1559 1449 1728 1506 &cederes
1743 1471 1811 1523 pro·

110 1531 182 1587 aiae
201 1530 232 1584 in
249 1547 309 1583 una
325 1528 425 1599 operm
464 1526 650 1583 Bellarminns
668 1528 790 1599 dubitat,
813 1546 885 1602 quse
903 1547 948 1586 ex4
970 1537 1037 1598 pter
1058 1531 1262 1599 perfectionem
1285 1533 1422 1600 sacrificii
1437 1541 1565 1588 tenentur
1582 1552 1690 1591 sumen
1707 1547 1812 1594 utram-

110 1615 213 1691 positio
230 1614 312 1671 alteri
330 1613 513 1686 praeferenda
531 1615 580 1686 sit,
606 1615 720 1670 taudem
738 1615 820 1684 dicit,
842 1625 948 1671 utram·
975 1631 1027 1683 que
1050 1617 1184 1686 speciem,
1204 1635 1266 1671 cum
1290 1620 1440 1682 conficiunt
1458 1620 1665 1679 extortitiam,
1703 1624 1811 1684 ettssd.

111 1721 164 1776 pue
195 1702 393 1773 repositionem
422 1704 582 1769 ostenden,
613 1705 691 1771 quod
716 1720 751 1757 ea
779 1704 815 1757 cit
840 1704 948 1757 utilior
975 1701 1108 1758 larmiuus
1135 1703 1170 1759 de
1188 1703 1288 1774 pontif.
1309 1703 1387 1762 Rom.
1404 1722 1470 1778 pag.
1492 1712 1557 1764 511:
1585 1708 1728 1766 Sacerdos
1746 1712 1811 1766 mie·

112 1789 302 1847 eucharistiae
321 1788 352 1842 in
368 1806 426 1842 una
444 1787 544 1858 specie,
563 1795 594 1842 ut
611 1789 722 1842 minime
739 1789 947 1845 shmistimcn-
974 1788 1090 1856 siricam
1116 1807 1173 1844 non
1194 1798 1288 1861 potest
1316 1792 1366 1844 suh
1393 1810 1452 1846 una
1477 1796 1572 1864 specie
1599 1799 1811 1865 communicare,

111 1879 186 1946 dum
204 1875 297 1942 fuisse
318 1875 486 1945 imperatum
504 1874 630 1928 omnibus
646 1875 727 1930 iilius
744 1877 871 1930 usumin
887 1894 947 1947 epe·
975 1877 1043 1945 quia
1072 1876 1268 1945 imperfectum
1294 1877 1465 1947 sacrificium
1492 1882 1634 1937 redderet.
1680 1883 1810 1944 Gestatus

112 1965 154 2019 eie
171 1971 301 2033 utraque.
331 1961 409 2017 Idem
427 1961 526 2016 statuit
545 1959 652 2017 Sebast.
665 1961 817 2018 Barradius
828 1963 858 2018 in
869 1980 947 2019 conc.
974 1962 1004 2017 in
1028 1963 1130 2020 enchir.
1148 1981 1213 2036 pag.
1233 1969 1297 2020 408:
1324 1966 1391 2019 Non
1410 1966 1444 2019 ob
1462 1965 1496 2020 ici
1511 1974 1621 2023 tamum
1638 1971 1688 2026 suh
1706 1972 1809 2040 speech

112 2049 238 2121 evangel.
261 2055 313 2105 etc.
354 2056 377 2106 5.
395 2049 436 2104 At
452 2049 537 2120 priori
556 2049 721 2121 expositioni
738 2050 836 2107 mento
851 2050 947 2107 ohver·
976 2049 1025 2102 bus
1037 2048 1125 2118 ponis
1144 2058 1171 2104 et
1188 2050 1248 2105 uini
1264 2050 1315 2106 hoc
1332 2060 1540 2106 sacamentum
1552 2062 1593 2108 est
1604 2055 1767 2128 inscissura,
1779 2067 1810 2113 ut

113 2139 196 2208 titur,
221 2136 296 2208 quod
322 2153 378 2191 non
402 2136 490 2207 possit
514 2136 651 2192 institutio
675 2154 777 2193 coenae
800 2155 851 2209 pro
869 2138 948 2194 laicis
975 2153 994 2189 α
1017 2135 1150 2200 fidelihus
1170 2146 1314 2208 summm,
1342 2139 1395 2193 sed
1406 2139 1503 2209 primo
1522 2141 1636 2208 quidem
1654 2149 1685 2196 ut
1700 2144 1809 2217 eams'fi·

113 2242 146 2281 ex
172 2224 226 2280 hoc
252 2224 313 2280 loco
341 2223 477 2295 msculpi,
506 2239 569 2278 cum
596 2223 759 2280 omittantur
782 2224 868 2280 verba
884 2226 948 2281 sub·
975 2223 1048 2276 dum
1067 2225 1213 2294 offeratur,
1231 2243 1286 2295 ono
1302 2227 1354 2280 suh
1371 2227 1463 2296 speeie
1478 2229 1590 2296 quidem
1606 2230 1693 2298 panis
1706 2247 1810 2300 corpus

114 2311 271 2368 munus:
297 2313 361 2366 Hoc
384 2319 425 2366 est
452 2328 555 2381 corpus
581 2329 687 2377 meum;
713 2314 759 2367 hic
777 2321 816 2367 eet
834 2315 949 2384 sanquis
974 2317 1108 2380 tanesiam
1138 2318 1291 2380 sumtuum,
1323 2313 1374 2366 suh
1399 2314 1492 2382 speeie
1518 2331 1584 2368 cero
1609 2316 1670 2369 cini
1693 2318 1810 2388 corpure

114 2417 202 2469 maie,
230 2397 296 2454 inde
312 2397 490 2470 Augustinus
507 2416 587 2454 serm.
606 2404 666 2455 246.
686 2398 721 2455 de
740 2406 824 2471 temp.
842 2398 949 2472 Grega
974 2403 1106 2466 tanquam
1129 2399 1214 2464 fuera
1237 2400 1302 2452 Deo
1321 2400 1405 2468 patri
1432 2400 1591 2470 entitatem
1622 2402 1726 2457 deinde
1742 2419 1816 2472 cero¹

113 2487 171 2543 rius
194 2486 265 2541 hom.
289 2490 331 2541 2³.
354 2484 384 2539 iu
406 2501 504 2558 erang.
522 2490 607 2557 atque
624 2485 673 2541 alii
689 2503 724 2541 ex
738 2485 893 2540 verteribus
912 2487 948 2542 ad
974 2484 1016 2535 ad
1037 2484 1254 2552 sipnificancium
1278 2485 1330 2540 hoc
1351 2493 1528 2541 sacramento
1545 2487 1733 2542 eucharistiae
1746 2490 1810 2559 pls-

114 2588 286 2629 oommunem
314 2587 429 2627 coenam
459 2572 598 2638 referunt,
629 2590 712 2644 qnam
739 2571 948 2643 explicationem
974 2587 1040 2624 nam
1075 2577 1101 2624 et
1126 2572 1288 2640 perfectam
1315 2572 1384 2626 dari
1414 2573 1597 2639 resectionem
1624 2575 1810 2648 spirituatem,

115 2658 243 2730 Lyrsnus
265 2657 367 2729 prohat
389 2674 423 2712 ex
441 2674 490 2723 eo,
507 2659 574 2731 qnia
589 2658 688 2715 Matth.
710 2665 749 2716 lt
767 2658 863 2715 itidem
881 2659 949 2715 dicis
975 2674 1047 2727 miae
1061 2657 1224 2727 percibum
1243 2666 1269 2712 et
1283 2666 1381 2728 potum
1399 2659 1444 2713 hic
1460 2660 1681 2728 monitantem
1710 2667 1734 2720 fl,
1747 2662 1810 2720 Bel-

115 2750 176 2811 tur,
198 2744 274 2816 quod
299 2743 425 2800 Christus
451 2746 573 2816 acceptis
593 2747 718 2818 partibus
740 2746 903 2817 adspiciam
919 2747 949 2800 in
975 2743 1107 2799 larminus
1134 2750 1234 2816 negat,
1267 2743 1387 2817 figuram
1416 2745 1610 2802 intellectionis
1635 2746 1681 2803 hic
1707 2748 1810 2807 habere

36 2831 223 2888 uticensium
247 2832 430 2903 heaedmerit,
453 2833 581 2902 srepcrit
606 2841 632 2887 et
658 2832 809 2903 discipulis
830 2833 950 2888 dederit.
975 2831 1081 2902 locum,
1123 2849 1186 2887 cum
1221 2831 1336 2888 historia
1372 2832 1535 2905 evangelica
1574 2834 1614 2890 ita
1656 2836 1811 2910 conjunget

115 2918 282 2977 wilhelmus
307 2918 460 2986 Widelort,
499 2919 546 2990 qui
574 2926 670 2976 contra
697 2917 853 3000 Wiclelum
877 2935 949 2975 anuo
976 2918 1200 2975 distributionem
1237 2919 1318 2991 panis
1354 2918 1495 2978 benedicti
1528 2937 1591 2976 cum
1624 2921 1737 2980 Domini
1767 2941 1811 2981 se·

116 3012 191 3064 1396.
209 3006 328 3078 scripsit,
346 3023 475 3078 expresse
494 3005 576 3062 dicit:
598 3008 696 3077 Neque
715 3023 747 3061 ea
765 3013 950 3076 tentumque
976 3023 1068 3076 cassu,
1111 3011 1144 3061 ut
1180 3006 1287 3061 nullum
1323 3005 1463 3077 relinquat
1496 3006 1587 3062 locum
1620 3008 1810 3070 benedicendo

115 3111 148 3149 eu
165 3093 276 3164 plasea,
299 3110 385 3163 neque
404 3110 437 3147 ee
450 3093 584 3162 patribus
598 3093 722 3164 probari
735 3108 835 3162 posse,
857 3093 950 3158 fuisse
976 3093 1021 3148 vel
1050 3092 1242 3148 distribuendo
1264 3091 1361 3162 calici3
1389 3092 1439 3148 sed
1466 3100 1661 3163 argumentum
1686 3104 1810 3154 nochum

113 3181 187 3236 hanc
207 3180 295 3250 panis
323 3180 504 3234 eucharistici
527 3180 703 3246 fractionem.
746 3177 897 3249 Csjetanus
920 3179 950 3234 in
976 3180 1059 3237 modo
1089 3180 1241 3236 adductum
1274 3178 1417 3234 evidenter
1445 3180 1598 3246 convincit,
1635 3188 1685 3238 aut
1713 3200 1810 3255 synec·

114 3284 139 3322 c.
158 3272 200 3323 ts.
217 3265 303 3322 Luc:
337 3268 374 3320 In
398 3266 462 3321 sola
478 3266 626 3334 fractione
653 3263 766 3334 apnitsm
784 3265 889 3320 dicitur
908 3265 950 3320 in·
976 3266 1084 3324 dochsn
1115 3268 1169 3321 hoc
1206 3265 1267 3322 loco
1304 3267 1522 3337 agnoscendam,
1553 3273 1604 3323 aut
1633 3269 1669 3324 de
1701 3270 1810 3342 vulgati

108 3354 221 3422 serius,
243 3361 275 3407 ut
300 3353 505 3424 inteiiipcmus,
527 3353 699 3418 fractionem
720 3352 812 3420 fauce
829 3352 949 3407 miracu·
976 3370 1062 3410 coena
1093 3353 1184 3409 locum
1216 3351 1416 3423 accipiendum.
1488 3359 1511 3409 9.
1548 3353 1697 3410 Posteriori
1728 3373 1810 3428 expo·

113 3442 214 3511 locam,
231 3440 284 3494 hoc
302 3448 343 3494 aet
360 3442 438 3510 quod
446 3440 607 3510 sranpchat
620 3455 726 3509 panem
742 3439 877 3504 manibus,
897 3439 950 3492 eic-
976 3440 1082 3506 sitioni,
1127 3439 1201 3511 quod
1243 3438 1369 3494 Christus
1411 3454 1513 3510 panem
1551 3443 1660 3495 tautum
1696 3440 1811 3514 fregerit

113 3536 144 3584 ut
169 3527 225 3582 aiii
247 3527 376 3581 incidunt
397 3526 520 3584 cultello.
560 3525 712 3598 Dionysius
737 3524 845 3580 Certus.
869 3525 950 3583 ibid:
966 3527 1005 3581 rin
1024 3525 1142 3599 liguram
1162 3525 1361 3583 communionis
1377 3525 1430 3580 suh
1446 3541 1504 3582 una
1520 3525 1626 3597 specie,
1644 3525 1697 3583 hoc
1714 3528 1811 3603 chrm
1846 3579 1855 3597 ,

113 3616 232 3686 Accepit
258 3631 364 3686 ponem
387 3620 414 3667 et
436 3614 589 3683 imadioit,
619 3630 675 3667 non
698 3613 728 3665 in
747 3630 827 3666 suum
848 3630 951 3683 corpus
975 3614 1072 3680 timus,
1105 3613 1180 3684 quod
1204 3611 1340 3668 institutio
1363 3611 1401 3668 sit
1423 3630 1519 3668 norma
1541 3629 1575 3667 sc
1598 3613 1696 3686 regula
1714 3631 1811 3672 sacres

114 3703 263 3770 convertit,
287 3702 358 3755 ιὶιιιι
382 3702 413 3755 in
431 3717 534 3764 coena,
559 3701 612 3754 sed
628 3707 659 3753 nt
675 3700 762 3753 moris
781 3707 821 3753 est
839 3699 949 3753 benedi·
976 3716 1078 3757 coenae
1102 3699 1225 3772 legitime
1248 3699 1445 3767 celebrandae,
1472 3698 1537 3754 ideo
1554 3698 1659 3771 figuras
1675 3707 1704 3757 et
1722 3718 1811 3758 exem·

114 3806 176 3846 ecre
196 3789 293 3857 eibum,
313 3787 342 3841 in
361 3803 414 3855 piro
429 3786 560 3840 instruxit
573 3803 632 3849 noe,
649 3793 680 3839 ut
692 3792 756 3839 ante
769 3786 949 3850 refectionem
975 3787 1024 3857 pla
1042 3787 1079 3842 ad
1098 3786 1301 3858 institutionem
1319 3784 1473 3855 referendo,
1491 3801 1669 3858 nequaquam
1687 3803 1759 3843 vero
1770 3787 1811 3846 iu·

113 3876 293 3931 benedicatur
312 3875 389 3927 cibus
410 3880 436 3926 et
450 3881 546 3943 potue.
582 3872 686 3927 Antan.
703 3872 834 3929 Julianus
854 3872 882 3926 in
900 3888 949 3944 po·
977 3873 1148 3930 stitutionem
1186 3889 1221 3929 sx
1261 3870 1358 3943 figuris
1400 3877 1429 3926 et
1464 3872 1595 3942 exemplis
1630 3872 1811 3931 limitandam
1858 3860 1860 3865 ’

112 3963 191 4018 still:
215 3962 333 4031 Accepit
350 3977 469 4030 panem,
493 3959 646 4028 benedicit,
670 3960 759 4026 frcpit
779 3966 805 4013 et
818 3958 950 4029 porripe-
976 3958 1133 4024 ”Quidam
1157 3975 1190 4013 ex
1209 3956 1362 4013 Pontificiis
1387 3957 1533 4013 adducunt
1553 3958 1710 4029 exemplum
1729 3959 1831 4025 Pseu,

115 4050 162 4104 hat
186 4047 263 4118 iilis,
298 4048 370 4101 sicut
396 4054 578 4101 consueverat
605 4055 671 4100 ante
693 4047 865 4116 passionem.
900 4045 950 4099 Al·
976 4046 1070 4100 Actor.
1090 4050 1137 4113 ti,
1160 4061 1186 4099 v.
1204 4050 1250 4100 ³5:
1275 4044 1394 4098 &mene
1410 4061 1516 4113 panem
1538 4045 1650 4112 pretias
1673 4046 1730 4113 epit
1748 4048 1811 4102 Dec

115 4136 240 4209 phonsus
263 4135 298 4191 de
317 4134 415 4190 Castro
432 4134 480 4190 lib.
499 4140 524 4192 t.
553 4139 649 4189 cenna
665 4133 769 4188 haeres.
787 4151 810 4188 c.
826 4132 876 4187 ult
894 4148 949 4187 non
976 4133 1007 4185 in
1033 4140 1181 4202 conspectu
1199 4131 1320 4186 omnium
1341 4139 1366 4185 et
1383 4147 1444 4183 oum
1459 4130 1610 4198 srepieset,
1626 4131 1717 4201 coepit
1733 4148 1812 4188 maa·

114 4221 175 4277 vult
194 4220 321 4285 delinire,
339 4221 411 4274 hunc
428 4221 521 4274 iocum
538 4223 579 4274 ad
599 4220 798 4273 cucharistiam
815 4225 950 4288 spectare.
977 4221 1098 4288 dorcam
1127 4235 1207 4288 psam
1232 4218 1324 4271 iocum
1354 4217 1389 4270 de
1420 4215 1592 4270 eucharistia
1616 4217 1811 4287 accipiendum

115 4308 268 4366 Basiliense
299 4313 327 4362 et
358 4306 571 4364 Constantiense
596 4306 714 4362 concilia
741 4306 888 4361 voluerunt
916 4322 949 4360 ex
975 4323 1034 4360 esse
1047 4305 1172 4375 probant
1184 4302 1373 4371 chrysostomi
1389 4303 1565 4359 auctoritate.
1585 4301 1810 4373 Respondemus

114 4395 244 4451 hocloco
263 4393 481 4450 communionem
500 4394 552 4450 sub
570 4410 627 4449 nna
645 4393 739 4463 specie
757 4392 949 4463 probarased
976 4391 1160 4448 Oecnmenins
1201 4389 1320 4462 diligens
1357 4388 1546 4460 Chrysostomi
1582 4397 1703 4446 sectator
1736 4389 1810 4448 hune

113 4482 246 4538 Alhertus
270 4479 389 4553 Pighius
412 4480 441 4536 in
463 4481 597 4538 hierarch.
616 4480 685 4536 dicit
702 4480 738 4535 de
755 4479 797 4534 his
817 4478 948 4544 conciliis,
975 4479 1058 4534 sumti
1084 4477 1139 4533 cibi
1162 4476 1245 4532 linem
1269 4475 1395 4548 maignat
1412 4476 1519 4545 μήποτε
1536 4477 1575 4546 roi
1593 4479 1665 4551 λιμῷ
1683 4478 1810 4549 διαφθα-

114 4571 192 4640 puod
207 4576 307 4623 contra
325 4568 412 4636 lepcm
429 4577 556 4641 naturae,
574 4576 672 4625 eontra
689 4567 857 4635 manifestas
872 4565 947 4621 Scri·
975 4567 1049 4637 ρῆιε,
1079 4580 1146 4636 ergo
1174 4563 1229 4619 fuit
1257 4580 1321 4620 esca
1353 4563 1490 4636 vulgaris,
1518 4579 1574 4619 non
1608 4568 1809 4622 sacramentum

109 4663 228 4726 ptores,
269 4661 368 4710 contra
397 4657 540 4712 nomnen
570 4655 764 4710 auctoritatem
795 4662 820 4708 ct
850 4660 948 4708 contra
974 4651 1164 4707 eucharistiae.
1211 4650 1289 4706 Idem
1323 4656 1440 4720 apparet
1469 4666 1504 4705 ex
1530 4649 1639 4721 integro
1669 4653 1809 4706 contextu.

114 4742 283 4798 catholicam
302 4742 435 4797 melenae
446 4745 536 4810 fidem
553 4744 595 4810 (in
607 4741 768 4816 quaestione
781 4738 816 4793 de
828 4738 948 4810 primatu
974 4737 1029 4803 Qui
1052 4753 1115 4793 cum
1139 4737 1229 4793 Paulo
1253 4735 1439 4808 navigabant,
1462 4740 1628 4806 tempestate
1648 4740 1744 4793 exorta
1761 4751 1808 4792 ra·

113 4831 213 4900 papae)
241 4830 421 4882 decreverint.
468 4833 491 4882 6.
520 4828 637 4891 Quidam
666 4846 699 4884 ex
727 4825 827 4882 noshis
851 4831 949 4880 conns
972 4824 1020 4880 riis
1038 4824 1147 4880 casibus
1167 4822 1279 4878 marinis
1296 4825 1375 4878 erant
1392 4822 1568 4878 maceratiac
1585 4820 1721 4893 languidi,
1738 4820 1807 4893 quia

113 4914 274 4971 Pontificios
302 4914 355 4970 hoc
372 4919 488 4971 utuntur
505 4922 685 4984 argumento:
711 4913 742 4971 Si
759 4911 885 4968 Christus
901 4911 946 4966 hic
972 4928 1023 4984 per
1048 4917 1080 4969 lt
1105 4911 1163 4966 dies
1187 4909 1279 4980 jejuni
1306 4914 1529 4981 permansersnt;
1558 4907 1649 4978 rogati
1679 4907 1808 4979 igittua

113 5002 235 5058 instituit
258 5017 373 5058 coenam
400 5000 451 5056 snb
472 5016 529 5054 una
547 5001 651 5069 specie,
676 5008 736 5056 tum
755 4998 946 5055 sacerdotibus
973 4999 1070 5066 Paulo,
1088 5002 1120 5053 ut
1134 4996 1227 5052 cibum
1239 5003 1386 5065 sumerent,
1404 4995 1517 5052 tandem
1532 4999 1689 5066 paruerunt.
1716 4995 1808 5054 suas

113 5089 307 5162 potiusquam
325 5088 404 5143 laicis
421 5103 478 5142 una
495 5089 583 5139 solum
598 5086 705 5156 species
718 5084 946 5154 eritexhibende,
972 5086 1002 5140 in
1027 5083 1092 5139 nari
1110 5083 1236 5154 plerique
1253 5083 1379 5153 gentiles,
1398 5082 1501 5155 quibus
1519 5098 1598 5138 sacra
1616 5097 1704 5140 cocus
1722 5081 1808 5143 admi·

113 5175 227 5249 quando
243 5174 357 5247 quidem
376 5173 430 5245 ipsi
447 5169 587 5228 Pontificii
604 5169 655 5225 hos
672 5171 741 5227 dnos
762 5173 835 5228 inter
853 5178 947 5243 septu·
972 5170 1085 5227 nistrari
1102 5185 1158 5225 non
1176 5168 1319 5236 dobner*
1467 5209 1469 5215 ,

113 5265 211 5337 aginta
234 5260 386 5332 discipulos
410 5259 547 5322 referunt,
572 5255 620 5326 qui
643 5255 713 5312 Luc.
734 5264 779 5329 10,
803 5278 830 5314 v.
851 5265 873 5315 1.
888 5260 948 5329 jam
1009 5264 1050 5314 ιι.
1069 5255 1192 5313 Tertiam
1210 5253 1343 5312 rationem
1358 5253 1542 5310 Bellarmiuus
1553 5252 1624 5324 petit
1638 5254 1809 5315 exdoctsins
1821 5272 1850 5314 x.
1863 5271 1908 5316 lor.

113 5357 178 5405 ante
201 5348 238 5404 ad
264 5348 482 5419 praedicandum
501 5342 592 5400 emissi
610 5340 730 5399 fuerunt.
768 5352 792 5401 7.
809 5344 864 5402 Sed
883 5362 946 5401 cum
974 5351 1003 5401 et
1023 5362 1076 5400 usu
1099 5339 1294 5413 apostolorum.
1333 5343 1409 5398 Nam
1426 5341 1523 5395 Actor.
1545 5344 1577 5410 2,
1594 5360 1618 5395 e.
1638 5345 1681 5396 42.
1700 5342 1743 5399 ita
1760 5327 1936 5419 che-mim

112 5436 258 5491 obvertere
276 5435 398 5506 possint,
423 5432 472 5488 hos
491 5427 642 5497 discipulos
658 5445 715 5483 non
732 5427 819 5486 fuisse
836 5430 947 5489 contici-
973 5432 1105 5488 scribitur
1130 5430 1340 5484 communicatio
1371 5427 1573 5482 eucharistiae:
1602 5431 1699 5484 Erant
1714 5436 1808 5484 autem
1821 5434 1845 5471 ιι
1858 5440 1900 5470 ¹¹⁹¹

112 5529 203 5589 entes,
222 5523 283 5594 jam
308 5537 374 5577 vero
393 5513 581 5576 sacerdotibus
601 5533 657 5574 non
674 5512 884 5573 conficientibus
902 5517 946 5575 iti·
959 5481 1183 5589 lperseoerantee
1206 5517 1237 5570 in
1255 5516 1386 5572 matrina
1403 5514 1595 5585 apostolorum
1612 5523 1639 5571 et
1656 5531 1745 5572 comm
1790 5513 1808 5559 '-
1820 5486 1912 5576 {iffi
