4004 6022
815 252 867 307 ΟΕ
884 250 1075 312 EOGLESIA.
1728 258 1788 318 stt

92 407 131 463 de
154 407 350 462 traditionibus
369 408 454 464 verbo
475 409 528 463 Dei
546 409 649 480 scripto
669 408 868 481 exsequendis,
894 406 929 462 de
957 409 1009 464 erit
1032 408 1230 472 Bellanuinum
1265 407 1447 480 apostolicum
1469 423 1530 464 esse
1555 407 1683 472 effatum,
1716 406 1790 479 quod

91 505 252 549 motorum
278 493 452 550 invocatione
474 502 526 551 etc.
551 496 660 552 illorum
679 502 808 568 respectu
827 509 930 566 cogna-
956 502 1078 566 tempore
1102 496 1288 568 apostolorum
1307 496 1366 567 jam
1390 500 1450 549 turn
1469 496 1605 565 inceperit
1617 495 1723 564 paroni
1738 495 1790 546 ini·

90 581 197 636 tionem
234 582 372 652 quandam
408 582 500 637 adhuc
535 582 621 638 habet
657 583 773 637 ecclesia
806 581 932 635 Romana
958 582 1074 650 quitatis
1102 583 1277 652 mysterium,
1309 583 1437 651 quodqrse
1465 582 1606 635 Dominus
1635 582 1721 634 Jesus
1749 596 1791 634 ru·

93 667 229 722 hodierna
252 682 316 722 cum
341 669 457 724 ecclesia
482 668 619 723 catholica
642 674 671 723 et
688 668 857 733 Christiana,
884 665 931 721 ho·
957 676 1045 721 tremo
1068 686 1119 722 sno
1147 671 1269 722 aduentu
1294 670 1407 722 tundam
1434 669 1626 722 destructurus
1652 667 1689 721 sit
1712 667 1791 720 Anti·

92 771 157 808 rum
180 769 245 809 vero
272 761 400 826 respectu
430 756 568 811 haeretica
596 760 624 811 et
651 755 804 826 apostatica
828 758 871 808 est
888 768 931 807 cc-
959 754 1091 806 christum
1115 758 1139 810 2.
1157 754 1253 813 Tbess.
1275 759 1306 820 i,
1330 771 1356 809 v.
1374 758 1398 809 8.
1416 770 1449 808 ex
1469 769 1524 825 quo
1544 759 1643 824 sponte
1660 753 1791 824 sequitur,

91 840 187 897 clesia.
958 840 1124 895 Antichristi
1150 858 1266 914 regnum
1291 841 1340 896 din
1360 842 1532 896 duratumm.
1568 848 1592 896 4.
1612 839 1640 895 Si
1660 839 1792 895 ecclcsiae

131 934 188 982 trs.
225 932 250 983 2.
283 918 352 982 Sed'
374 928 502 997 proprius
538 926 647 982 accedit
678 925 867 1004 *Bellarminus
904 929 933 980 et
958 926 1099 982 Romanae
1124 927 1283 983 diuturnam
1301 934 1329 982 et
1347 946 1489 999 nunquam
1506 928 1687 997 interruptam
1709 926 1791 980 dura·

93 1014 220 1068 cominus
257 1028 383 1085 pugnare
417 1014 529 1086 incipit:
567 1014 697 1076 Quemvis
730 1013 840 1085 (inquit)
868 1012 931 1065 uac-
959 1012 1061 1068 tionem
1086 1031 1103 1068 a
1128 1015 1299 1070 successione
1317 1015 1504 1070 Romanorum
1523 1012 1683 1085 pontificum
1703 1028 1791 1066 arces·

93 1101 179 1153 retici
200 1100 283 1168 hujus
300 1101 433 1170 temporis
451 1116 507 1154 non
532 1104 698 1165 concedant,
714 1102 872 1154 Romanum
891 1116 931 1152 cc·
959 1117 1019 1155 sero
1042 1101 1110 1155 velit
1135 1101 1334 1170 Bellarminus,
1364 1107 1501 1172 promtum
1524 1100 1604 1155 adest
1621 1114 1791 1169 responsum,

94 1184 211 1238 alenam
239 1201 328 1240 annea
355 1202 443 1254 aspra
467 1187 545 1239 mille
568 1194 593 1239 et
618 1187 781 1255 quingentos
803 1188 931 1248 durasse,
959 1188 1157 1242 neccessionem
1187 1189 1370 1258 personalem
1399 1194 1427 1242 et
1455 1187 1573 1242 localem
1604 1186 1673 1240 nihil
1700 1185 1792 1240 valere

94 1274 251 1327 concedunt
268 1279 372 1334 tumen,
399 1274 516 1326 durasse
537 1272 596 1326 rins
615 1273 677 1327 sellu
696 1273 896 1343 interruptione
913 1290 932 1324 a
960 1274 1062 1342 ubsque
1080 1276 1251 1329 successione
1270 1275 1427 1343 doetrinae,
1445 1280 1476 1328 ut
1492 1273 1607 1328 iuferius
1624 1273 1792 1327 demonstra·

98 1356 242 1426 Gregorio
264 1357 288 1413 Ι.
318 1358 370 1410 huc
396 1375 496 1426 usque,
525 1358 558 1412 id
583 1367 623 1412 est
650 1376 741 1413 onnes
760 1359 825 1424 fere
846 1358 932 1427 mille,
958 1359 1041 1416 bitur.
1078 1360 1117 1417 Ut
1141 1360 1251 1416 interim
1276 1360 1386 1416 silentio
1403 1367 1623 1432 praetereamus,
1646 1359 1729 1414 etiam
1747 1374 1793 1412 ex·

97 1447 177 1516 qnod
201 1453 307 1513 tempus
331 1445 443 1497 etiamsi
463 1444 552 1498 solum
581 1453 665 1515 creet,
699 1446 792 1499 adhuc
821 1445 932 1512 longius
959 1452 1065 1501 ternam
1094 1446 1170 1501 illam
1202 1447 1384 1503 successionis
1414 1446 1511 1503 facicm
1540 1445 1569 1499 in
1595 1444 1713 1501 ecclesia
1737 1443 1792 1498 Ro-

97 1539 182 1596 esset,
200 1547 282 1600 msam
296 1531 391 1600 fuerit
410 1538 488 1584 aetus
505 1530 593 1584 ullius
611 1531 750 1600 haerens,-
774 1533 826 1584 sed
842 1539 932 1584 tomen
959 1549 1041 1586 mana
1078 1520 1161 1588 variis
1196 1534 1390 1589 schismatibus
1427 1541 1455 1589 et
1484 1531 1702 1588 dissensionibus
1733 1546 1792 1585 esse

47 1618 207 1686 afuissem
225 1624 273 1686 est,
292 1635 348 1670 non
367 1618 473 1670 diatim
491 1618 618 1687 durasse,
638 1618 696 1687 ipsi
712 1618 784 1670 enim
801 1634 931 1686 nonpoe·
959 1620 1099 1675 turbatam
1126 1627 1209 1693 atque
1233 1622 1422 1692 interruptam.
1465 1621 1615 1677 Formosus
1646 1615 1792 1691 largitione

96 1712 162 1758 runt
190 1706 334 1758 emendus
357 1720 410 1772 per
432 1703 520 1756 ullum
545 1703 706 1766 historiam,
737 1712 785 1757 aut
811 1712 933 1757 ueterum
959 1723 991 1760 ac
1010 1707 1125 1778 proinde
1143 1707 1292 1763 simoniace
1311 1707 1401 1762 factus
1420 1715 1462 1762 est
1481 1708 1626 1778 epiecopus
1642 1706 1792 1773 Romanus,

97 1792 220 1860 arripio,
248 1793 357 1854 suctum
388 1806 445 1842 esse
472 1791 648 1843 nutritionem
669 1790 816 1857 religionis
839 1791 868 1842 in
892 1806 934 1842 cc·
955 1794 1013 1864 iam
1033 1810 1098 1849 vero
1117 1795 1164 1864 qui
1185 1794 1334 1849 simoniaco
1354 1793 1470 1849 artificio
1487 1794 1586 1863 intrat,
1606 1794 1692 1864 ipsius
1711 1808 1791 1847 cano·

98 1877 188 1930 alesia
205 1878 336 1931 Romana
355 1885 475 1945 tempore
495 1877 523 1930 S.
541 1874 680 1944 Gregorii.
709 1875 933 1947 Respondemus:
958 1880 1012 1933 nici
1035 1879 1106 1950 juris
1134 1880 1225 1935 edicto
1250 1899 1306 1935 non
1334 1887 1376 1936 est
1403 1881 1543 1953 legitimus
1569 1879 1728 1951 episcopua,
1760 1882 1792 1932 ut
1870 1870 1874 1878 '

101 1969 125 2020 1.
144 1963 263 2017 immane
283 1963 491 2033 pronuntiatum
510 1967 560 2030 est,
580 1980 636 2017 uon
655 1978 736 2033 posse
755 1963 863 2018 ostendi
883 1979 933 2033 per
958 1965 1092 2036 probatur
1113 1972 1133 2021 1.
1153 1985 1179 2038 q.
1201 1973 1223 2024 1.
1241 1984 1292 2038 per
1309 1966 1415 2038 aliquot
1435 1984 1553 2022 canones
1573 1985 1596 2022 c.
1615 1966 1687 2022 sicut
1704 1965 1790 2020 Simo·

98 2049 184 2104 ullam
212 2049 355 2104 historiam
381 2055 430 2102 aut
455 2055 577 2104 veterum
600 2049 716 2120 scripta,
745 2050 849 2104 factam
873 2066 932 2104 esse
958 2053 1038 2107 niaca
1056 2069 1078 2107 c.
1118 2051 1229 2116 Quanta
1246 2070 1272 2108 c.
1308 2052 1501 2108 insimulatum
1520 2060 1596 2108 extra
1615 2051 1790 2108 deSimoniu

96 2136 279 2191 mutationem
303 2136 444 2206 religionis
468 2135 497 2190 in
520 2136 638 2191 ecclesia
660 2135 786 2191 Romana
809 2141 932 2207 tempore
958 2138 1082 2193 Formosi
1108 2138 1220 2194 decreta
1245 2139 1392 2210 abrogavit
1410 2139 1580 2209 Stephanus,
1603 2136 1653 2211 'qui
1670 2137 1732 2209 pari
1749 2153 1791 2192 ra·

98 2222 242 2294 Gregorii,
261 2222 306 2276 vel
326 2223 409 2277 etiam
428 2222 607 2293 sequentibus
625 2222 803 2293 temporibus.
839 2221 932 2278 Prole
957 2224 1032 2280 tione
1073 2240 1124 2295 per
1167 2224 1326 2297 largitiones
1361 2226 1489 2296 papalem
1527 2226 1620 2281 sedem
1653 2240 1792 2295 occupans

97 2318 197 2365 rantur
216 2309 287 2365 enim
308 2310 336 2363 in
355 2310 475 2364 medium
494 2311 598 2380 scripta
612 2310 808 2381 apostolorum,
828 2311 855 2365 in
874 2311 932 2382 qui·
958 2311 1175 2382 praedecessoris
1200 2312 1242 2365 sui
1268 2328 1367 2383 corpus
1393 2329 1408 2367 e
1432 2312 1559 2384 sepulcro
1578 2317 1686 2366 erutum
1704 2309 1793 2382 ponti·

97 2397 153 2452 bus
193 2396 344 2450 doctrinam
378 2394 557 2466 apostolicam
587 2397 721 2452 contineri
752 2415 784 2452 ex
815 2406 932 2471 utruque
958 2397 1032 2452 ficali
1051 2397 1149 2452 habitu
1169 2397 1316 2468 spoliatum
1333 2398 1517 2470 indutumque
1531 2398 1648 2453 seculari
1661 2398 1792 2451 laicorum

98 2489 181 2554 parte
199 2498 357 2536 concessum
376 2488 425 2546 est,
442 2490 469 2538 et
488 2483 593 2553 liquido
607 2483 762 2553 apparebit,
781 2484 932 2539 doctrinam
959 2484 1101 2554 sepultura
1118 2483 1312 2538 tumulandum
1325 2485 1434 2539 curavit
1448 2482 1578 2538 abscissis
1590 2489 1618 2539 et
1630 2484 1657 2538 in
1670 2482 1792 2538 Tiberim

98 2568 243 2624 Romanae
263 2569 395 2623 ccclesias
421 2568 570 2625 hodiernae
596 2570 633 2624 ab
658 2586 690 2624 ea
710 2569 857 2641 plurimum
879 2572 933 2625 dis·
960 2573 1090 2644 projectis
1113 2570 1220 2643 digitis,
1248 2570 1350 2643 quibus
1373 2571 1400 2625 in
1419 2571 1623 2626 consecratione
1641 2588 1707 2625 usus
1724 2574 1792 2638 erat,

99 2672 223 2726 crepare.
259 2655 363 2725 Ecquis
387 2655 473 2725 igitur
491 2672 593 2727 negare
611 2657 725 2726 poterit,
755 2658 932 2714 mutationem
959 2675 1077 2730 eumque
1091 2663 1187 2712 eontra
1192 2659 1257 2728 jura
1266 2657 1430 2712 sacramenti
1439 2657 1555 2713 Romam
1569 2663 1596 2713 et
1607 2654 1791 2710 sacerdotium

99 2742 244 2815 religionis
264 2743 292 2794 in
313 2741 430 2796 ecelesia
449 2741 574 2797 Romana
592 2759 652 2798 esse
671 2743 786 2812 factam,
812 2762 934 2816 quocun·
959 2745 1119 2815 repetivisse
1129 2745 1206 2798 dixit.
1232 2744 1354 2799 Decreta
1364 2750 1392 2800 et
1405 2750 1469 2800 acta
1479 2743 1613 2815 Stephani
1624 2741 1792 2798 contraFor·

102 2847 157 2901 que
178 2829 290 2883 tandem
316 2834 439 2899 tempore
461 2845 494 2884 ea
511 2828 586 2882 facta
602 2829 657 2884 sit'?
694 2829 860 2885 Consulatur
878 2832 934 2903 cpi·
960 2849 1066 2888 mosum
1089 2831 1190 2886 habitis
1213 2830 1328 2902 synodis
1349 2830 1464 2885 rescidit
1484 2829 1665 2901 ejusdemque
1688 2833 1793 2882 statuta

102 2917 174 2972 stola
199 2915 281 2969 Pauli
311 2914 346 2969 ad
377 2921 496 2970 veterem
522 2916 664 2970 ecclesiam
692 2917 846 2972 Romanam
869 2919 934 2973 scri·
960 2918 1037 2973 irrita
1050 2919 1202 2974 declararit
1213 2917 1354 2974 Johannes
1366 2915 1419 2974 IX.
1445 2915 1501 2973 Ubi
1513 2921 1579 2971 tunc
1591 2917 1681 2971 locum
1694 2913 1793 2969 hahuit

100 3010 159 3075 pta,
176 3008 205 3057 et
223 3001 305 3056 facilc
324 3001 476 3072 apparebit,
492 3002 631 3072 quodnam
651 3009 679 3057 et
695 3003 775 3074 quale
793 3003 935 3059 doctrinae
961 3004 1092 3059 continua
1100 3011 1128 3060 et
1136 3020 1191 3058 non
1201 3004 1356 3074 interrupta
1365 3003 1522 3058 successio?
1539 3003 1677 3073 Tempore
1684 2999 1792 3056 concilii

101 3089 258 3159 depositum
277 3087 417 3141 Romanae
435 3088 566 3142 ecclesiae
586 3087 670 3144 fuerit
687 3089 887 3159 concreditum,
905 3090 933 3145 id
961 3090 1177 3146 constantiensis
1206 3096 1284 3145 erant
1301 3096 1358 3143 tres
1377 3089 1539 3160 antipapae,
1561 3106 1632 3142 unua
1647 3089 1675 3142 in
1694 3086 1793 3157 Hispa·

100 3193 167 3231 vero
184 3192 240 3230 nou
260 3174 377 3245 amplius
395 3191 455 3228 esse
470 3174 607 3245 integrum
626 3180 654 3229 et
665 3174 825 3230 inviolatum
838 3184 935 3232 mutua
961 3177 1015 3242 nia,
1033 3177 1104 3231 alter
1121 3176 1149 3231 in
1170 3174 1270 3245 Gallia,
1289 3177 1386 3230 tertius
1406 3176 1435 3230 in
1449 3175 1541 3241 ltalia,
1563 3175 1610 3247 qui
1627 3181 1719 3229 tamen
1738 3189 1793 3228 om·

101 3265 263 3335 dogmatum
287 3261 396 3315 collatio
420 3261 594 3315 manifestum
614 3261 705 3317 faciet.
743 3269 767 3318 2.
788 3263 849 3328 Qua
865 3265 934 3320 reri·
961 3281 1010 3319 nes
1036 3280 1053 3317 a
1071 3263 1187 3317 concilio
1205 3262 1409 3318 canstantiensi
1427 3269 1459 3316 ut
1477 3261 1613 3334 illegitimi
1632 3266 1696 3315 sunt
1715 3260 1793 3314 abdi·

100 3351 167 3406 tatis
192 3350 284 3420 specie
308 3348 403 3419 negari
426 3354 531 3419 potest,
554 3356 678 3420 tempore
697 3349 824 3421 Gregorii
842 3369 875 3407 ac
893 3371 933 3408 se·
961 3351 1017 3405 cati
1044 3355 1072 3404 et
1098 3368 1184 3404 novus
1209 3366 1283 3421 papa
1310 3349 1421 3405 electus.
1465 3348 1520 3404 Sed
1548 3348 1582 3403 de
1600 3346 1643 3401 his
1662 3363 1712 3401 suo
1731 3345 1792 3400 loco

101 3436 252 3509 quentihus
279 3435 377 3490 seculis
405 3434 583 3489 mutationem
612 3435 640 3488 in
667 3436 784 3491 eeclesia
810 3438 935 3494 Romana
962 3438 1049 3508 plura.
1097 3442 1118 3493 5.
1151 3434 1179 3491 Si
1209 3434 1286 3488 nulla
1312 3434 1453 3507 religionis
1480 3434 1596 3490 mutatio
1621 3433 1650 3487 in
1676 3432 1842 3489 ecclesian.
1855 3444 1901 3489 tta

100 3522 271 3594 contigisse?
307 3521 458 3594 Gregorius
483 3521 557 3576 circa
578 3538 678 3575 annum
699 3521 799 3577 Christi
823 3541 934 3581 sexcen-
961 3523 1087 3578 Romaua
1105 3522 1203 3576 fuisset
1220 3521 1303 3589 saeta,
1324 3522 1398 3576 unde
1418 3520 1549 3576 Romanis
1567 3520 1703 3592 episcopia
1722 3518 1792 3573 anti·

100 3611 231 3666 terimam
256 3611 457 3664 occumcnicum
481 3610 640 3678 episcopum
664 3626 693 3665 ae
718 3612 810 3665 vocari
838 3613 934 3675 noluit,
962 3602 1139 3665 christianum
1150 3607 1308 3678 primatum,
1318 3609 1438 3662 omnium
1451 3606 1667 3678 corruptelarum
1679 3606 1792 3675 fontem,

101 3700 159 3752 imo
180 3713 396 3768 praecursorem
423 3696 590 3749 rtntichristi
614 3712 676 3750 eum
696 3697 860 3768 appellarit,
888 3700 935 3770 qui
962 3695 1014 3750 sibi
1032 3693 1226 3766 arrogantibus
1245 3693 1328 3748 toties
1346 3693 1444 3749 fuisset
1462 3692 1682 3750 contradictum?
1719 3690 1793 3746 Num

102 3785 270 3840 sceleratum
291 3784 366 3836 illud
388 3800 486 3836 nornen
505 3781 557 3835 sibi
576 3782 721 3837 vendicare
740 3800 824 3838 ausus
843 3784 935 3841 fucrit.
962 3784 1050 3852 major
1085 3786 1135 3835 aut
1170 3780 1289 3835 deterior
1322 3781 1438 3835 mutatio
1469 3781 1498 3834 in
1528 3780 1644 3836 ecclesia
1670 3779 1795 3834 Romana

105 3871 161 3929 Sed
180 3869 308 3941 Gregorii
326 3884 467 3924 successor
486 3866 645 3923 Bonifaciua
663 3870 760 3924 tertius
779 3869 852 3925 hunc
870 3871 935 3927 titu-
963 3867 1121 3939 contingere
1147 3867 1296 3939 potuisset,
1323 3884 1406 3938 quam
1434 3867 1507 3939 quod
1526 3883 1601 3939 papa
1618 3867 1690 3921 illius
1710 3868 1796 3936 caput

102 3961 161 4014 lum
186 3975 204 4012 a
227 3956 322 4012 Phoca
345 3954 572 4026 Imperatoricida
596 3962 624 4009 et
647 3957 736 4026 pretio
760 3963 787 4012 et
807 3959 936 4028 precihus
962 3956 991 4010 iu
1011 3954 1213 4009 Antichristum
1232 3954 1425 4026 degeneravit,
1447 3955 1507 4023 jam
1525 3969 1590 4009 vero
1607 3961 1672 4008 ante
1690 3953 1795 4023 aliquot

102 4043 273 4117 impetravit,
293 4049 376 4114 atque
393 4043 428 4097 ab
446 4042 493 4096 illo
511 4050 634 4112 temporo
653 4043 690 4098 ad
707 4050 828 4098 nostram
848 4063 937 4119 usqne
962 4041 1069 4111 secula,
1091 4049 1156 4095 ante
1176 4040 1301 4095 auditum
1321 4040 1448 4109 Lutheri,
1475 4055 1575 4095 nomen
1599 4038 1794 4093 Antichristia·

102 4138 222 4189 aemtsm
244 4147 337 4185 omnes
357 4127 473 4183 Romani
492 4128 636 4199 pontifices
654 4146 686 4184 eo
704 4135 826 4185 utuntur.
856 4132 935 4188 Idem
962 4129 1043 4182 nismi
1064 4127 1187 4183 accusati
1206 4127 1318 4183 fuerunt
1335 4125 1451 4181 Romani
1471 4126 1511 4179 illi
1528 4124 1668 4196 Vejovea‘l
1698 4124 1795 4180 Refert

98 4219 236 4292 judicium
261 4218 294 4271 de
314 4216 376 4269 aliis
392 4215 585 4287 dogmatibus,
607 4216 707 4271 ritibus
725 4223 753 4272 et
772 4219 932 4274 ceremoniis
961 4215 1116 4271 Aventinus
1130 4215 1178 4269 lib.
1199 4222 1222 4270 4.
1239 4213 1331 4268 annal.
1352 4212 1544 4267 Trevirensem
1563 4218 1590 4266 et
1605 4210 1795 4266 coloniensem

102 4307 257 4362 seculorum
284 4304 401 4358 decursu
425 4303 455 4356 in
477 4302 620 4357 ecclesiam
638 4302 791 4358 Romanam
809 4306 934 4376 receptis.
961 4302 1105 4373 episcopos
1122 4316 1194 4355 anno
1206 4298 1309 4354 Christi
1330 4304 1388 4356 858.
1406 4317 1508 4371 papam
1523 4298 1667 4354 Nicolaum
1678 4298 1701 4354 I.
1718 4297 1795 4351 hisce

101 4395 144 4449 Ex
166 4393 309 4453 Gratiano,
336 4407 369 4445 ex
392 4388 529 4456 conciliis,
556 4406 589 4444 ex
607 4389 719 4444 Platina
740 4398 767 4445 et
790 4390 851 4445 aliis
868 4393 934 4446 acri·
962 4387 1053 4443 verbis
1077 4388 1210 4442 allocutos
1234 4402 1308 4441 esse:
1352 4387 1395 4439 Tu
1412 4386 1552 4457 pontificis
1570 4386 1681 4454 quidem
1695 4400 1795 4454 perso·

101 4480 229 4552 ptoribus
252 4478 428 4532 manifestum
449 4482 504 4540 est,
531 4477 599 4547 quid
618 4478 733 4549 quisque
749 4478 874 4547 pontifex
895 4477 934 4533 in·
962 4494 1027 4528 raom
1043 4490 1116 4544 prae
1137 4483 1162 4527 te
1179 4474 1254 4542 sera,
1271 4481 1302 4527 ut
1320 4480 1468 4542 tyrocinum
1488 4474 1588 4542 spitus.
1625 4471 1683 4526 mco
1700 4471 1796 4525 babitu

102 4567 237 4631 stituerit,
264 4564 337 4637 quod
363 4565 465 4636 dogma
491 4565 519 4617 in
539 4563 661 4618 conciliis
679 4562 832 4617 stabilitum
851 4563 935 4618 fuerit
962 4569 988 4613 et
1005 4561 1082 4612 cultu
1098 4561 1225 4631 postoris
1245 4560 1341 4629 lupum
1355 4561 1494 4614 sentimus.
1527 4558 1638 4612 Titulus
1649 4565 1795 4629 parentem

103 4668 136 4711 uc
155 4654 292 4725 quomodo
310 4651 345 4706 ad
363 4651 440 4706 illum
459 4656 561 4704 statum
580 4658 643 4720 post
664 4648 753 4704 varias
770 4645 951 4723 mutationesi
961 4649 1099 4712 mentitur,
1119 4653 1149 4699 tu
1168 4652 1194 4699 te
1213 4646 1301 4708 sactis
1321 4647 1420 4701 Joecm
1440 4653 1568 4702 ostentus.
1603 4647 1671 4701 Cum
1686 4646 1726 4698 sis
1737 4660 1794 4698 acr-

103 4758 136 4797 ac
163 4739 352 4793 innovationes
383 4745 545 4807 perventum
574 4736 617 4789 sit.
662 4742 684 4790 3.
711 4736 802 4791 Invita
822 4734 1011 4813 veritateluu
1032 4751 1186 4799 semorum,
1214 4735 1343 4787 doninus
1371 4735 1546 4787 dominorum
1567 4749 1626 4786 esse
1645 4731 1794 4786 emundas.

103 4827 186 4883 etiam
210 4825 278 4879 illud
300 4823 444 4888 asseritur,
467 4821 569 4875 nullius
588 4821 707 4877 haeresis
725 4824 842 4879 aetutem
864 4816 1051 4881 uluaiJmm
1076 4818 1256 4888 dormieram
1277 4820 1435 4874 &lectoris
1460 4820 1552 4874 nostri
1569 4820 1680 4885 infimata
1697 4827 1722 4872 et
1740 4835 1795 4871 om·

104 4914 178 4968 mille
199 4928 286 4967 annos
303 4910 422 4966 extendi.
461 4908 504 4962 De,
519 4907 746 4977 Photinianismo,
767 4909 936 4965 Nestoriani·
962 4910 1039 4961 nium
1069 4906 1261 4960 ministrorum
1288 4906 1385 4974 templi
1412 4907 1484 4975 Dei,
1522 4915 1553 4960 tu
1584 4924 1648 4961 uero
1678 4906 1797 4960 libidine

105 5020 171 5071 amo,
191 4998 356 5060 Arianismo,
378 5003 430 5052 etc.
448 4995 544 5066 negari
563 4995 668 5065 nequit,
688 4996 763 5067 quod
778 4997 851 5051 ultra
863 4995 936 5051 mille
948 5042 951 5095 Ι
963 4995 1133 5050 dominandi
1154 4995 1185 5046 in
1207 5010 1344 5063 praeceps
1370 4994 1439 5046 abis.
1483 4992 1628 5064 Quidquid
1649 4994 1700 5047 tibi
1722 4992 1796 5058 tibet,

106 5097 133 5145 et
161 5089 294 5142 ducentos
320 5100 406 5139 anuos
431 5083 597 5136 duraverint.
642 5081 685 5136 Ac
710 5082 733 5134 ai
755 5083 799 5137 vel
819 5082 1044 5149 marime:licet,·
1073 5083 1158 5146 suctu
1180 5081 1281 5146 sactus
1307 5096 1336 5132 es
1364 5078 1539 5136 Christianis.
1585 5080 1667 5134 Anno
1694 5077 1796 5135 Christi

106 5175 182 5229 nulla
205 5172 326 5228 haeresis
349 5170 379 5223 in
401 5169 591 5225 ecclesiatam
611 5166 817 5237 dinumerant,
846 5140 1020 5225 tamen³99h
1058 5165 1219 5236 Arnulphua
1238 5164 1447 5219 Aurelianensis
1465 5166 1501 5220 ad
1525 5165 1662 5236 synodum
1679 5166 1795 5221 Remen-

107 5261 279 5332 gentilismus
314 5264 342 5312 et
370 5256 531 5311 Judaismus
561 5251 745 5308 Christianam
777 5254 937 5327 religionem
964 5270 1021 5308 aem
1047 5254 1081 5308 de
1102 5268 1176 5324 papa
1199 5251 1237 5306 sic
1260 5250 1396 5322 loquitur:
1436 5251 1512 5315 Quid
1537 5253 1622 5318 hunc,
1650 5252 1797 5307 renuendi

108 5346 235 5419 specifice
257 5345 296 5399 sic
321 5344 423 5399 dictam
445 5341 576 5412 temporis
598 5340 743 5394 duratione
761 5342 937 5397 antecellunt.
959 5350 1075 5412 putres,
1099 5342 1128 5392 in
1147 5340 1261 5392 sublimi
1278 5338 1351 5392 solio
1370 5338 1544 5407 resr'rlcntcm,
1562 5347 1633 5394 ueste
1650 5356 1796 5410 purpurea
1881 5350 1884 5361 ·

108 5431 335 5489 Muhametismus
364 5448 426 5486 cum
451 5430 583 5502 Papismo
610 5426 705 5482 eodem
731 5425 789 5482 iere
815 5433 939 5498 tempore
964 5437 990 5482 et
1007 5444 1096 5482 careo
1117 5427 1291 5493 radiantem,
1317 5425 1389 5494 quid
1406 5425 1477 5478 hunc
1496 5426 1610 5495 iaqumu
1629 5444 1686 5481 csse
1705 5442 1795 5481 cense-

109 5522 213 5593 coepit,
236 5528 268 5576 ut
286 5518 417 5575 historiae
433 5523 578 5574 testantur.
617 5514 676 5571 Nec
695 5513 802 5568 inficias
820 5514 860 5570 ire
878 5478 952 5585 pot-i
965 5515 1021 5568 tis?
1038 5513 1169 5567 nimirum
1185 5513 1213 5567 si
1230 5512 1349 5566 cor-itate
1367 5512 1528 5567 &munim
1546 5513 1663 5585 solaque
1680 5513 1797 5568 ruentis
