4004 6022
750 241 802 298 nu
822 239 1099 300 1111111111
1730 255 1769 313 51

68 402 121 457 dio
136 397 282 472 poeadiei,
299 415 403 467 apuam
417 368 590 469 parabolani,
608 416 723 468 manno,
734 415 827 472 pones
841 415 910 469 pro·
938 414 1033 454 omnes
1051 396 1170 455 eundem
1188 403 1286 470 potum
1305 399 1477 471 spiritualem
1493 397 1632 456 biberunt
1667 401 1770 458 ”Am-

64 488 223 560 poeitsbnis
253 493 279 541 et
294 487 546 556 participationem
569 487 782 555 sacrificiorum.
822 484 911 538 ”Ita
936 483 1044 539 brosius
1069 485 1098 539 iu
1121 485 1170 542 lib.
1197 485 1232 540 de
1251 485 1295 538 his
1313 485 1360 556 qui
1377 486 1437 544 init.
1456 487 1594 559 mysteriis
1611 505 1635 543 c.
1655 493 1679 546 8.
1700 495 1728 545 et
1745 495 1770 548 9.

69 583 99 632 et
116 575 145 630 in
163 573 362 631 eonmutmm
375 574 557 645 Angustanae
574 572 754 628 confessionis
772 571 864 626 Faber
882 576 911 626 et
936 577 1081 644 utramque
1121 569 1241 644 figuram
1271 589 1389 629 manuae
1422 580 1451 629 et
1490 591 1580 646 aquae
1616 574 1770 648 conjungit.

70 663 173 718 Recius
187 676 240 733 pro
257 659 448 716 confirmanda
466 676 523 714 una
542 660 635 730 specie
654 660 811 732 allegarunt
826 657 909 712 histo
936 660 1048 713 Manno
1068 658 1273 731 slludliuquit)
1292 659 1437 729 decocto,
1461 660 1513 714 irco
1540 678 1624 731 cuper
1645 663 1770 733 eoelum,-

69 751 138 804 riam
162 748 198 803 de
223 746 289 802 filiis
313 745 379 801 Heli
400 745 606 801 manducaturis
631 762 732 817 panem
753 752 775 801 l.
795 744 866 817 Reg.
885 748 909 800 2.
935 745 1011 799 illud
1026 746 1106 810 coeli,
1126 745 1178 800 boc
1198 746 1317 800 Domini
1333 747 1486 812 coelorum;
1501 747 1579 802 illud
1593 749 1772 819 corruptioni

70 843 99 891 et
128 853 164 891 ex
193 851 228 890 ea
251 832 416 888 concludere
438 832 597 896 voluerunt,
628 832 782 902 sclopano
807 831 908 887 debere
935 832 1096 900 obnoxium,
1118 833 1191 886 siin
1210 834 1284 886 diem
1303 833 1425 887 alterum
1444 842 1613 898 seruaretur,
1632 835 1683 889 loc
1700 835 1769 890 olie-

68 925 156 980 laicos
174 937 236 976 esse
255 925 408 976 contentos.
444 918 602 991 Chytraens
632 918 662 973 in
689 919 808 989 August.
834 915 907 972 conf.
934 937 999 972 num
1018 919 1054 972 ab
1071 919 1148 973 omni
1164 918 1351 990 corruptione,
1370 922 1447 990 quod
1465 921 1621 991 quicunque
1636 922 1769 992 relipioss

70 1032 97 1084 p.
125 1009 224 1066 18th
264 1005 490 1077 Respondemus:
518 1011 540 1063 1.
556 1022 588 1061 er
615 1005 755 1078 allegoriis
778 1022 834 1060 non
858 1002 907 1057 du·
933 1006 1098 1074 portaverit,
1123 1005 1330 1075 corruptionem
1348 1007 1451 1059 sentire
1478 1025 1533 1061 non
1555 1008 1680 1078 poterit,·
1708 1009 1770 1063 illis

70 1103 173 1153 cuntur
191 1099 357 1166 argumenta
373 1091 529 1163 apodictica
547 1092 577 1145 in
589 1091 705 1146 articulo
718 1089 792 1146 fidei.
819 1090 907 1143 Theo·
933 1111 1010 1162 aquo
1030 1093 1066 1146 de
1082 1100 1168 1161 petro
1180 1093 1277 1162 stituit,
1303 1093 1353 1146 tibi
1374 1093 1527 1162 conquiro
1546 1091 1676 1164 01111111,Ι
1701 1094 1768 1149 ellos

71 1184 148 1253 inpia
165 1167 319 1252 symbolicci
336 1197 393 1233 non
410 1186 450 1233 est
467 1178 696 1247 urpumentatica,
715 1176 810 1232 dicunt
823 1175 907 1232 Sebo-
934 1181 976 1233 ud
991 1178 1090 1232 boram
1107 1179 1223 1232 eminuit
1243 1196 1334 1249 aqua,
1354 1186 1379 1232 le
1396 1180 1511 1247 eunpuia
1529 1180 1613 1232 diluit
1631 1181 1661 1234 in
1680 1188 1769 1234 aeter-

71 1268 170 1325 lastisi.
208 1274 231 1324 2.
254 1265 415 1338 Applicatio
440 1263 594 1336 figurarum
624 1281 679 1320 non
709 1269 751 1318 est
777 1261 907 1318 iacienda
932 1284 1006 1318 num.
1035 1265 1080 1319 111
1109 1265 1173 1320 dist.
1204 1271 1228 1319 2.
1250 1266 1286 1320 de
1311 1271 1463 1322 consecrat.
1487 1282 1510 1320 1.
1535 1266 1615 1322 biit*
1653 1265 1770 1338 Regerit

71 1354 184 1428 proprio
208 1352 338 1421 arbitrio,
364 1351 414 1407 sed
431 1351 483 1405 niti
501 1350 584 1406 debet
601 1349 704 1405 literali
721 1349 814 1419 aliquo
835 1348 906 1405 Scri-
933 1351 1131 1420 Bellarminus‚
1154 1370 1271 1422 agrum,
1296 1371 1358 1406 cum
1382 1355 1452 1406 duta
1478 1358 1518 1405 eet
1535 1351 1644 1422 populo
1673 1353 1703 1404 in
1731 1353 1768 1405 ei·

70 1450 169 1514 pturae
192 1446 270 1495 textu
292 1444 321 1494 et
345 1454 408 1492 cum
433 1437 562 1510 analogia
581 1435 645 1491 fidei
665 1452 824 1507 congruere.
861 1434 906 1488 In·
932 1456 1016 1506 pnum
1034 1438 1195 1507 spiritualis
1209 1445 1307 1507 potua,
1331 1439 1422 1492 solam
1440 1440 1538 1491 dotum
1556 1455 1626 1506 1111,
1649 1439 1709 1492 eine
1725 1438 1768 1491 ul-

71 1529 180 1584 stitutio
204 1541 307 1582 coenae
331 1524 423 1579 verbis
446 1523 567 1595 propriis
586 1528 614 1577 et
632 1523 786 1594 perspicuis
803 1528 905 1577 utram·
932 1526 989 1579 lius
1009 1525 1064 1579 cibi
1079 1525 1241 1594 spiritualis
1254 1525 1444 1594 adjunctione.
1471 1524 1695 1595 Respondemus:
1714 1525 1769 1580 imo

71 1633 125 1690 que
141 1614 266 1686 speciem
283 1611 407 1683 requirit,
427 1611 472 1666 hie
490 1610 604 1666 literalis
621 1616 712 1665 textus
731 1626 788 1664 uon
808 1615 849 1663 est
862 1625 905 1663 ex·
933 1628 1011 1674 vero,
1037 1610 1102 1682 quia
1126 1610 1243 1683 singulis
1269 1610 1368 1665 diebus
1389 1627 1493 1665 manna
1516 1610 1631 1666 coelitus
1655 1611 1769 1681 depluit,

10 1709 58 1751 111.
71 1702 220 1775 plicandus
245 1717 295 1772 per
314 1698 433 1771 figuras,
456 1697 506 1752 sed
531 1697 623 1768 potius
640 1697 675 1753 V.
695 1696 728 1751 T.
748 1695 854 1768 figurae
873 1712 906 1750 ex
931 1699 998 1753 inde
1018 1698 1167 1770 colligitur,
1187 1697 1262 1770 quod
1280 1698 1377 1753 eodem
1397 1704 1521 1769 temporo
1540 1714 1642 1752 manua
1656 1704 1769 1768 etaqua

71 1790 118 1845 illo
141 1794 208 1844 suut
233 1785 422 1856 explicandae.
466 1790 489 1840 3.
510 1784 594 1857 Aqua
613 1801 647 1840 ex
667 1789 746 1855 petra
765 1782 905 1854 profluens
933 1803 966 1841 ex
990 1791 1071 1858 petra
1094 1784 1198 1856 populo
1222 1785 1289 1839 data
1313 1784 1418 1840 fuerint
1434 1785 1470 1844 ad
1488 1785 1642 1855 perfectam
1661 1803 1711 1855 per
1730 1785 1767 1840 ci·

71 1876 167 1931 itidem
195 1873 250 1930 init
273 1871 456 1928 eucharistiae
477 1870 569 1944 figura
592 1871 697 1926 fatente
723 1869 905 1933 Bellarmino;
932 1874 997 1929 bum
1022 1877 1051 1928 et
1076 1876 1171 1943 potum
1196 1869 1383 1930 refectionem.
1430 1871 1536 1935 Quodsi
1565 1871 1610 1927 vel
1647 1872 1767 1927 maxime

70 1977 173 2033 ergone
190 1958 275 2015 etiam
293 1957 354 2012 sola
369 1958 475 2027 species
488 1958 544 2011 viui
558 1958 686 2029 usurpari
698 1956 810 2029 potest?
827 1956 906 2028 atqui
931 1976 1006 2033 aqua
1029 1959 1089 2013 sine
1114 1957 1169 2013 cibi
1192 1957 1371 2029 adjunctione
1393 1957 1492 2013 inisset
1515 1958 1595 2022 data,
1621 1964 1715 2014 tamen
1733 1976 1767 2014 ex

71 2049 98 2103 id
120 2064 177 2102 non
201 2045 358 2100 concedunt
384 2060 478 2098 omnes
499 2043 646 2098 Pontificii.
681 2050 705 2099 1.
722 2042 905 2114 Propouimus
931 2063 976 2111 11,
1004 2045 1079 2117 quod
1106 2043 1211 2099 Paulus
1239 2050 1385 2116 utramque
1410 2043 1529 2116 figuram
1555 2045 1610 2100 cibi
1634 2052 1662 2100 et
1685 2052 1767 2116 potus

71 2135 156 2207 igitur
176 2132 231 2187 hoc
247 2130 388 2186 theorema
406 2129 608 2200 theologicum:
634 2129 658 2183 si
676 2130 779 2184 multae
799 2128 905 2200 figurae
932 2134 960 2187 in
980 2133 1032 2188 hoc
1050 2131 1162 2203 negotio
1179 2131 1333 2202 conjungit,
1351 2131 1463 2187 immote
1481 2131 1629 2203 colligitur,
1649 2132 1724 2203 quod
1740 2139 1768 2188 et

72 2237 126 2275 rem
154 2234 241 2273 unam
267 2221 491 2286 repraesentant,
521 2214 656 2286 quidquid
685 2223 728 2270 est
753 2215 783 2270 in
809 2213 906 2286 figuris
931 2235 982 2273 nos
1004 2227 1151 2288 utramque
1169 2216 1288 2288 figuram
1307 2219 1477 2288 conjungere
1496 2217 1653 2272 debeamus.
1690 2223 1767 2273 ’1111

72 2306 203 2379 singulis,
229 2309 365 2375 qnatenus
388 2307 454 2357 sunt
471 2300 590 2373 figurae,
618 2301 647 2355 id
667 2308 755 2356 totum
769 2307 813 2356 est
829 2302 856 2356 in
875 2317 905 2355 re
932 2305 1060 2376 paradiso
1080 2321 1136 2358 uon
1160 2304 1250 2357 solum
1275 2302 1330 2356 fuit
1348 2302 1431 2357 arbor
1446 2303 1534 2372 vitae,
1559 2303 1608 2358 sed
1629 2303 1712 2359 etiam
1731 2304 1767 2358 ir-

72 2393 198 2466 figurata.
235 2391 333 2445 Posset
351 2387 405 2442 hoc
422 2387 577 2443 confirmari
590 2387 684 2443 multis
696 2389 837 2459 exemplis,
856 2387 905 2443 sed
932 2392 1028 2462 riguus
1054 2390 1099 2444 ille
1122 2389 1218 2443 hortus
1243 2394 1361 2461 quatuor
1384 2388 1545 2443 fluminibus
1564 2406 1597 2444 ex
1616 2408 1671 2445 uno
1690 2391 1767 2446 fonte

69 2480 234 2550 judicamus,
253 2477 283 2530 iu
299 2493 329 2531 re
348 2475 495 2530 manifesta
512 2475 541 2529 id
559 2492 614 2529 non
632 2492 693 2530 esse
709 2476 904 2531 necessarium.
932 2475 1159 2548 promanantibus
1185 2474 1360 2529 humectatus
1390 2474 1458 2544 fuit,
1488 2472 1589 2531 Genea.
1608 2481 1641 2545 2,
1670 2493 1696 2529 r.
1726 2481 1764 2531 10.

73 2565 189 2631 Quando
212 2578 280 2634 ergo
303 2560 487 2617 Bellarminus
505 2562 628 2616 cumulat
645 2562 715 2617 tales
732 2559 837 2632 figuras
855 2578 905 2632 pro
933 2565 995 2619 Non
1018 2563 1108 2618 solum
1125 2578 1190 2616 caro
1212 2561 1278 2633 agni
1296 2559 1433 2631 paschalis
1452 2560 1686 2630 manducabatur,
1716 2561 1765 2616 sed

72 2669 126 2706 una
147 2651 253 2722 specie,
278 2647 426 2711 committit
449 2647 814 2715 11111111111111111111111,
840 2647 907 2720 quia
931 2651 1015 2706 etiam
1033 2649 1168 2722 sanguine
1188 2650 1249 2721 ejus
1268 2653 1361 2720 postes
1380 2647 1627 2718 adspergebantur.
1659 2648 1766 2721 Grego-

73 2739 216 2810 autitypus
243 2753 345 2791 coenae
368 2733 503 2802 ostendit,
523 2740 622 2805 typum
650 2733 751 2789 debere
770 2750 830 2790 esse
848 2735 906 2804 ple·
930 2736 988 2790 rius
1015 2736 1167 2792 1111111112.
1193 2735 1224 2790 iu
1247 2732 1385 2806 evangel:
1413 2734 1537 2804 Sanpuie
1560 2733 1665 2790 0111111
1682 2752 1767 2805 super

72 2845 150 2890 num,
179 2824 299 2894 ideoque
321 2820 531 2891 conjungendas
552 2819 657 2892 figuras
684 2820 740 2876 cibi
762 2825 791 2876 et
815 2827 904 2892 potus.
931 2832 1077 2893 utrumque
1098 2829 1207 2891 postem
1224 2820 1356 2892 ponitur,
1386 2823 1500 2896 quando
1521 2840 1578 2876 non
1602 2821 1693 2875 solum
1717 2839 1766 2877 ore

73 2921 94 2970 5.
112 2913 150 2966 Et
174 2927 224 2964 cur
246 2924 301 2962 non
320 2905 442 2961 afferunt
464 2912 564 2977 typum
586 2906 795 2977 Melchisedeci,
823 2925 905 2980 quem
931 2911 1072 2981 11111111,
1097 2910 1149 2962 sed
1174 2909 1258 2961 etium
1285 2925 1334 2961 ore
1362 2908 1457 2960 cordis
1475 2908 1613 2963 inuritur.
1650 2908 1766 2980 Regerit

72 3000 137 3052 alias
165 3013 216 3068 pro
241 2993 408 3050 stabiliendo
431 2991 567 3048 sacrificio
586 2993 725 3049 missatico
744 3010 845 3066 urgere
863 3011 905 3048 so·
931 2996 1125 3065 Bellarminus,
1142 2995 1308 3063 sanquinem
1327 2995 1408 3048 illum
1425 3013 1480 3048 non
1495 3011 1579 3063 posse
1599 2996 1709 3057 referri
1726 2998 1768 3050 ad

70 3085 149 3139 lent?
190 3080 409 3136 Melchisedecus
434 3079 903 3151 ρ1ο111111ρ11111111.1111111111,κ1
926 3093 1040 3154 potum,
1063 3101 1125 3137 cum
1144 3099 1195 3135 nec
1213 3082 1367 3150 biberetur,
1380 3084 1442 3134 'nec
1463 3084 1583 3135 daretur
1600 3081 1766 3151 bominibus,

71 3170 143 3242 quod
167 3174 268 3239 typum
295 3165 477 3222 eucharistiae
499 3165 586 3221 fuisse
612 3173 706 3237 patres
728 3167 831 3238 passim
856 3168 902 3221 do·
931 3180 958 3226 et
976 3171 1061 3242 prius
1079 3167 1231 3223 linirentur
1250 3185 1282 3221 11
1302 3185 1332 3223 11
1347 3175 1455 3238 postes,
1476 3169 1560 3237 'quum
1579 3186 1670 3238 apnus
1688 3189 1766 3223 mon·

69 3263 139 3311 cent.
192 3253 267 3310 Vide
306 3251 475 3307 Clementem
506 3251 642 3307 Alexand.
670 3252 716 3307 lib.
747 3258 770 3308 4.
801 3271 903 3328 στρωμ.
932 3261 1093 3313 duceretur.
1122 3254 1347 3326 Respondemus:
1367 3272 1423 3310 non
1442 3258 1485 3310 est
1503 3270 1624 3321 necesse,
1641 3261 1674 3309 ut
1692 3256 1767 3310 idem

69 3339 240 3413 Cypriorum
259 3338 307 3394 lib.
327 3344 352 3394 2.
373 3337 452 3407 epist.
473 3343 498 3394 3.
517 3337 669 3392 Eusebium
687 3337 736 3394 lib.
750 3344 773 3393 5.
793 3338 903 3393 demon·
930 3343 967 3398 sit
991 3342 1021 3396 in
1045 3343 1185 3413 antitypa,
1212 3343 1288 3414 quod
1306 3348 1348 3396 eat
1366 3341 1395 3395 in
1413 3347 1497 3412 typo,
1523 3340 1571 3395 sed
1590 3339 1708 3409 sufficit,
1735 3347 1768 3397 ut

68 3435 143 3482 strat.
174 3444 197 3481 c.
224 3432 247 3481 3.
280 3422 457 3478 Ambrosium
489 3422 538 3480 lib.
564 3430 588 3478 5.
619 3424 654 3478 de
682 3441 798 3479 sacram.
828 3442 851 3479 c.
880 3430 901 3480 1.
930 3428 1079 3500 analogum
1103 3427 1169 3498 quid
1198 3427 1226 3481 iu
1256 3427 1385 3497 antitypa
1411 3426 1573 3480 inveniatur.
1615 3426 1765 3495 Sanguinis

68 3512 256 3586 Epiphaniam
273 3510 378 3566 haeres.
392 3516 434 3567 55.
452 3509 641 3581 Augustinum
654 3512 787 3580 1111195,
812 3513 902 3567 Theo-
929 3533 978 3571 esu
1000 3515 1119 3577 iudaeis
1148 3513 1325 3568 interdictum
1342 3512 1408 3580 fuit,
1435 3511 1544 3566 interim
1564 3517 1596 3565 ut
1612 3511 1704 3583 figura
1718 3530 1765 3567 eu·

69 3603 203 3668 doretum,
220 3597 383 3664 Arnobium,
402 3595 558 3668 Hugouem,
577 3595 770 3653 cassiodorum
789 3600 902 3654 stallos
929 3601 1075 3657 charistiae
1093 3601 1122 3654 in
1141 3605 1210 3670 typo
1229 3599 1295 3670 agni
1314 3597 1454 3670 paschalis
1471 3603 1544 3652 esset
1562 3598 1651 3670 plena,
1670 3604 1763 3669 postes

68 3689 95 3743 in
114 3687 218 3742 Psalm.
241 3691 297 3741 109.
332 3683 516 3738 Bellarminus
535 3684 697 3753 excipitis
716 3704 770 3740 non
792 3695 901 3740 conten·
930 3689 1027 3743 domus
1047 3704 1079 3742 eo
1098 3686 1171 3741 liniri
1189 3691 1368 3758 praeceptum
1385 3685 1447 3740 fuit.
1488 3691 1511 3742 8.
1531 3685 1574 3740 Ex
1591 3686 1682 3759 figura
1701 3698 1802 3758 par-1.
1815 3699 1848 3746 tt.

68 3777 135 3829 dere
156 3772 403 3844 pronecesrrtate
430 3771 514 3824 untur
537 3770 654 3840 speciei,
681 3772 753 3824 11111
775 3789 827 3825 noa
847 3791 901 3842 pro
928 3775 1096 3846 ticipationis
1129 3773 1326 3829 sacrificiorum
1352 3779 1526 3845 sequeretur,
1561 3774 1643 3828 etiam
1673 3790 1763 3829 sacer-

66 3862 230 3916 neeeesitate
260 3859 390 3911 duarum.
441 3856 527 3928 Atqui
560 3857 654 3928 praxis
690 3857 812 3912 ostendit
838 3876 902 3913 con·
929 3863 1008 3917 dotes
1027 3879 1083 3916 non
1104 3861 1205 3916 debere
1225 3860 1341 3916 cabcem
1360 3859 1466 3929 bibere,
1484 3859 1549 3930 quia
1566 3859 1602 3918 V.
1624 3860 1658 3915 T.
1674 3877 1764 3916 sacer·

68 3948 190 4003 trarium.
232 3944 317 4000 Cone.
345 3942 488 3998 Constant.
518 3960 583 3998 sess.
615 3948 659 3999 lt:
690 3943 796 3998 1311111
822 3962 902 4014 syno-
929 3950 1008 4003 dotes
1031 3964 1143 4002 caruem
1167 3946 1342 4001 victimarum
1364 3947 1424 4002 sine
1442 3947 1586 4019 sanguinis
1603 3964 1656 4001 usu
1673 3964 1763 4002 eome-

69 4038 120 4089 dus
149 4033 290 4099 declarat,
320 4031 505 4101 effectualiter
529 4031 691 4099 puniendoe
723 4039 820 4084 contra
851 4031 903 4085 boo
929 4034 1040 4089 debant.
1078 4033 1192 4106 Regerit
1211 4033 1403 4102 Bellarminus,
1416 4035 1593 4089 sacerdotum
1606 4035 1764 4089 bibitionem

67 4125 210 4177 decretum
240 4119 415 4185 excedentes,
442 4117 492 4187 qui
512 4117 743 4171 communicando
764 4119 901 4186 populum
927 4121 1098 4190 respondere
1120 4120 1305 4173 coneumtioni
1328 4137 1382 4189 per
1405 4121 1502 4189 ipnem.
1538 4120 1762 4190 Respondemus:

66 4210 115 4262 sub
134 4214 254 4275 utraque
272 4205 363 4273 specie
376 4203 465 4271 panis
483 4208 509 4256 et
527 4203 588 4256 uini
601 4203 740 4256 erbortati
748 4203 862 4271 fuerint
876 4211 903 4256 et
928 4207 977 4260 illa
1001 4206 1154 4261 consumtio
1176 4223 1226 4276 per
1243 4205 1336 4277 ignem
1355 4223 1411 4261 non
1429 4207 1518 4278 magis
1539 4212 1648 4277 spectat
1665 4209 1701 4261 ad
1720 4225 1762 4263 sa·

65 4297 107 4350 sic
129 4293 296 4361 faciendum
319 4290 472 4343 docuerint.
511 4288 550 4343 Et
573 4295 683 4360 postea:
708 4288 765 4350 Qui
788 4305 821 4342 ea
841 4290 902 4343 illis
927 4293 1053 4348 cerdotes
1075 4292 1212 4362 quemad
1232 4291 1325 4346 laicos.
1360 4293 1445 4348 Recte
1466 4311 1531 4366 ergo
1552 4292 1708 4350 Cassander
1728 4295 1763 4351 de

66 4383 107 4435 ad
120 4377 325 4450 poenitentiam
341 4376 437 4430 redire
453 4394 509 4429 non
528 4375 688 4430 curaverint
706 4376 801 4430 animo
820 4376 901 4429 indu-
927 4396 1024 4434 comm.
1054 4378 1107 4433 sub
1133 4385 1250 4450 utraque
1272 4379 1365 4449 specie
1383 4399 1409 4450 p.
1429 4387 1478 4436 47:
1509 4381 1684 4434 Enrtiterunt
1703 4381 1762 4451 qui-

65 4474 144 4532 ncto,
166 4481 221 4533 per
246 4479 379 4516 1111111111
399 4464 604 4517 ecclesiasticae
624 4469 655 4515 ut
678 4462 814 4516 1111111111
837 4471 902 4515 arnt
927 4469 1009 4535 dum,
1037 4465 1087 4534 gui
1115 4466 1146 4519 V.
1170 4466 1203 4520 Τ,
1221 4465 1384 4519 testimoniis
1402 4467 1486 4520 abusi
1503 4475 1567 4519 1111
1584 4468 1626 4520 ad
1638 4468 1762 4537 probun-

65 4551 215 4607 coircendi
242 4551 371 4603 inuocato
398 4551 480 4602 etiam
507 4552 549 4604 ad
573 4551 639 4616 111,
665 4548 693 4601 ai
715 4565 786 4617 opius
801 4549 901 4616 suerit,
928 4554 1002 4616 dum,
1012 4559 1064 4618 jus
1075 4549 1222 4604 Dominiei
1229 4552 1376 4621 sanguinis
1385 4553 1427 4605 ad
1439 4553 1516 4607 soloe
1527 4556 1696 4622 sacerdotes,
1706 4572 1762 4608 non

65 4638 178 4692 maelii
193 4637 351 4691 saecularis
369 4636 486 4689 1111111.
514 4635 587 4691 Vide
605 4635 689 4691 etiam
706 4634 803 4691 concil.
823 4634 899 4688 Trid.
925 4648 1018 4692 nutem
1036 4640 1078 4691 ad
1093 4639 1191 4701 fideles
1209 4640 1364 4708 pertinere,
1391 4657 1422 4693 eo
1445 4643 1522 4709 priori
1540 4642 1568 4694 in
1594 4641 1623 4695 V.
1645 4643 1676 4694 Τ.
1695 4643 1761 4711 offc-

65 4741 130 4780 sess.
151 4729 193 4779 21.
220 4729 249 4778 et
266 4720 432 4792 &tegorium
452 4718 614 4776 devilem.
633 4721 668 4775 de
688 4721 772 4775 missa
790 4719 838 4777 fol.
857 4725 899 4775 95.
926 4732 1017 4779 rentes
1037 4725 1149 4794 quidem
1168 4724 1306 4796 apopulo
1325 4726 1360 4778 de
1373 4726 1530 4795 aumficiir,
1548 4744 1620 4796 qrcce
1637 4735 1716 4779 erant
1730 4727 1760 4779 in

64 4811 216 4866 Ptaeterea
249 4825 285 4863 ne
314 4808 355 4861 sic
393 4805 504 4877 quidem
534 4806 635 4861 satisfit
659 4807 762 4863 Christi
792 4806 899 4861 institu-
925 4811 1047 4863 materia
1073 4811 1174 4879 solita,
1201 4811 1331 4879 edebant,
1356 4812 1391 4864 de
1411 4811 1589 4866 libaminibus
1605 4829 1671 4866 uero
1691 4829 1762 4880 quae

65 4897 150 4964 tioni,
178 4912 250 4967 quae
273 4912 329 4950 nou
354 4893 473 4949 liberum
498 4891 610 4962 reliquit
633 4895 778 4967 utriusque
798 4893 899 4964 speciei
926 4905 1006 4951 erunt
1025 4898 1056 4950 in
1075 4898 1195 4950 materia
1212 4897 1333 4967 liquido,
1351 4898 1421 4952 solia
1440 4899 1584 4962 ministris,
1599 4916 1655 4953 non
1671 4907 1761 4952 autem

65 5002 162 5052 usum,
185 4982 236 5037 sed
259 4980 443 5036 necessarium
466 4993 526 5033 esse
549 4979 676 5036 ostendit.
722 4986 745 5037 6.
765 4980 899 5052 Apprime
922 4982 1030 5054 populo
1057 4983 1146 5036 libare
1172 4984 1222 5047 fae
1245 4993 1322 5048 erot,·
1347 4985 1431 5053 quari
1456 4986 1520 5039 buio
1536 4992 1687 5038 commento
1705 5003 1761 5039 non

65 5070 197 5127 hocloco
213 5068 375 5136 notandum,
397 5065 472 5139 quod
491 5064 595 5118 Paulus
616 5065 652 5121 de
666 5075 898 5124 sacramentorum
924 5071 993 5123 eutis
1020 5069 1232 5136 chrysostomus
1251 5077 1379 5137 occurat,
1404 5089 1465 5124 cum
1485 5072 1543 5124 ait.-
1565 5088 1621 5122 non
1640 5071 1711 5123 aieret
1731 5071 1761 5124 in

65 5155 163 5231 figuris
182 5160 323 5210 1111111111
346 5159 367 5208 1.
384 5152 446 5207 Cor.
468 5157 507 5207 10.
526 5156 657 5221 utusque
674 5151 778 5224 figuras
797 5155 853 5210 cibi
871 5159 900 5211 et
925 5157 986 5226 leqe
1003 5156 1090 5209 ueteri
1103 5162 1216 5225 partem
1235 5155 1348 5223 quidem
1359 5160 1494 5211 sacerdos
1507 5157 1674 5220 comedebat,
1691 5175 1760 5227 pur·

66 5251 150 5316 potus
175 5241 337 5313 conjungit,
370 5238 482 5311 quando
509 5236 546 5292 ad
570 5236 763 5295 eucharistiam
786 5257 832 5296 eas
851 5258 898 5312 ap·
924 5251 979 5297 tem
1005 5241 1089 5295 etiam
1108 5239 1246 5310 populus,
1272 5248 1299 5293 et
1324 5260 1380 5295 non
1399 5242 1500 5296 licebat
1514 5243 1624 5312 populo
1639 5243 1758 5312 partici-

65 5330 168 5402 plicat,
196 5329 291 5399 sieque
317 5342 367 5381 suo
392 5325 518 5394 exemplo
546 5321 680 5391 ostendit,
701 5341 756 5379 non
781 5326 898 5397 divisim,
919 5345 985 5398 pem
1011 5342 1197 5393 maerorum,
1223 5343 1341 5396 quoium
1358 5329 1506 5397 particeps
1526 5336 1587 5381 crat
1604 5331 1759 5399 sacerdos,-

66 5418 116 5472 eed
140 5414 310 5485 conjunctim
336 5412 371 5466 V.
395 5411 428 5466 T.
451 5409 556 5481 figurae
579 5408 727 5464 sumendae
746 5425 813 5468 esse.
831 5432 855 5469 v.
874 5420 899 5469 3.
924 5416 977 5468 aed
994 5429 1068 5468 nunc
1084 5430 1139 5466 non
1156 5413 1205 5481 sic,
1223 5430 1319 5467 uerum
1336 5415 1458 5467 omnibus
1478 5432 1562 5467 unum
1581 5434 1683 5486 corpus
1694 5435 1760 5488 pro·
1836 5473 1838 5476 ,

65 5519 162 5561 omues
179 5501 296 5558 eandem
319 5513 410 5554 escam
433 5494 606 5564 spiritualem
619 5493 809 5566 comederunt,
827 5515 853 5556 r.
873 5505 898 5557 1.
920 5500 1040 5573 ponitur
1057 5505 1082 5552 el
1094 5499 1230 5572 poculum
1249 5518 1341 5556 unum.
1379 5499 1559 5559 sacerdotum
1576 5502 1673 5559 bibitio
1689 5503 1718 5560 in
1737 5521 1759 5560 s.
