4004 6022
293 171 353 234 ³2⁰
485 210 488 215 »
856 162 978 223 mous
995 161 1199 223 vlcususus
1215 161 1414 224 SECUNDUS

295 321 404 396 guitur,
435 319 486 379 sad
509 319 646 378 catholiea
666 320 782 379 ecclesia
804 337 861 379 non
883 320 968 378 hahet
991 320 1048 377 tale
1073 320 1122 376 aii-
1152 319 1233 378 Certe
1259 321 1507 381 ex'communione
1530 320 1578 376 ills
1607 323 1765 377 sancmrum
1788 337 1844 377 non
1865 322 1963 394 possum

293 409 368 482 quod
390 406 500 464 visibile
524 405 649 479 signum,
676 425 740 463 cum
763 407 888 463 internae
912 406 976 463 illae
999 405 1122 474 virtutes,
1149 408 1284 478 proscribi
1305 410 1415 467 animas
1438 414 1595 465 sanctorum
1619 407 1823 464 defunctorum.
1863 413 1884 465 2.
1902 407 1961 463 ltili·

293 511 365 569 qnae
386 495 579 567 requiruntur,
607 499 639 550 ut
661 493 723 567 quis
748 494 784 549 sit
806 510 900 550 verum
922 493 1055 549 ecclesiae
1078 509 1122 548 ca·
1149 501 1212 550 taus
1243 497 1361 554 ecclesia
1390 504 1432 553 est
1460 495 1573 568 quidem
1600 493 1743 550 hominnm
1772 492 1900 562 societas,
1923 491 1960 565 qui

292 581 412 638 tholicae
438 580 604 651 membrum,
629 581 716 638 oculis
744 580 863 637 externis
882 580 1005 651 conspici
1022 595 1123 650 neque
1150 591 1285 654 quatenus
1308 583 1513 656 praedicatione
1536 581 1613 638 verbi
1637 588 1666 637 et
1686 580 1916 637 administratione
1929 597 1960 634 sa·

292 676 347 725 ant
395 674 418 724 2.
444 667 544 722 Totam
569 667 715 724 ecclesiam
741 667 926 724 Christianam
949 666 1006 721 sive
1031 664 1123 720 catho-
1149 676 1350 727 crementorum
1370 676 1467 742 utpote
1488 668 1643 724 visibilibus
1659 674 1689 724 et
1708 665 1829 722 externis
1848 667 1925 738 signis
1940 667 1960 720 in

292 755 375 810 licam
400 753 485 810 fuisse
508 753 538 809 in
562 753 699 826 principio
724 755 754 809 in
778 754 911 826 apostolis
934 760 963 810 et
982 751 1125 824 discipulis
1149 771 1233 811 unam
1267 758 1428 813 societatem
1457 756 1638 828 colliguntur,
1675 753 1822 810 ecclesiam
1850 753 1962 809 visibilem

293 847 412 910 tantum,
430 841 507 896 salva
523 840 640 897 veriats
657 839 789 897 affirmari
808 840 919 913 nequit,
941 838 1007 912 quia
1024 839 1060 894 ad
1079 855 1123 894 ec·
1150 841 1336 912 constituunt3
1364 843 1412 899 sed
1436 847 1573 914 quatenus
1597 841 1634 896 ad
1651 839 1819 897 catholicam
1841 840 1963 897 eccieim

292 928 403 985 clesiam
424 925 589 983 catholicam
610 927 748 998 pertinent
766 925 848 983 etiam
862 925 1045 997 patriarchae,
1062 943 1124 997 pro·
1149 930 1301 1000 pertinent,
1328 931 1447 997 interno,
1470 927 1608 999 spirituali
1629 933 1656 983 et
1674 926 1808 982 invisibili
1825 925 1903 994 fidei,
1921 927 1964 998 spei

291 1014 393 1087 phetae
411 1019 439 1069 et
458 1013 558 1086 reliqui
576 1014 664 1070 sancti
681 1013 716 1070 V.
733 1013 776 1078 T..
794 1013 843 1085 qui
860 1013 897 1068 ad
915 1013 1060 1070 ecclesiam
1078 1012 1125 1067 tri·
1150 1021 1178 1072 et
1196 1016 1318 1072 caritatis
1335 1016 1445 1071 viuculo
1464 1033 1526 1071 curu
1545 1016 1636 1086 capite
1659 1031 1710 1069 suo
1728 1021 1757 1070 et
1773 1013 1848 1070 inter
1866 1030 1924 1070 sese
1937 1014 1967 1068 iu·

292 1099 471 1172 umpbantem
494 1099 623 1155 mansisti
649 1099 789 1156 homiuum
816 1099 903 1155 oculis
928 1118 984 1157 uon
1011 1099 1124 1155 fuerunt
1149 1102 1238 1158 vicem
1255 1103 1437 1173 colligantur,
1465 1102 1539 1173 qnod
1557 1102 1698 1157 vinculum
1716 1109 1745 1157 et
1763 1118 1838 1173 quae
1855 1101 1969 1158 connexio

292 1186 380 1257 obvii,
397 1203 432 1242 sc
450 1186 566 1259 proinde
585 1186 722 1243 catholica
738 1186 856 1242 ecclesia
874 1186 958 1243 etiam
979 1192 1038 1240 tum
1055 1192 1123 1240 tem-
1150 1206 1214 1243 cum
1233 1189 1269 1244 sit
1287 1188 1441 1256 invisibilis,
1460 1205 1491 1243 er
1511 1206 1545 1244 eo
1563 1187 1696 1255 efficitur,
1714 1187 1885 1243 catholicam
1901 1186 1971 1243 eccle·

290 1274 365 1345 poris
389 1273 444 1329 fuit
466 1273 619 1330 invisibilis.
667 1273 797 1340 Quinimo
813 1292 850 1330 ne
867 1272 978 1344 quidem
997 1278 1058 1328 tota
1074 1272 1122 1327 mi·
1150 1275 1219 1331 siam
1249 1291 1309 1331 esse
1341 1273 1517 1329 invisibilem.
1566 1280 1590 1331 3.
1615 1273 1696 1339 Quod
1720 1273 1908 1329 Bellarminus
1932 1272 1974 1328 boc

290 1361 373 1418 litans
401 1360 518 1417 ecclesia
534 1360 588 1417 fuit
606 1361 741 1418 duntaxat
758 1361 787 1416 in
805 1360 938 1432 apostolis
957 1366 985 1415 et
1002 1359 1123 1431 discipu·
1150 1378 1230 1415 suum
1257 1365 1450 1432 argumentum
1476 1359 1638 1431 confirmare
1659 1359 1757 1415 nititur
1782 1377 1817 1414 ex
1838 1376 1914 1417 more
1929 1375 1974 1412 om·

292 1445 327 1501 lis
348 1443 464 1516 Christi,
490 1447 556 1519 quia
575 1446 603 1502 in
622 1446 763 1516 Galilaea,
788 1445 913 1503 Samaria
930 1451 959 1501 ct
977 1445 1038 1501 aliis
1056 1445 1124 1501 locis
1150 1448 1226 1502 nium
1249 1446 1432 1503 humanarum
1454 1447 1632 1509 societatum,
1657 1447 1687 1499 is
1709 1446 1847 1500 militiam
1868 1446 1977 1516 (iuquit),

291 1533 405 1588 fuerunt
431 1532 510 1589 multi
538 1549 604 1590 vera
630 1532 687 1590 fide
715 1533 823 1588 Christo
850 1532 1046 1602 adhaerentes,
1076 1533 1124 1604 qui
1150 1534 1181 1586 in
1207 1550 1339 1602 requam,
1374 1534 1403 1586 in
1429 1533 1568 1586 civitatem
1595 1550 1650 1586 non
1679 1532 1763 1586 aliter
1793 1533 1979 1586 describantur

292 1620 425 1692 apostolis
450 1626 480 1676 et
504 1619 617 1691 reliquis
635 1619 777 1690 discipulis
795 1618 935 1675 Christum
953 1617 1065 1690 publice
1083 1635 1124 1673 sc·
1151 1620 1274 1674 homines
1301 1638 1384 1691 quom
1408 1619 1497 1687 sipns's
1521 1619 1690 1687 visibilibus,
1719 1618 1749 1670 id
1772 1617 1888 1674 facilem
1905 1617 1981 1674 habet

295 1706 435 1763 ctantibus
460 1723 515 1760 non
540 1706 653 1762 fuerunt
671 1706 742 1776 noti,
766 1707 831 1761 inde
849 1706 922 1762 enim
938 1711 1003 1776 post
1022 1703 1124 1759 Christi
1151 1706 1375 1776 explicationem,
1404 1705 1520 1761 ecclesia
1547 1710 1590 1760 est
1614 1703 1727 1768 militia,
1751 1704 1803 1760 sed
1821 1704 1980 1776 spiritualis,

292 1794 519 1850 resurrectionem
549 1798 642 1850 tantum
673 1794 871 1866 discipulorum
901 1811 1046 1857 numerus,
1077 1792 1124 1864 qui
1151 1797 1193 1848 est
1215 1808 1346 1864 regnum,
1363 1792 1413 1848 sed
1432 1792 1583 1860 coelorum,
1610 1796 1653 1844 est
1669 1789 1781 1856 civitas,
1801 1789 1852 1847 sed
1870 1793 1981 1863 mystica

292 1880 328 1936 ad
351 1880 517 1952 quingentos
542 1879 641 1937 fratres
665 1882 844 1954 assurgebat,
874 1882 903 1936 in
923 1879 1051 1937 Galilaea
1067 1886 1124 1935 tam
1151 1886 1179 1934 et
1204 1894 1331 1949 superna.
1373 1878 1507 1949 Reliquae
1532 1876 1677 1932 societates
1698 1874 1839 1933 humanae
1857 1883 1924 1932 sunt
1941 1894 1981 1932 ex-

292 1965 385 2022 subito
412 1967 576 2039 congregari
601 1967 693 2039 potuit
715 1968 813 2024 Matth.
832 1973 878 2038 28,
902 1985 928 2023 v.
951 1974 991 2025 ld.
1022 1974 1043 2024 l.
1063 1967 1124 2024 Cor.
1152 1971 1246 2020 ternae
1265 1972 1293 2019 et
1309 1964 1445 2029 visibiles,
1472 1963 1521 2018 sed
1541 1961 1674 2018 ecclesiae
1693 1961 1851 2019 catholicae
1870 1964 1982 2019 societas

295 2058 340 2120 15,
366 2070 392 2108 v.
416 2058 440 2108 6.
483 2054 527 2108 Ac
550 2053 695 2110 Nicodemi
719 2055 874 2126 exemplum
898 2054 961 2110 doh.
986 2059 1017 2123 3,
1043 2072 1070 2108 r.
1102 2061 1124 2110 1.
1151 2058 1194 2106 est
1224 2052 1331 2106 interna
1358 2057 1387 2105 et
1409 2049 1562 2105 invisibilis.
1605 2048 1672 2112 Quis
1698 2048 1771 2104 enim
1798 2048 1892 2119 ridet,
1920 2067 1982 2122 quo-

292 2139 425 2203 ostendit,
447 2139 475 2194 in
493 2140 554 2211 ipsa
572 2141 641 2197 urbe
659 2140 913 2213 Hierosolymitaua
929 2141 1002 2196 inter
1016 2142 1123 2210 juratos
1152 2137 1233 2193 modo
1257 2153 1322 2192 rere
1346 2137 1385 2209 pii
1410 2143 1439 2192 et
1455 2135 1597 2192 credentes
1615 2153 1678 2191 cum
1695 2134 1805 2191 Christo
1824 2135 1919 2207 capite
1937 2154 1982 2191 suo

291 2225 394 2282 Christi
412 2226 513 2291 hostes,
533 2226 685 2299 pontifices,
704 2227 868 2284 Pharisaeos
888 2233 916 2283 et
927 2227 1045 2295 Scribas,
1067 2227 1123 2283 col·
1149 2224 1259 2281 vinculo
1277 2223 1414 2296 spirituali
1433 2224 1657 2295 conjungantur?
1686 2223 1748 2293 quis
1764 2222 1845 2278 videt
1864 2240 1980 2279 commu·

290 2311 391 2367 lectam
414 2311 500 2367 fuisse
523 2312 631 2383 piorum
655 2312 816 2379 ecclesiam,
845 2312 894 2384 qui
913 2320 988 2369 metu
1004 2312 1123 2384 repressi
1149 2312 1260 2367 monem
1287 2315 1446 2365 sanctorum
1470 2310 1622 2364 viventium
1646 2325 1709 2363 cum
1733 2309 1880 2379 spiritibus
1897 2310 1980 2366 beatis

289 2397 415 2463 fuerunt,
452 2398 598 2470 quominus
622 2398 736 2470 publice
755 2398 895 2455 Christum
919 2399 1120 2471 profiterentur.
1149 2397 1363 2453 defunctorum?
1382 2397 1445 2469 quis
1462 2395 1539 2452 videt
1549 2412 1714 2468 compagem
1726 2395 1902 2466 spiritualem
1914 2399 1980 2452 iuter

289 2485 349 2550 Illi,
375 2501 459 2556 super
485 2501 553 2556 quos
577 2485 696 2557 Spiritus
722 2503 744 2541 s.
769 2485 915 2542 visibiliter
933 2485 1076 2541 descendit
1094 2491 1123 2542 et
1149 2484 1272 2541 membra
1289 2484 1412 2555 corporis
1432 2482 1563 2555 mystici?
1591 2483 1620 2539 Si
1638 2482 1716 2538 nulla
1729 2489 1773 2538 est
1785 2484 1914 2554 societas,
1931 2484 1979 2538 nisi

290 2570 338 2642 qui
356 2588 405 2642 per
422 2571 591 2642 baptismum
610 2576 639 2626 et
656 2570 721 2626 fidei
739 2572 936 2642 professionem
950 2572 1015 2627 huic
1030 2572 1121 2627 coetui
1147 2572 1219 2627 inter
1242 2571 1304 2626 illos
1322 2570 1422 2638 socios,
1451 2568 1499 2641 qui
1517 2586 1567 2640 per
1587 2569 1667 2640 signa
1685 2574 1799 2625 externa
1816 2577 1846 2626 et
1863 2571 1980 2625 visibilis

291 2673 349 2712 sese
376 2658 591 2728 conjunxerunt,
620 2657 734 2713 fuerunt
757 2658 932 2729 particularis
957 2666 986 2714 et
1005 2658 1121 2714 visibilis
1147 2676 1208 2715 sese
1225 2666 1320 2714 mutuo
1332 2673 1482 2730 agnoscere
1497 2663 1620 2728 possunt,
1639 2657 1726 2712 omnis
1739 2657 1852 2713 omniuo
1865 2658 1978 2714 societas

291 2743 422 2810 ecclesia,
452 2743 503 2799 sed
526 2743 554 2798 in
578 2743 626 2798 illo
648 2743 708 2814 ipso
727 2750 839 2800 artemo
855 2744 973 2800 visibilis
989 2744 1122 2801 ecclesias
1147 2745 1219 2800 inter
1237 2745 1377 2800 Christum
1395 2749 1423 2798 et
1438 2743 1601 2798 catholicam
1612 2743 1757 2799 ecclesiam
1768 2744 1888 2815 ejusque
1898 2761 1977 2798 mem·

290 2833 372 2884 coetu
395 2828 533 2885 catholica
557 2834 586 2884 et
608 2828 754 2885 invisibilis
775 2830 924 2886 electorum
947 2831 1064 2887 ecclesia
1081 2832 1121 2887 la-
1148 2832 1199 2886 bra
1214 2831 1370 2904 negabitur,
1389 2847 1453 2886 cum
1473 2829 1598 2886 Christus
1618 2830 1705 2885 oculis
1723 2829 1864 2901 corporeis
1881 2830 1909 2885 in
1927 2829 1978 2885 hac

290 2914 352 2972 tuit.
392 2915 425 2970 lu
447 2915 608 2987 particulari
634 2922 662 2970 et
680 2915 783 2972 visibili
802 2917 850 2971 illa
867 2916 983 2973 eeclesia
1000 2918 1120 2974 ministe·
1146 2918 1206 2974 vita
1222 2937 1279 2974 non
1299 2919 1430 2975 videatur.

289 3001 331 3057 rio
354 3003 540 3074 apostolorum
564 3001 764 3074 Hierosolymis
787 3003 905 3060 collecta
920 3004 1016 3075 procul
1036 3005 1121 3060 dubio
1183 3011 1224 3063 83.
1251 3006 1384 3071 Quintum
1404 3007 1597 3076 argumentum
1615 3000 1800 3057 Bellarminus
1811 3002 1914 3059 format
1927 3004 1979 3059 hoc
1999 3017 2002 3028 ⁴

290 3087 403 3145 fuerunt
426 3090 513 3161 aliqui
537 3089 713 3161 hypocritae,
736 3108 753 3144 a
776 3089 877 3160 quibus
901 3091 966 3147 licet
982 3107 1047 3147 vere
1064 3108 1120 3147 cre·
1146 3094 1240 3148 modo:
1253 3095 1390 3162 Tempore
1398 3089 1805 3158 CirrhtiutooluntPhilr'ppos
1813 3091 2002 3149 Melanthos

182 3175 218 3219 Π·
232 3173 277 3220 ¹⁰¹·
291 3176 386 3233 dentes
414 3182 443 3233 et
476 3177 559 3234 electi
589 3183 701 3234 externo
734 3177 869 3248 adspectu
895 3177 1016 3233 discerni
1033 3178 1121 3233 haud·
1147 3181 1306 3236 allecem
1318 3179 1463 3247 illyricus,
1478 3176 1697 3232 ecclesiasolnm
1709 3184 1770 3229 mot
1783 3175 2002 3246 s'nZachoric,

290 3281 430 3338 qusquam
450 3263 605 3336 potuerint,
629 3270 722 3321 tamen
740 3263 904 3335 hypocritae
922 3264 963 3319 illi
981 3266 1017 3320 ad
1035 3265 1121 3322 eccle·
1149 3268 1284 3334 &mensa
1294 3264 1502 3335 AnnaMorr‘o
1514 3271 1540 3316 ct
1548 3261 1651 3332 paucis
1662 3261 1806 3332 olibpis‘s,
1819 3281 1876 3317 non
1888 3272 1980 3317 norem
1998 3294 2002 3305 ι

290 3349 358 3406 uam
376 3350 539 3406 catholicam
556 3368 612 3406 non
628 3350 827 3421 pertinuerunt.
1147 3372 1177 3408 sn
1189 3352 1370 3422 pontificibus
1387 3359 1413 3404 et
1430 3358 1509 3405 certa
1526 3349 1703 3404 multitudine
1721 3349 1909 3405 Judaeoram.
1941 3352 2000 3411 Ar,

161 3435 275 3477 susus
324 3443 366 3495 82.
402 3437 538 3504 Quartum
561 3445 754 3509 argumentum
776 3438 922 3494 deducitur
944 3456 977 3494 ex
999 3439 1061 3509 ipsa
1077 3456 1120 3494 ra·
1147 3448 1262 3509 constat,
1280 3441 1358 3510 qaod
1369 3438 1536 3507 Zacharias,
1556 3437 1670 3492 Simeon
1688 3444 1714 3491 et
1732 3438 1979 3491 cenricommass'-

162 3488 263 3581 iiiiii.
289 3523 363 3579 tione
383 3523 523 3581 ecelesiae.
561 3524 695 3580 Ecclesia
714 3532 755 3578 est
773 3526 892 3579 socians
909 3527 1049 3596 quosdam
1065 3543 1120 3581 noa
1147 3527 1248 3582 cabant
1266 3545 1327 3580 cum
1344 3525 1526 3595 pontificibus
1545 3524 1575 3578 s'n
1593 3522 1694 3594 templo
1713 3531 1739 3577 et
1756 3524 1907 3586 sacrificiis
1928 3529 1979 3578 etc.

162 3590 237 3682 '322¹'
290 3611 463 3680 anpelorrsm,
483 3628 538 3664 non
558 3610 724 3678 animarum,
741 3615 793 3667 scd
810 3612 960 3667 hominum.
988 3613 1054 3666 Noa
1071 3630 1120 3665 aa·
1148 3616 1227 3682 hisqo
1250 3614 1296 3668 vel
1319 3612 1393 3665 mole
1409 3611 1555 3675 faciehant
1571 3609 1619 3664 ilii
1636 3611 1868 3665 communicando
1885 3611 1980 3673 salsos

291 3703 344 3750 tem
357 3704 450 3765 potest
467 3697 528 3750 sliri
544 3697 678 3765 cometas,
698 3697 756 3751 nisi
772 3699 802 3751 s'n
822 3699 942 3753 soterais
962 3706 988 3752 et
1004 3698 1120 3752 arsibili·
1148 3700 1290 3764 ecclesius,
1307 3699 1350 3752 oet
1367 3698 1440 3752 mals
1458 3697 1572 3762 faciant
1585 3696 1743 3750 Laterani
1760 3714 1816 3751 son
1831 3698 1980 3751 communi·

292 3784 342 3837 aas
366 3782 455 3851 signis
473 3783 618 3848 consistat,
644 3803 711 3838 unm
727 3803 784 3839 non
803 3793 843 3839 est
859 3786 994 3854 secatus,
1019 3786 1078 3839 nisi
1092 3802 1121 3838 se
1147 3789 1239 3842 condo
1264 3787 1405 3841 nobiseum
1432 3793 1458 3839 et
1477 3784 1632 3838 obediendo
1646 3785 1783 3853 pontifici.
1821 3783 1981 3855 Responde·

290 3870 519 3940 agnoscuntque
536 3869 669 3924 dicuntur
687 3872 774 3939 socia,
793 3890 847 3926 non
859 3880 951 3926 uatem
962 3889 992 3926 ss
1001 3881 1121 3941 possunt
1147 3891 1221 3928 mus:
1255 3879 1277 3929 1.
1299 3878 1475 3943 acceptamus
1500 3870 1745 3941 comparationem,
1764 3871 1841 3942 quod
1858 3879 1979 3926 normam

290 3957 412 4012 homines
435 3973 600 4026 agnoscere,
626 3956 684 4010 siri
705 3957 850 4012 sociantes
869 3959 982 4013 sinaris
1000 3959 1056 4014 sint
1076 3976 1121 4013 es·
1147 3960 1291 4015 ecclesiam
1317 3977 1380 4014 cum
1403 3957 1541 4019 Simeoue,
1567 3955 1699 4011 Zacharia
1726 3964 1754 4011 et
1778 3956 1893 4030 reliquis
1915 3959 1977 4029 piis.

289 4053 370 4099 terna
389 4052 415 4099 st
431 4044 566 4099 resibilis.
600 4041 824 4113 Respondemus:
847 4044 1122 4115 l.qnandoecclesia
1148 4045 1301 4101 Romanam
1326 4062 1389 4100 vero
1415 4044 1560 4099 ecclesiam
1587 4060 1648 4098 cum
1674 4041 1853 4113 pontificibus
1873 4052 1900 4100 et
1917 4044 1977 4099 reli·

290 4130 426 4187 catholica
445 4128 648 4186 aBellarmiuo
666 4136 784 4201 negatur
805 4146 866 4185 esse
884 4130 1000 4186 societas
1018 4131 1120 4187 anima·
1133 4137 1137 4219 q
1148 4150 1203 4204 qua
1226 4131 1403 4187 multitudine
1427 4130 1599 4186 ludaeorum
1620 4136 1774 4200 comparat,
1801 4146 1837 4184 ex
1855 4148 1889 4186 ea
1907 4133 1977 4187 enim

289 4234 365 4286 rum,
397 4232 430 4273 eo
454 4218 483 4272 in
508 4217 569 4288 ipso
591 4232 684 4273 omnes
705 4216 795 4272 sancti
813 4216 937 4272 defuncti
954 4235 987 4273 ex
1005 4218 1122 4274 ecclesia
1148 4219 1260 4274 immota
1286 4217 1439 4289 colligitur,
1470 4224 1591 4272 nonnam
1618 4215 1762 4272 ecclesiam
1793 4231 1854 4271 esse
1879 4234 1979 4284 veram,

289 4303 429 4360 catholica
450 4303 643 4370 excluduntur,
661 4311 689 4360 et
708 4320 738 4359 re
757 4303 819 4373 ipsa
837 4311 970 4376 negatur,
987 4305 1061 4375 quod
1078 4323 1120 4361 ec-
1147 4305 1257 4360 illorum
1282 4320 1347 4359 vero
1368 4303 1475 4360 falsam.
1512 4308 1536 4358 2.
1555 4303 1618 4358 Hoc
1636 4309 1846 4374 argumentum,
1870 4303 1977 4375 siquid

290 4390 376 4447 clesia
400 4388 575 4460 triumphans
599 4389 635 4444 sit
652 4406 716 4460 pars
735 4389 868 4447 ecclesiae
886 4390 1048 4448 catholicae.
1087 4392 1121 4447 ld
1146 4393 1251 4447 roboris
1272 4389 1394 4451 haberet,
1415 4405 1471 4444 non
1489 4390 1633 4461 probaret,
1653 4387 1797 4444 ecclesiam
1815 4389 1977 4444 catholicam

290 4492 356 4534 vero
381 4477 520 4548 quomodo
549 4476 678 4531 convenit
702 4493 765 4531 oum
791 4476 883 4532 verbis
908 4475 1069 4532 Bellarmini
1098 4496 1121 4533 c.
1148 4494 1206 4533 esse
1231 4475 1381 4541 visibilem,
1407 4477 1456 4531 sed
1474 4475 1626 4531 Romanam
1647 4474 1791 4531 ecclesiam
1816 4493 1874 4530 nou
1894 4475 1977 4530 fuisse

288 4571 312 4620 t.
331 4560 360 4639 ξ.
377 4563 499 4634 penult:
536 4562 669 4618 Ecclesia
692 4564 870 4633 tricaspinos
888 4564 969 4617 unito
986 4573 1040 4628 est,
1065 4565 1120 4620 imo
1147 4579 1164 4618 a
1187 4561 1266 4617 nobis
1286 4562 1479 4628 deserendam
1506 4563 1556 4619 sed
1574 4563 1643 4618 haec
1661 4560 1785 4634 quaestio
1803 4567 1846 4616 est
1866 4562 1977 4618 alterius

283 4649 382 4720 potins
399 4667 459 4704 aas
475 4656 517 4704 est
536 4665 597 4703 cum
612 4648 771 4704 militante!
796 4649 850 4704 imo
869 4649 1006 4720 quomodo
1024 4667 1121 4706 conve·
1146 4649 1212 4712 loci,
1229 4657 1423 4721 argumentum
1440 4651 1526 4723 igitur
1543 4656 1585 4706 est
1602 4667 1620 4704 a
1638 4665 1722 4719 scopo
1740 4649 1869 4703 alienum.
1907 4654 1930 4705 3.
1949 4647 1976 4704 Si

286 4736 330 4791 nit
348 4734 451 4790 tabulis
470 4733 580 4790 divinae
598 4734 723 4790 veritatis
741 4734 826 4790 Hebr.
850 4741 888 4797 12,
907 4754 933 4792 v.
953 4741 1000 4793 22:
1019 4738 1120 4791 Acces-
1146 4752 1202 4790 rem
1226 4743 1301 4790 recte
1319 4737 1474 4806 expendere
1491 4736 1622 4801 vehmus,
1645 4736 1696 4796 hoe
1715 4741 1909 4806 argumentum
1929 4752 1977 4790 uo·
1996 4751 2002 4777 '⁴

287 4823 363 4877 Mis
389 4823 430 4876 ad
455 4829 573 4876 monum
597 4820 667 4875 Sion
695 4829 721 4875 st
746 4822 885 4876 ciuitatem
909 4823 970 4876 Dei
996 4823 1120 4886 maeatis,
1145 4829 1230 4876 stram
1251 4822 1344 4893 potius
1366 4823 1509 4879 coufirmat
1532 4824 1704 4878 sententiam.
1739 4821 1827 4876 Erant
1844 4821 1873 4876 in
1893 4822 1976 4877 eccle·

287 4909 514 4976 Hierosolymam
537 4907 681 4961 coelestem
705 4914 732 4960 et
755 4907 905 4961 maltorum
927 4907 1048 4961 millium
1071 4926 1119 4961 nn·
1145 4909 1187 4962 sia
1201 4909 1322 4964 ,Iudaica
1337 4910 1490 4980 pontifices,
1509 4908 1674 4978 sacerdotes,
1687 4907 1811 4975 Levitae,
1824 4906 1977 4977 Pharisaei,

287 4995 412 5066 pelosum
424 4994 629 5063 frequentiam,
647 5012 673 5048 s.
695 4999 736 5049 23.
756 4991 909 5064 πανηγύρει
927 4998 973 5048 καὶ
992 4995 1119 5062 ἐκκλησίᾳ
1145 5002 1197 5051 etc.
1217 4997 1264 5067 qui
1282 5013 1377 5052 omues
1391 4994 1521 5053 ecclesiae
1534 4992 1646 5048 titulum
1662 4996 1716 5050 sibi
1731 4994 1909 5065 arrogabant,
1928 4996 1977 5050 sed

287 5079 469 5151 πρωιοτόκων
486 5081 517 5136 ἐν
536 5079 668 5150 οὐρανοῖς
685 5079 956 5153 ἀπογεγραμμένων,
974 5081 1015 5133 ad
1034 5081 1118 5133 ecclc·
1145 5100 1240 5138 revera
1257 5084 1410 5138 catholicae
1430 5078 1561 5139 ecclesiae
1580 5082 1703 5136 membra
1720 5098 1776 5136 non
1794 5088 1888 5150 erant,
1912 5083 1978 5153 quia

286 5169 358 5221 siam
373 5167 639 5237 primogenitorum,
657 5168 706 5237 qai
725 5168 878 5238 conscripti
897 5174 961 5221 ssent
977 5167 1008 5220 in
1025 5166 1118 5234 coelis,
1144 5169 1283 5226 Christum
1317 5169 1450 5224 ecclesiae
1474 5163 1625 5221 catholicae
1652 5175 1737 5238 caput
1767 5173 1795 5223 et
1826 5168 1978 5241 discipulos

288 5262 313 5305 nt
330 5253 599 5323 spiritosjnstosam
610 5256 812 5324 perfectoram.
844 5252 988 5319 Quomodo
1001 5252 1118 5323 denique
1145 5256 1246 5312 Christi
1269 5254 1422 5310 catholicas
1441 5249 1571 5307 ecclesiae
1590 5254 1713 5309 membra
1731 5257 1978 5327 persequebantur.

288 5338 415 5393 convenit
435 5339 552 5395 articulo
570 5338 689 5410 symboli
706 5340 858 5410 apostolici,
882 5342 975 5396 diedo
991 5346 1118 5394 sanctam
1146 5336 1796 5410 Conservabaturantemscclesiainpaueisillis,
1807 5341 1978 5409 inSimeone,

288 5422 454 5479 catholicam
492 5426 648 5490 metatam,
684 5425 900 5482 communionem
936 5429 1118 5482 martorum!
1145 5427 1283 5496 Zacharia,
1295 5421 1467 5492 summus,
1479 5420 1979 5501 Amssu.quiuthominssquidsm
