4004 6022
816 329 869 385 DE
885 328 1076 389 ECCLESIA
1443 322 1446 327 ’
1727 349 1787 407 58⁷

94 478 265 534 mentionem
281 477 397 550 iaciunt,
417 483 555 552 quomodo
567 481 654 555 igitur
665 483 805 555 postulare
817 486 930 555 audent,
960 487 1072 543 minime
1097 492 1219 560 offensus
1238 493 1369 551 Insthero.
1408 494 1463 556 Qui
1480 495 1631 550 Laterum
1650 496 1791 565 impetant,

94 570 127 619 ut
152 563 360 622 testificationes
378 567 598 625 adversariorum
615 570 822 640 producamus?
859 578 884 629 3.
902 573 932 629 Si
960 591 994 628 ea
1013 575 1157 645 inducant,
1174 594 1231 647 qua
1250 580 1346 635 nullae
1365 582 1527 650 aurerpiae
1537 585 1643 648 serrant.
1664 583 1792 636 Mundus

92 650 138 705 vel
171 651 289 706 manino
319 652 485 708 adversariis
512 673 568 710 non
595 655 727 727 probetur
753 657 878 713 doctrina
904 666 933 714 et
959 660 1018 714 citit
1041 663 1187 716 ueritatem
1212 667 1402 736 ecanpelicam
1426 675 1451 720 et
1469 667 1562 730 fatali
1577 669 1700 736 madum
1719 669 1790 722 deai-

91 737 152 791 vita
176 742 285 807 nostra,
314 739 419 795 sufficit
437 742 525 812 nobis,
549 760 611 798 eam
632 743 745 814 probari
765 745 834 799 Deo.
867 745 931 801 loh.
959 745 1040 800 derio
1054 748 1164 802 videtur
1183 749 1235 804 huc
1250 752 1339 820 ferri,
1357 754 1431 805 unde
1449 752 1526 815 forte
1544 754 1617 807 adeo
1635 771 1691 806 non
1709 771 1790 823 opor·

92 829 117 891 5,
135 842 161 879 v.
181 830 221 880 st.
252 825 331 880 Rom.
352 832 376 892 2,
395 845 420 884 v.
439 833 481 884 29.
509 828 726 898 2.Cor.1o‚v.
749 836 787 886 18.
827 837 849 886 4.
869 831 931 886 Fal·
958 838 995 883 tet
1026 832 1122 887 odiose
1148 835 1291 891 rectumst*
1337 836 1503 894 Wilhelms
1535 836 1672 893 Bavariae
1695 839 1750 892 dur
1773 855 1791 893 a

91 927 154 963 sum
181 916 236 978 est,
260 911 351 966 nullos
378 932 412 969 ex
438 913 603 969 adversariis
628 922 751 971 nostram
777 917 930 972 doctrinam
956 917 1074 973 lectione
1097 918 1170 973 illius
1193 919 1380 991 confessionis,
1393 922 1506 978 domum
1525 923 1635 978 rediens
1655 923 1683 976 iu
1701 923 1790 979 divar·

91 995 137 1050 vel
162 995 248 1050 vitam
270 997 447 1067 approbasse.
485 999 568 1056 nunt
588 1001 661 1054 enim
677 1003 737 1072 jam
758 1020 831 1059 nunc
851 1019 929 1072 prae·
957 1003 1059 1057 serium
1087 1004 1244 1059 iohannem
1268 1006 1384 1062 Eccium
1413 1007 1456 1062 his
1483 1007 1576 1063 verbis
1600 1008 1790 1078 compellavit:

91 1089 231 1137 tereamus
256 1081 433 1138 Celsinianos
450 1084 508 1156 (qui
526 1086 554 1139 in
572 1087 704 1142 admouit.
724 1087 760 1142 de
777 1087 848 1142 libro
866 1104 930 1142 con·
957 1089 1135 1159 Lonpcalia
1153 1099 1178 1144 et
1195 1094 1286 1160 inopis
1307 1093 1451 1147 horrenda
1469 1096 1504 1148 de
1525 1095 1656 1148 doctrina
1673 1095 1792 1148 Lateri

92 1167 169 1224 cord.
193 1167 337 1224 Neostadii
359 1174 434 1226 eund
452 1177 526 1229 1581.
555 1171 690 1243 impressa
721 1192 748 1244 p.
770 1179 831 1230 198:
868 1175 930 1228 Nec
956 1174 1027 1227 milri
1049 1184 1169 1230 namato
1194 1185 1259 1230 sunt
1281 1178 1427 1247 hactenus,
1452 1196 1536 1248 ostona
1560 1180 1619 1247 epse
1638 1180 1723 1233 hodie
1740 1198 1789 1233 au·

92 1263 300 1309 controvercum
318 1265 366 1322 est,
386 1275 435 1312 neo
455 1248 696 1314 mecludutus
715 1261 758 1314 uel
774 1261 929 1328 piiomnes
957 1261 1023 1315 diui.
1062 1262 1101 1313 El
1122 1270 1152 1316 tu
1178 1263 1289 1331 quidem
1306 1265 1492 1333 praeclaram
1508 1264 1578 1318 mihi
1593 1282 1670 1333 spem
1683 1266 1790 1332 sociati,

90 1349 119 1393 et
135 1344 293 1410 prudentes
312 1344 487 1415 ddfitentur,
517 1355 648 1400 ornatum
666 1349 756 1411 fuisse
776 1347 929 1400 Lntherum
952 1363 1037 1415 pocae
1056 1347 1138 1400 ellam
1157 1350 1314 1402 doctrinam
1328 1349 1419 1413 facile
1433 1350 1564 1414 refutari.
1582 1351 1713 1420 Adquae
1726 1365 1789 1404 cum

93 1443 112 1478 a
139 1428 203 1480 Deo
221 1427 318 1481 multia
338 1430 534 1485 excellentibus
555 1433 638 1485 donia
655 1440 682 1485 et
700 1431 864 1496 uirtutibus,
887 1434 929 1485 in·
956 1431 1056 1486 Eccius
1083 1434 1277 1503 responderet,
1300 1443 1417 1504 patrum
1437 1437 1550 1505 quidem
1567 1435 1682 1505 emptis
1692 1443 1789 1505 prote·

92 1511 191 1580 penio,
208 1513 269 1566 lnce
287 1515 434 1569 doctrinae
453 1516 593 1581 coelestio,
612 1517 783 1586 eruditione,
801 1518 929 1586 eloquen-
956 1519 1090 1572 stantiam
1107 1520 1268 1574 doctrinam
1286 1521 1413 1590 refutari
1426 1537 1526 1591 posce,
1544 1519 1656 1575 minime
1672 1538 1738 1575 uero
1757 1537 1789 1575 en

92 1597 145 1656 tia,
159 1601 316 1666 prudentia
335 1608 361 1654 et
374 1602 524 1671 capientia,
542 1603 600 1656 celo
615 1594 724 1672 ploriae
739 1603 805 1667 Dei,
823 1601 929 1671 manni·
959 1604 1110 1674 Scriptura
1125 1622 1226 1674 rama,
1244 1605 1364 1677 subjecit
1380 1604 1558 1662 Wilhelmus:
1591 1609 1680 1677 Erpa,
1701 1624 1788 1676 maan·

92 1684 193 1737 tudine
211 1686 300 1739 animi
318 1689 455 1742 adversae
474 1707 566 1743 ornnes
584 1688 703 1758 impetur
721 1689 837 1756 inuicta,
857 1689 928 1742 dioi-
956 1697 1012 1743 tum
1036 1690 1140 1759 audio,
1168 1691 1326 1744 [adierani
1348 1693 1441 1746 aedem
1465 1700 1491 1746 et
1509 1692 1701 1759 fundamenta
1721 1699 1851 1748 meacm·
1869 1696 1912 1740 Μ

92 1771 224 1840 nilusque
241 1772 397 1836 sarmatum
413 1782 438 1827 et
451 1775 598 1827 excitatum
611 1777 652 1828 ad
663 1775 810 1829 ecclesiam
824 1774 932 1829 Clriati
957 1776 1104 1829 doetrinae
1122 1775 1224 1830 halent
1241 1776 1271 1830 in
1287 1775 1445 1847 Scripturs'e
1463 1778 1562 1846 sooria
1578 1796 1628 1832 noa
1638 1795 1705 1834 nero
1716 1781 1790 1834 Pon·

92 1855 138 1908 liis
163 1859 313 1925 postremia
341 1861 512 1928 temporibus
535 1879 553 1913 a
577 1861 728 1928 tyrannide
755 1879 786 1913 nc
810 1860 930 1913 terrehrie
956 1861 1037 1926 titicii
1061 1870 1140 1915 entra
1163 1879 1225 1926 eas,
1253 1869 1337 1933 atque
1363 1881 1460 1919 aversa
1487 1864 1524 1920 ab
1549 1863 1596 1918 illo
1619 1865 1691 1921 facie
1713 1865 1790 1922 abiit.

93 1941 262 1996 Antichristi
282 1944 457 1999 horribiliter
480 1963 644 2015 oppressam
670 1946 700 1997 in
724 1946 881 2000 libertatem
905 1952 935 1999 et
957 1947 1038 2001 Alius
1068 1945 1182 2018 quidem
1210 1947 1304 2018 magni
1330 1948 1448 2003 nominis
1477 1956 1506 2005 et
1529 1949 1702 2006 auctoritatis
1723 1955 1791 2005 tunc

94 2026 185 2080 lucem
213 2030 353 2097 eoanpelii
376 2031 583 2084 vendicandam
609 2039 634 2084 et
653 2032 853 2084 destruendam
873 2047 931 2083 ma·
960 2031 1062 2087 dixisse
1087 2031 1188 2087 fertur:
1226 2034 1348 2102 Eprepie
1372 2052 1440 2088 sanc
1468 2038 1596 2090 doctores
1625 2037 1715 2090 nostri
1739 2052 1791 2090 noa

93 2131 181 2181 anam
198 2124 310 2185 partem
328 2117 411 2186 repni
428 2117 661 2186 Antichristiani,
687 2117 791 2170 multae
809 2133 856 2170 res
874 2134 932 2169 ma·
958 2119 1122 2181 defendunt.
1165 2117 1304 2173 Fateatur
1332 2121 1457 2190 ipdmet,
1482 2130 1608 2176 nostram
1627 2123 1792 2191 relipionem

93 2202 187 2254 nimae
214 2203 420 2257 ecclesiacticae
438 2212 463 2257 ct
479 2205 614 2275 politicae
635 2205 725 2273 opalus
746 2204 864 2257 consilio
883 2221 932 2273 pn·
959 2210 983 2256 ct
1008 2220 1057 2270 ea,
1081 2223 1137 2274 pro
1163 2205 1261 2274 quibua
1284 2223 1335 2258 noc
1360 2214 1493 2274 tanquam
1512 2225 1570 2277 pro
1593 2208 1652 2260 aris
1673 2215 1698 2260 et
1710 2208 1791 2277 sacis

95 2287 229 2341 ber-natae
256 2298 282 2342 et
308 2298 402 2354 pratae
420 2291 558 2359 feliciter,
583 2299 607 2343 et
628 2290 807 2343 hauddubie
826 2291 932 2344 ardore
954 2307 1084 2357 pupnare
1109 2290 1217 2358 colunt,
1240 2307 1294 2344 non
1316 2291 1564 2358 necfundatain
1582 2293 1790 2349 recolueris.

92 2375 167 2435 fidei
191 2383 216 2428 et
240 2393 357 2446 precum
384 2379 473 2447 ipsine
500 2397 604 2448 mapna
631 2396 663 2431 ec
685 2386 769 2446 parte
790 2394 932 2430 macerans
959 2375 1115 2446 Episcopus
1132 2375 1314 2447 Augustanus
1332 2375 1547 2448 christophorus
1565 2377 1677 2433 Stadios
1694 2378 1789 2434 sivea

87 2461 228 2529 prosperi
249 2468 276 2514 et
290 2478 362 2530 par,
388 2465 455 2516 dum
481 2465 562 2526 erait,
588 2482 606 2515 a
628 2465 691 2516 Dea
710 2465 861 2532 impetrata
884 2470 932 2525 est,
958 2459 1037 2515 Staio
1056 2461 1085 2515 in
1103 2462 1217 2532 privatis
1235 2461 1379 2534 colloquiis
1397 2463 1468 2518 hauc
1489 2480 1584 2518 vocem
1601 2465 1700 2518 edidit:
1719 2465 1788 2534 Illa,

91 2562 167 2614 arrae
185 2547 279 2600 atatim
294 2556 359 2617 poet
378 2549 439 2616 ejas
452 2558 567 2602 mortem
586 2549 807 2618 turbaricaepit,
825 2550 929 2602 mundo
959 2564 1030 2615 quae
1054 2549 1174 2602 recitata
1198 2556 1277 2615 eunt,
1309 2565 1377 2602 oera
1399 2558 1476 2617 eant,
1502 2559 1566 2603 sunt
1582 2568 1662 2619 pura
1679 2552 1791 2617 ueritas,

91 2649 202 2700 poenas
227 2633 443 2703 inpratitudinie
466 2637 566 2690 luente.
614 2636 693 2688 Haec
717 2636 777 2688 Dei
798 2635 930 2701 beneficia
957 2651 1012 2687 non
1034 2649 1185 2703 possumus
1205 2633 1336 2696 inficiari.
1373 2634 1452 2689 Idem
1468 2634 1629 2690 Pontificios
1651 2635 1790 2706 principes

92 2719 204 2784 inprati
232 2728 257 2772 et
286 2721 368 2789 impii
399 2722 499 2785 amun,
540 2722 567 2775 ei
600 2739 655 2775 non
688 2737 874 2790 opnoecamae
905 2729 931 2773 et
958 2725 986 2772 ct
1013 2718 1157 2789 episcopos
1183 2719 1303 2784 monuit,
1336 2726 1367 2773 at
1386 2721 1437 2789 pie
1461 2729 1487 2774 et
1504 2723 1661 2792 prudenter
1687 2723 1716 2774 in
1738 2721 1791 2773 lac

92 2803 316 2861 celebremur.itit
355 2806 560 2862 Maximiliauus
591 2807 612 2861 1.
647 2806 676 2860 in
707 2806 824 2861 comitiis
850 2807 930 2862 Wor-
957 2822 1045 2858 cauea
1063 2812 1186 2873 acerem,
1204 2806 1431 2876 quandoqm'dem
1449 2807 1605 2862 Lutbamd
1621 2807 1693 2861 nihil
1712 2808 1791 2862 doce-

93 2889 225 2944 macieus.
256 2906 329 2945 anno
364 2897 435 2947 1518.
467 2893 503 2946 ad
535 2891 746 2963 Degeuhartum
779 2891 929 2962 Pfeffinge·
958 2898 1034 2958 rent,
1058 2892 1136 2961 quod
1151 2909 1206 2945 non
1228 2910 1290 2945 oum
1308 2893 1438 2947 articulis
1456 2894 1526 2958 fidei
1541 2901 1713 2963 oonpruerut.
1750 2893 1792 2947 Ex

92 2993 158 3030 rum
178 2976 304 3031 electoris
324 2975 452 3033 Saxonici
470 2976 656 3032 consiliarium
675 2979 753 3046 dixit,
770 2979 929 3047 sipnifieato
957 2975 1144 3030 cardinalibus
1169 2976 1252 3031 etiam
1277 2977 1411 3048 quosdam
1435 2983 1503 3032 tunc
1527 2977 1680 3034 affirmasse
1698 2978 1791 3050 prodi·

93 3062 220 3128 electori,
239 3071 270 3115 ut
289 3065 453 3117 monachum
472 3064 555 3118 illurn
574 3064 654 3117 nobie
672 3064 823 3130 dilipenter
842 3073 930 3117 mesto-
957 3066 1016 3115 tum
1030 3062 1097 3135 tuit,
1111 3071 1136 3116 et
1153 3080 1267 3115 caenam
1279 3063 1497 3132 protestantium
1508 3062 1628 3131 jartam,
1645 3072 1670 3118 et
1687 3064 1791 3118 doctri·

93 3149 174 3215 diat,
202 3148 280 3200 breed
311 3149 381 3202 enim
413 3166 499 3218 opera
529 3151 590 3218 ejus
607 3151 742 3202 udmari
775 3147 930 3219 Episcopus
957 3165 1022 3199 narn
1046 3164 1140 3200 eorum
1163 3156 1268 3201 rectam
1294 3164 1362 3203 ecee.
1403 3149 1504 3202 Verum
1521 3148 1685 3218 hujucmodi
1700 3157 1791 3204 mata·

93 3233 297 3288 wintoniensis
317 3235 399 3289 morti
413 3237 473 3306 jam
492 3237 600 3290 vicinus
619 3237 653 3291 de
666 3234 866 3307 justificatione
881 3251 932 3305 per
959 3232 1060 3285 tionem
1079 3232 1223 3286 doctrinae
1239 3241 1265 3286 et
1283 3233 1387 3286 rituum
1409 3252 1466 3288 non
1488 3243 1545 3289 tam
1569 3253 1727 3304 paucorum
1744 3254 1790 3290 ar·

94 3320 186 3375 solum
207 3317 308 3374 Christi
327 3323 490 3392 sauguinem
509 3322 659 3376 obtinenda
680 3321 716 3376 ab
735 3320 931 3392 alioepiscopo
958 3318 1041 3371 bitrio
1049 3341 1063 3386 ,·
1089 3320 1142 3372 red
1169 3319 1298 3389 plurium
1322 3321 1440 3375 coneilio
1466 3329 1492 3375 et
1517 3323 1679 3392 adjumento
1695 3322 1792 3390 sumre

95 3406 263 3473 admonitus,
278 3407 470 3475 periendoeum
488 3425 546 3460 erae
564 3407 707 3479 respondit
730 3407 838 3476 populo
857 3407 930 3460 lianc
958 3405 1177 3474 morpiendam.
1221 3404 1295 3461 Vide
1320 3405 1463 3462 historiam
1487 3407 1596 3463 illorum
1618 3408 1791 3464 comitiorum

95 3492 200 3543 rimam
224 3492 349 3560 aperire,
376 3493 433 3545 oili
457 3501 548 3545 tamen
573 3494 671 3561 suique
690 3492 829 3545 similione
848 3491 877 3543 in
894 3491 932 3543 si·
957 3496 1023 3546 tom.
1049 3497 1073 3547 5.
1099 3491 1161 3547 den.
1188 3490 1283 3548 Germ.
1309 3499 1337 3548 et
1363 3493 1391 3546 in
1414 3492 1537 3550 oratione
1557 3494 1653 3550 Rosini
1679 3495 1792 3550 devita

95 3577 161 3630 mut
188 3594 255 3631 casu
281 3578 437 3632 comtitotic
462 3580 533 3631 iano
554 3578 715 3633 doctrinam
735 3586 792 3632 tato
810 3579 931 3644 monife-
956 3575 1091 3632 lobannis
1110 3577 1268 3633 Constantis
1285 3578 1421 3634 saxoniae
1433 3580 1567 3635 electoris.
1596 3580 1791 3636 Perdinandua

94 3664 169 3716 stari
193 3680 228 3716 ac
254 3665 348 3734 detepi
371 3681 464 3733 posce.
504 3664 597 3719 Foxus
622 3662 652 3716 in
673 3669 786 3734 martyr.
808 3683 835 3734 p.
857 3668 929 3719 1788.
956 3662 1106 3733 imperator
1132 3664 1168 3717 ad
1195 3663 1373 3719 Mattheaium
1398 3665 1520 3736 Pragam
1546 3671 1689 3722 evocatum
1707 3666 1790 3722 dixit:

95 3749 130 3803 ln
157 3747 274 3803 comitiis
306 3749 479 3821 Augustanis
509 3749 669 3805 fatebantur
701 3749 868 3815 adversarii,
898 3766 931 3801 ca
957 3749 1034 3801 Redi
1056 3751 1169 3803 domurn
1188 3759 1215 3803 et
1231 3757 1294 3803 tuos
1312 3753 1396 3815 dccc,
1419 3759 1449 3803 ut
1466 3753 1598 3806 hactenus
1614 3753 1724 3821 rodni,
1749 3771 1790 3807 ee·

97 3835 257 3903 Scripturia
286 3835 378 3887 raaia
407 3836 611 3903 confessionem
642 3852 660 3890 a
690 3834 791 3889 nostris
821 3834 932 3890 Caesari
956 3836 1077 3887 cundum
1102 3837 1304 3901 consessionem
1330 3839 1534 3905 Anouatonam.
1570 3838 1607 3894 Et
1623 3839 1707 3909 paulo
1726 3844 1791 3894 aute

94 3918 218 3975 oblatam
242 3938 298 3973 non
320 3921 569 3989 perterrefactum,
603 3920 663 3988 ipse
692 3936 803 3991 quoque
828 3919 931 3975 Caesar
957 3919 1062 3974 obitum
1080 3937 1153 3975 anno
1176 3927 1249 3977 1564.
1271 3922 1355 3977 dixit:
1390 3923 1425 3978 Si
1440 3924 1570 3978 Romana
1588 3926 1706 3979 ecclesia
1723 3925 1792 3978 mebi

96 4005 212 4060 Carolus
232 4005 329 4060 audita
347 4004 527 4061 confessionis
545 4004 731 4076 praelectione
751 4005 852 4059 dixisse
865 4004 931 4059 scri·
958 4008 1116 4060 deserenda
1138 4008 1187 4076 sit,
1213 4010 1357 4072 conferam
1379 4025 1421 4062 me
1445 4010 1695 4077 adlrdlreranor,
1722 4026 1792 4078 quoa

96 4091 187 4155 bitur,
214 4099 312 4160 optare
333 4107 375 4160 ee,
394 4101 424 4145 ut
440 4109 495 4160 per
513 4098 600 4146 totum
618 4092 712 4145 orbem
730 4093 771 4145 ita
790 4094 931 4146 doceatur.
957 4091 1040 4144 uideo
1065 4093 1187 4146 rdinere
1209 4094 1322 4146 ceroma
1346 4095 1406 4147 Dei
1426 4101 1452 4147 et
1473 4102 1548 4148 recte
1571 4095 1675 4148 sentire
1693 4097 1728 4148 de
1746 4113 1791 4148 aa·

95 4174 243 4230 ”Prodiit
261 4192 334 4232 anno
359 4182 433 4233 1597.
453 4175 631 4231 Constantius
649 4175 760 4231 libellus
778 4175 930 4231 catholicus
959 4179 1123 4241 oramentis,
1151 4186 1176 4231 ot
1195 4197 1250 4232 non
1270 4180 1372 4232 labere
1389 4180 1491 4233 dubias
1511 4180 1667 4248 opiniones,
1694 4182 1791 4248 quales

95 4261 177 4316 annis
199 4267 229 4317 31
256 4269 322 4317 ante
348 4279 459 4334 quoque
488 4279 617 4327 excusus,
647 4280 730 4333 super
757 4278 837 4333 quem
867 4261 930 4317 doh.
958 4263 1058 4316 halent
1081 4271 1173 4317 rectae
1197 4265 1430 4332 Anabaptioticae
1452 4272 1478 4318 et
1498 4263 1710 4328 Galoinisticae,
1740 4268 1792 4319 ned

95 4347 275 4402 Hoffmeister
302 4348 454 4403 catholicus
479 4366 624 4404 censuram
648 4348 788 4419 quandam
813 4347 931 4417 scripsit,
957 4349 1079 4402 collatos
1097 4365 1153 4401 eece
1174 4350 1339 4403 testimoniis
1358 4350 1537 4418 Scripturae,
1557 4366 1630 4418 quae
1647 4351 1733 4403 unico
1751 4359 1791 4405 est

94 4434 124 4487 in
143 4450 200 4504 qua
219 4435 331 4499 asserit,
355 4436 560 4503 consessionem
579 4452 629 4488 eeu
647 4434 812 4504 religionem
831 4433 929 4487 Lutle·
957 4437 1034 4488 ratio
1053 4443 1080 4487 et
1099 4436 1146 4486 via
1163 4435 1310 4489 uictoriam
1328 4453 1423 4489 coram
1443 4438 1507 4489 Deo
1526 4444 1552 4488 et
1570 4435 1726 4489 hominibus
1746 4437 1790 4490 ab

95 4538 198 4574 ranam
221 4540 276 4575 non
301 4538 360 4576 esec
385 4539 418 4576 en
443 4522 520 4576 omni
536 4529 623 4592 parte
643 4522 847 4583 damnandam,
879 4521 931 4572 sed
958 4521 1074 4575 sinendi.
1121 4519 1202 4574 Hane
1228 4537 1324 4575 vocem
1349 4537 1383 4575 ex
1407 4536 1455 4574 ore
1480 4519 1650 4575 Ferdiuandi
1674 4521 1790 4591 audivit,

94 4608 302 4674 prodammodo
324 4623 409 4678 porse
431 4609 554 4678 probari
580 4616 606 4661 et
633 4606 785 4676 acceptari.
833 4604 929 4658 wolff.
957 4612 1065 4660 etcum
1084 4605 1146 4658 aliis
1163 4605 1218 4675 piis
1236 4609 1265 4659 et
1276 4604 1448 4676 sapientibus
1460 4606 1633 4661 sermonibus
1646 4604 1790 4662 annotavit

94 4695 167 4746 cent.
190 4698 227 4747 16.
251 4711 278 4764 p.
299 4698 358 4750 980.
395 4695 532 4765 Casperus
552 4693 728 4749 Northauseu
747 4688 863 4762 insignis
880 4706 928 4760 pa·
956 4691 991 4745 D.
1016 4690 1080 4746 Joh.
1106 4690 1237 4746 Naevius.
1281 4691 1487 4747 Maximilianus
1507 4692 1545 4746 ad
1563 4692 1722 4765 Augustum
1741 4693 1788 4748 Sa·

83 4777 169 4847 pista
192 4776 286 4833 Calon.
317 4778 437 4850 Agripp.
457 4779 558 4835 librum
583 4778 671 4833 edidit
695 4777 747 4831 sub
775 4775 855 4831 titulo
883 4777 929 4828 De
956 4775 1053 4831 xoniac
1077 4776 1223 4831 electorem
1245 4775 1328 4831 dixit:
1370 4778 1475 4831 linter
1492 4785 1556 4831 tuae
1574 4795 1625 4848 epo
1642 4795 1703 4831 aum
1719 4778 1789 4842 fidei

93 4863 320 4917 Lutleranorum
340 4882 401 4918 crim
420 4865 550 4935 Papietis
570 4865 739 4932 concordia,
765 4863 795 4917 in
813 4879 868 4933 quo
886 4862 928 4916 di·
956 4870 982 4915 et
1007 4863 1168 4927 doetrinae,
1187 4864 1240 4915 sed
1261 4879 1313 4932 ape
1337 4879 1454 4932 paneam
1475 4863 1549 4916 ciam
1567 4865 1682 4918 ostende
1704 4863 1785 4916 ectri·

92 4948 146 5017 cit,
185 4950 359 5004 Lutlreranoe
381 4969 400 5004 a
419 4951 579 5014 Pontificiio
597 4949 737 5003 dt'aridere
755 4950 785 5001 in
807 4952 842 5001 21
860 4949 929 5001 arti·
956 4949 1044 5001 candi
1064 4965 1107 5002 me
1133 4964 1165 5000 ea
1186 4948 1368 5017 labyrinthis,
1397 4949 1496 5017 quidue
1520 4948 1659 5003 incolatur
1678 4949 1789 5004 haereo.

92 5033 166 5087 entia
184 5042 210 5087 et
225 5035 340 5089 allorum
358 5036 470 5106 quidem
489 5039 525 5089 13
550 5051 607 5088 esre
627 5034 802 5101 eoanoelicoa
821 5041 846 5086 et
861 5050 928 5102 apo·
956 5034 1026 5088 Cum
1038 5033 1218 5090 Scineccerus
1228 5035 1310 5104 jussu
1322 5034 1448 5089 electoris
1460 5033 1572 5090 offerret
1586 5033 1613 5089 ei
1626 5033 1789 5105 psalterium

92 5116 222 5187 rmlicoa,
244 5137 305 5175 oum
322 5121 441 5190 reliana
459 5138 524 5176 cero
545 5122 585 5174 ito
603 5127 810 5188 comparatum,
832 5127 861 5172 nt
881 5122 927 5184 fa·
955 5136 1044 5184 snum,
1064 5119 1153 5173 audiit
1169 5120 1248 5174 illum
1267 5120 1479 5176 clementissime
1498 5127 1526 5176 et
1542 5126 1689 5190 praesento
1708 5121 1789 5178 Zasio

92 5206 148 5258 cde
182 5206 262 5259 uniri
290 5208 402 5276 poarint
433 5215 516 5276 atque
548 5205 715 5260 coadunari.
758 5204 867 5258 Erasmi
893 5204 929 5258 de
956 5204 1181 5260 vicecancellario
1214 5205 1287 5261 inter
1320 5210 1414 5260 cetera
1446 5205 1528 5260 dixit:
1569 5206 1653 5268 Quod
1676 5225 1789 5262 moneor

93 5288 219 5345 Luthero
235 5291 372 5360 judicium
392 5297 458 5348 tom.
478 5297 501 5347 2.
520 5292 583 5348 len.
605 5292 668 5346 Lat.
685 5289 704 5345 f.
725 5295 783 5345 331.
802 5306 832 5343 a:
860 5293 928 5343 Per·
956 5292 991 5343 de
1022 5291 1214 5358 Conotantini,
1245 5291 1399 5346 Theodosii
1425 5299 1450 5344 et
1481 5293 1627 5345 Marciani
1655 5294 1789 5364 cremplia

92 5391 188 5440 conae,
205 5392 261 5444 per
279 5393 351 5446 quaa
369 5394 416 5432 ree
429 5378 532 5447 apitur,
547 5385 701 5447 cnepectm.
728 5376 795 5430 (hcm
808 5376 929 5445 optimus
955 5376 1116 5441 imitandis,
1137 5394 1259 5446 amasco
1278 5377 1419 5446 pietatem,
1436 5379 1487 5430 aed
1500 5377 1563 5446 quia
1582 5394 1634 5447 epo
1652 5392 1723 5447 eum,
1739 5386 1789 5431 aut

81 5463 211 5532 -orsieqae
234 5470 260 5515 et
282 5463 460 5532 madiam
483 5464 631 5519 doctrinae
650 5462 798 5533 prodimur
815 5462 929 5517 dicatm
956 5462 1073 5532 quidet
1090 5463 1369 5531 quamamponnmt
1386 5463 1721 5531 Oratepromernisero‚
1739 5463 1789 5531 qui
