<?xml version="1.0" encoding="UTF-8"?>
<!DOCTYPE html PUBLIC "-//W3C//DTD XHTML 1.0 Transitional//EN"
    "http://www.w3.org/TR/xhtml1/DTD/xhtml1-transitional.dtd">
<html xmlns="http://www.w3.org/1999/xhtml" xml:lang="en" lang="en">
 <head>
  <title>
</title>
<meta http-equiv="Content-Type" content="text/html;charset=utf-8" />
  <meta name='ocr-system' content='tesseract 3.04.00' />
  <meta name='ocr-capabilities' content='ocr_page ocr_carea ocr_par ocr_line ocrx_word'/>
</head>
<body>
  <div class='ocr_page' id='page_1' title='image "./locitheologicit03gerhgoog_0611.png"; bbox 0 0 4004 6022; ppageno 0'>
   <div class='ocr_carea' id='block_1_1' title="bbox 196 252 1324 327">
    <p class='ocr_par' dir='ltr' id='par_1_1' title="bbox 196 252 1324 327">
     <span class='ocr_line' id='line_1_1' title="bbox 196 252 1324 327; baseline -0.013 -1"><span class='ocrx_word' id='word_1_1' title='bbox 196 269 257 327; x_wconf 78' lang='lat' dir='ltr'><strong><em>tet</em></strong></span> <span class='ocrx_word' id='word_1_2' title='bbox 761 254 885 313; x_wconf 81' lang='lat' dir='ltr'><strong><em>Locus</em></strong></span> <span class='ocrx_word' id='word_1_3' title='bbox 903 253 1106 313; x_wconf 73' lang='lat' dir='ltr'><strong><em>wcusussts</em></strong></span> <span class='ocrx_word' id='word_1_4' title='bbox 1125 252 1324 315; x_wconf 80' lang='lat' dir='ltr'>SECUNDUS</span> 
     </span>
    </p>
   </div>
   <div class='ocr_carea' id='block_1_2' title="bbox 194 403 1892 994">
    <p class='ocr_par' dir='ltr' id='par_1_2' title="bbox 194 403 1892 994">
     <span class='ocr_line' id='line_1_2' title="bbox 194 403 1892 482; baseline -0.006 -13"><span class='ocrx_word' id='word_1_5' title='bbox 194 412 460 477; x_wconf 82' lang='lat' dir='ltr'><strong><em>Constantisnsium,</em></strong></span> <span class='ocrx_word' id='word_1_6' title='bbox 493 410 640 467; x_wconf 84' lang='lat' dir='ltr'><strong><em>Sleidanus</em></strong></span> <span class='ocrx_word' id='word_1_7' title='bbox 663 411 712 467; x_wconf 93' lang='lat' dir='ltr'><strong><em>lib.</em></strong></span> <span class='ocrx_word' id='word_1_8' title='bbox 734 417 774 466; x_wconf 80' lang='lat' dir='ltr'><strong><em>tt.</em></strong></span> <span class='ocrx_word' id='word_1_9' title='bbox 795 417 940 466; x_wconf 78' lang='lat' dir='ltr'><strong>comment.</strong></span> <span class='ocrx_word' id='word_1_10' title='bbox 964 425 1029 482; x_wconf 87' lang='lat' dir='ltr'><strong><em>pag.</em></strong></span> <span class='ocrx_word' id='word_1_11' title='bbox 1056 411 1177 466; x_wconf 77' lang='lat' dir='ltr'><strong><em>tionibus</em></strong></span> <span class='ocrx_word' id='word_1_12' title='bbox 1198 411 1273 466; x_wconf 87' lang='lat' dir='ltr'><strong><em>inter</em></strong></span> <span class='ocrx_word' id='word_1_13' title='bbox 1299 411 1373 465; x_wconf 87' lang='lat' dir='ltr'><strong><em>alios</em></strong></span> <span class='ocrx_word' id='word_1_14' title='bbox 1399 408 1470 463; x_wconf 71' lang='lat' dir='ltr'><strong><em>dms</em></strong></span> <span class='ocrx_word' id='word_1_15' title='bbox 1493 424 1672 479; x_wconf 68' lang='lat' dir='ltr'><strong><em>nequicquam</em></strong></span> <span class='ocrx_word' id='word_1_16' title='bbox 1697 407 1836 460; x_wconf 69' lang='lat' dir='ltr'><strong><em>omcuros</em></strong></span> <span class='ocrx_word' id='word_1_17' title='bbox 1856 403 1892 459; x_wconf 87' lang='lat' dir='ltr'><strong><em>le·</em></strong></span> 
     </span>
     <span class='ocr_line' id='line_1_3' title="bbox 195 492 1891 568; baseline -0.007 -11"><span class='ocrx_word' id='word_1_18' title='bbox 195 507 254 557; x_wconf 76' lang='lat'>641.</span> <span class='ocrx_word' id='word_1_19' title='bbox 281 506 310 555; x_wconf 87' lang='lat' dir='ltr'><strong><em>et</em></strong></span> <span class='ocrx_word' id='word_1_20' title='bbox 333 517 366 554; x_wconf 84' lang='lat' dir='ltr'><strong><em>ex</em></strong></span> <span class='ocrx_word' id='word_1_21' title='bbox 389 499 444 552; x_wconf 92' lang='lat' dir='ltr'><strong><em>illis</em></strong></span> <span class='ocrx_word' id='word_1_22' title='bbox 461 497 592 554; x_wconf 85' lang='lat' dir='ltr'><strong><em>Wollfius</em></strong></span> <span class='ocrx_word' id='word_1_23' title='bbox 610 504 681 556; x_wconf 88' lang='lat' dir='ltr'><strong><em>cent.</em></strong></span> <span class='ocrx_word' id='word_1_24' title='bbox 704 504 744 554; x_wconf 86' lang='grc'><strong><em>16.</em></strong></span> <span class='ocrx_word' id='word_1_25' title='bbox 765 515 830 568; x_wconf 90' lang='lat' dir='ltr'><strong><em>pag.</em></strong></span> <span class='ocrx_word' id='word_1_26' title='bbox 850 504 908 552; x_wconf 75' lang='lat' dir='ltr'><strong><em>att.</em></strong></span> <span class='ocrx_word' id='word_1_27' title='bbox 947 495 1029 550; x_wconf 79' lang='lat' dir='ltr'><strong><em>Anno</em></strong></span> <span class='ocrx_word' id='word_1_28' title='bbox 1055 507 1136 565; x_wconf 82' lang='lat' dir='ltr'><strong><em>patos</em></strong></span> <span class='ocrx_word' id='word_1_29' title='bbox 1164 516 1199 552; x_wconf 88' lang='lat' dir='ltr'><strong><em>ac</em></strong></span> <span class='ocrx_word' id='word_1_30' title='bbox 1226 498 1304 552; x_wconf 85' lang='lat' dir='ltr'><strong><em>verbi</em></strong></span> <span class='ocrx_word' id='word_1_31' title='bbox 1332 496 1537 564; x_wconf 70' lang='lat' dir='ltr'><strong><em>romanaque</em></strong></span> <span class='ocrx_word' id='word_1_32' title='bbox 1567 511 1636 548; x_wconf 91' lang='lat' dir='ltr'><strong><em>suae</em></strong></span> <span class='ocrx_word' id='word_1_33' title='bbox 1662 492 1891 563; x_wconf 69' lang='lat' dir='ltr'><strong><em>praedicatoren,</em></strong></span> 
     </span>
     <span class='ocr_line' id='line_1_4' title="bbox 195 578 1891 654; baseline -0.006 -14"><span class='ocrx_word' id='word_1_34' title='bbox 195 586 292 640; x_wconf 88' lang='lat' dir='ltr'><strong><em>eodem</em></strong></span> <span class='ocrx_word' id='word_1_35' title='bbox 314 590 386 640; x_wconf 77' lang='grc'><strong>1548.</strong></span> <span class='ocrx_word' id='word_1_36' title='bbox 407 592 517 639; x_wconf 89' lang='lat' dir='ltr'><strong><em>secutus</em></strong></span> <span class='ocrx_word' id='word_1_37' title='bbox 537 592 579 639; x_wconf 87' lang='lat' dir='ltr'><strong><em>est</em></strong></span> <span class='ocrx_word' id='word_1_38' title='bbox 601 584 738 639; x_wconf 88' lang='lat' dir='ltr'><strong><em>horribilis</em></strong></span> <span class='ocrx_word' id='word_1_39' title='bbox 756 583 907 637; x_wconf 84' lang='lat' dir='ltr'><strong><em>Francisci</em></strong></span> <span class='ocrx_word' id='word_1_40' title='bbox 927 582 1029 649; x_wconf 78' lang='lat' dir='ltr'><strong><em>Spirae</em></strong></span> <span class='ocrx_word' id='word_1_41' title='bbox 1055 601 1151 651; x_wconf 87' lang='lat' dir='ltr'><strong><em>nempe</em></strong></span> <span class='ocrx_word' id='word_1_42' title='bbox 1174 586 1360 638; x_wconf 76' lang='lat' dir='ltr'><strong><em>Franciscum</em></strong></span> <span class='ocrx_word' id='word_1_43' title='bbox 1384 583 1500 654; x_wconf 78' lang='lat' dir='ltr'><strong><em>Spiram</em></strong></span> <span class='ocrx_word' id='word_1_44' title='bbox 1524 589 1550 634; x_wconf 84' lang='lat' dir='ltr'><strong><em>et</em></strong></span> <span class='ocrx_word' id='word_1_45' title='bbox 1571 598 1628 634; x_wconf 86' lang='lat' dir='ltr'><strong><em>ree.</em></strong></span> <span class='ocrx_word' id='word_1_46' title='bbox 1653 580 1749 632; x_wconf 81' lang='lat' dir='ltr'><strong><em>uirum</em></strong></span> <span class='ocrx_word' id='word_1_47' title='bbox 1773 578 1891 643; x_wconf 81' lang='lat' dir='ltr'><strong><em>fratrem</em></strong></span> 
     </span>
     <span class='ocr_line' id='line_1_5' title="bbox 196 664 1892 741; baseline -0.005 -16"><span class='ocrx_word' id='word_1_48' title='bbox 196 671 333 733; x_wconf 87' lang='lat' dir='ltr'><strong><em>interitus,</em></strong></span> <span class='ocrx_word' id='word_1_49' title='bbox 352 687 433 739; x_wconf 88' lang='lat' dir='ltr'><strong><em>quem</em></strong></span> <span class='ocrx_word' id='word_1_50' title='bbox 453 669 599 726; x_wconf 84' lang='lat' dir='ltr'><strong><em>Sleidanus</em></strong></span> <span class='ocrx_word' id='word_1_51' title='bbox 620 686 683 741; x_wconf 88' lang='lat' dir='ltr'><strong><em>pag.</em></strong></span> <span class='ocrx_word' id='word_1_52' title='bbox 705 676 762 726; x_wconf 78' lang='grc'>649.</span> <span class='ocrx_word' id='word_1_53' title='bbox 779 669 856 722; x_wconf 87' lang='lat' dir='ltr'><strong><em>hisce</em></strong></span> <span class='ocrx_word' id='word_1_54' title='bbox 873 666 964 721; x_wconf 84' lang='lat' dir='ltr'><strong><em>verbis</em></strong></span> <span class='ocrx_word' id='word_1_55' title='bbox 982 667 1028 719; x_wconf 90' lang='lat' dir='ltr'><strong><em>de·</em></strong></span> <span class='ocrx_word' id='word_1_56' title='bbox 1055 670 1182 722; x_wconf 87' lang='lat' dir='ltr'><strong><em>Baldum</em></strong></span> <span class='ocrx_word' id='word_1_57' title='bbox 1213 672 1382 738; x_wconf 80' lang='lat' dir='ltr'><strong><em>Lupetinum</em></strong></span> <span class='ocrx_word' id='word_1_58' title='bbox 1415 670 1499 722; x_wconf 83' lang='lat' dir='ltr'><strong><em>ciuem</em></strong></span> <span class='ocrx_word' id='word_1_59' title='bbox 1529 673 1555 720; x_wconf 90' lang='lat' dir='ltr'><strong><em>et</em></strong></span> <span class='ocrx_word' id='word_1_60' title='bbox 1581 673 1732 735; x_wconf 73' lang='lat' dir='ltr'><strong><em>cognatum</em></strong></span> <span class='ocrx_word' id='word_1_61' title='bbox 1756 664 1892 718; x_wconf 68' lang='lat' dir='ltr'><strong><em>nardaus·</em></strong></span> 
     </span>
     <span class='ocr_line' id='line_1_6' title="bbox 195 751 1891 825; baseline -0.005 -15"><span class='ocrx_word' id='word_1_62' title='bbox 195 757 297 811; x_wconf 77' lang='lat' dir='ltr'>scribit.</span> <span class='ocrx_word' id='word_1_63' title='bbox 333 755 384 810; x_wconf 85' lang='lat' dir='ltr'><strong><em>Est</em></strong></span> <span class='ocrx_word' id='word_1_64' title='bbox 410 756 438 808; x_wconf 92' lang='lat' dir='ltr'><strong><em>in</em></strong></span> <span class='ocrx_word' id='word_1_65' title='bbox 465 771 531 825; x_wconf 86' lang='lat' dir='ltr'><strong><em>agro</em></strong></span> <span class='ocrx_word' id='word_1_66' title='bbox 557 756 692 810; x_wconf 84' lang='lat' dir='ltr'><strong><em>Patavina</em></strong></span> <span class='ocrx_word' id='word_1_67' title='bbox 716 755 886 811; x_wconf 81' lang='lat' dir='ltr'>Venetorum</span> <span class='ocrx_word' id='word_1_68' title='bbox 915 751 1028 806; x_wconf 90' lang='lat' dir='ltr'><strong><em>ditionis</em></strong></span> <span class='ocrx_word' id='word_1_69' title='bbox 1055 772 1107 822; x_wconf 79' lang='lat' dir='ltr'><strong><em>que</em></strong></span> <span class='ocrx_word' id='word_1_70' title='bbox 1127 765 1339 825; x_wconf 74' lang='lat' dir='ltr'><strong><em>praeceptorem</em></strong></span> <span class='ocrx_word' id='word_1_71' title='bbox 1362 771 1457 808; x_wconf 75' lang='lat' dir='ltr'><strong><em>marm</em></strong></span> <span class='ocrx_word' id='word_1_72' title='bbox 1496 753 1619 815; x_wconf 60' lang='lat' dir='ltr'><strong><em>Quum</em></strong></span> <span class='ocrx_word' id='word_1_73' title='bbox 1638 752 1729 821; x_wconf 84' lang='lat' dir='ltr'><strong><em>prior·</em></strong></span> <span class='ocrx_word' id='word_1_74' title='bbox 1747 768 1809 803; x_wconf 83' lang='lat' dir='ltr'><strong><em>casm</em></strong></span> <span class='ocrx_word' id='word_1_75' title='bbox 1826 757 1891 803; x_wconf 86' lang='lat' dir='ltr'><strong><em>essct</em></strong></span> 
     </span>
     <span class='ocr_line' id='line_1_7' title="bbox 196 836 1891 916; baseline -0.004 -21"><span class='ocrx_word' id='word_1_76' title='bbox 196 842 329 916; x_wconf 89' lang='lat' dir='ltr'><strong><em>oppidum</em></strong></span> <span class='ocrx_word' id='word_1_77' title='bbox 351 840 492 903; x_wconf 86' lang='lat' dir='ltr'><strong><em>citadella‚</em></strong></span> <span class='ocrx_word' id='word_1_78' title='bbox 518 838 564 894; x_wconf 90' lang='lat' dir='ltr'><strong><em>hic</em></strong></span> <span class='ocrx_word' id='word_1_79' title='bbox 587 847 648 895; x_wconf 85' lang='lat' dir='ltr'><strong><em>erat</em></strong></span> <span class='ocrx_word' id='word_1_80' title='bbox 672 841 739 895; x_wconf 80' lang='lat' dir='ltr'><strong><em>civis</em></strong></span> <span class='ocrx_word' id='word_1_81' title='bbox 757 841 869 911; x_wconf 87' lang='lat' dir='ltr'><strong><em>quidam</em></strong></span> <span class='ocrx_word' id='word_1_82' title='bbox 888 839 969 892; x_wconf 89' lang='lat' dir='ltr'><strong><em>homo</em></strong></span> <span class='ocrx_word' id='word_1_83' title='bbox 987 836 1027 891; x_wconf 86' lang='lat' dir='ltr'><strong><em>fo·</em></strong></span> <span class='ocrx_word' id='word_1_84' title='bbox 1056 841 1151 892; x_wconf 76' lang='lat' dir='ltr'><strong><em>clames</em></strong></span> <span class='ocrx_word' id='word_1_85' title='bbox 1175 842 1220 894; x_wconf 84' lang='lat' dir='ltr'><strong><em>eir</em></strong></span> <span class='ocrx_word' id='word_1_86' title='bbox 1241 841 1411 909; x_wconf 71' lang='lat' dir='ltr'><strong><em>celebrisque</em></strong></span> <span class='ocrx_word' id='word_1_87' title='bbox 1438 839 1613 906; x_wconf 73' lang='lat' dir='ltr'><strong><em>causidicum,</em></strong></span> <span class='ocrx_word' id='word_1_88' title='bbox 1639 845 1698 889; x_wconf 89' lang='lat' dir='ltr'><strong><em>tum</em></strong></span> <span class='ocrx_word' id='word_1_89' title='bbox 1725 844 1754 889; x_wconf 88' lang='lat' dir='ltr'><strong><em>et</em></strong></span> <span class='ocrx_word' id='word_1_90' title='bbox 1775 836 1891 903; x_wconf 74' lang='lat' dir='ltr'><strong><em>irrpmio,</em></strong></span> 
     </span>
     <span class='ocr_line' id='line_1_8' title="bbox 195 915 1891 994; baseline -0.004 -12"><span class='ocrx_word' id='word_1_91' title='bbox 195 927 283 982; x_wconf 81' lang='lat' dir='ltr'><strong><em>sensis</em></strong></span> <span class='ocrx_word' id='word_1_92' title='bbox 311 934 340 981; x_wconf 86' lang='lat' dir='ltr'><strong><em>st</em></strong></span> <span class='ocrx_word' id='word_1_93' title='bbox 363 927 520 980; x_wconf 74' lang='lat' dir='ltr'>causidicus</span> <span class='ocrx_word' id='word_1_94' title='bbox 544 927 626 981; x_wconf 81' lang='lat' dir='ltr'><strong><em>valde</em></strong></span> <span class='ocrx_word' id='word_1_95' title='bbox 651 928 832 994; x_wconf 84' lang='lat' dir='ltr'><strong><em>exercitatus,</em></strong></span> <span class='ocrx_word' id='word_1_96' title='bbox 863 925 1028 978; x_wconf 82' lang='lat' dir='ltr'><strong><em>Franciscus</em></strong></span> <span class='ocrx_word' id='word_1_97' title='bbox 1055 933 1113 978; x_wconf 85' lang='lat' dir='ltr'><strong><em>tum</em></strong></span> <span class='ocrx_word' id='word_1_98' title='bbox 1129 927 1276 994; x_wconf 68' lang='lat' dir='ltr'><strong><em>facundia,</em></strong></span> <span class='ocrx_word' id='word_1_99' title='bbox 1295 915 1353 980; x_wconf 84' lang='lat' dir='ltr'><strong><em>tum</em></strong></span> <span class='ocrx_word' id='word_1_100' title='bbox 1372 933 1398 978; x_wconf 88' lang='lat' dir='ltr'><strong><em>et</em></strong></span> <span class='ocrx_word' id='word_1_101' title='bbox 1415 924 1574 979; x_wconf 69' lang='lat' dir='ltr'><strong><em>maduere</em></strong></span> <span class='ocrx_word' id='word_1_102' title='bbox 1592 923 1696 977; x_wconf 89' lang='lat' dir='ltr'><strong><em>multos</em></strong></span> <span class='ocrx_word' id='word_1_103' title='bbox 1718 923 1797 976; x_wconf 91' lang='lat' dir='ltr'><strong><em>alios</em></strong></span> <span class='ocrx_word' id='word_1_104' title='bbox 1811 938 1891 991; x_wconf 84' lang='lat' dir='ltr'><strong><em>prae·</em></strong></span> 
     </span>
    </p>
   </div>
   <div class='ocr_carea' id='block_1_3' title="bbox 108 1009 1934 5458">
    <p class='ocr_par' dir='ltr' id='par_1_3' title="bbox 108 1009 1934 5458">
     <span class='ocr_line' id='line_1_9' title="bbox 196 1009 1892 1083; baseline -0.005 -14"><span class='ocrx_word' id='word_1_105' title='bbox 196 1013 285 1083; x_wconf 80' lang='lat' dir='ltr'><strong><em>Spita.</em></strong></span> <span class='ocrx_word' id='word_1_106' title='bbox 321 1013 349 1066; x_wconf 93' lang='lat' dir='ltr'><strong><em>Is</em></strong></span> <span class='ocrx_word' id='word_1_107' title='bbox 378 1013 534 1066; x_wconf 83' lang='lat' dir='ltr'>incredibili</span> <span class='ocrx_word' id='word_1_108' title='bbox 567 1013 686 1082; x_wconf 89' lang='lat' dir='ltr'><strong><em>quodam</em></strong></span> <span class='ocrx_word' id='word_1_109' title='bbox 714 1014 813 1068; x_wconf 86' lang='lat' dir='ltr'><strong><em>ardore</em></strong></span> <span class='ocrx_word' id='word_1_110' title='bbox 842 1011 934 1082; x_wconf 89' lang='lat' dir='ltr'><strong><em>eoepit</em></strong></span> <span class='ocrx_word' id='word_1_111' title='bbox 956 1027 1028 1064; x_wconf 90' lang='lat' dir='ltr'><strong><em>com·</em></strong></span> <span class='ocrx_word' id='word_1_112' title='bbox 1056 1019 1160 1064; x_wconf 85' lang='lat' dir='ltr'><strong><em>stantes</em></strong></span> <span class='ocrx_word' id='word_1_113' title='bbox 1182 1013 1258 1064; x_wconf 84' lang='lat' dir='ltr'><strong><em>uiros</em></strong></span> <span class='ocrx_word' id='word_1_114' title='bbox 1283 1011 1366 1080; x_wconf 83' lang='lat' dir='ltr'><strong><em>lonpe</em></strong></span> <span class='ocrx_word' id='word_1_115' title='bbox 1390 1011 1567 1064; x_wconf 71' lang='lat' dir='ltr'><strong><em>antecelleret</em></strong></span> <span class='ocrx_word' id='word_1_116' title='bbox 1590 1011 1795 1077; x_wconf 74' lang='lat' dir='ltr'><strong><em>veritatemque</em></strong></span> <span class='ocrx_word' id='word_1_117' title='bbox 1811 1009 1892 1061; x_wconf 88' lang='lat' dir='ltr'><strong><em>since·</em></strong></span> 
     </span>
     <span class='ocr_line' id='line_1_10' title="bbox 152 1096 1892 1170; baseline -0.003 -18"><span class='ocrx_word' id='word_1_118' title='bbox 152 1103 156 1107; x_wconf 86' lang='grc'><strong>’</strong></span> <span class='ocrx_word' id='word_1_119' title='bbox 196 1099 281 1170; x_wconf 88' lang='lat' dir='ltr'><strong><em>plecti</em></strong></span> <span class='ocrx_word' id='word_1_120' title='bbox 299 1099 438 1168; x_wconf 91' lang='lat' dir='ltr'><strong><em>puriorem</em></strong></span> <span class='ocrx_word' id='word_1_121' title='bbox 460 1098 611 1153; x_wconf 78' lang='lat' dir='ltr'><strong><em>docuinam</em></strong></span> <span class='ocrx_word' id='word_1_122' title='bbox 632 1106 739 1153; x_wconf 88' lang='lat' dir='ltr'><strong><em>etcum</em></strong></span> <span class='ocrx_word' id='word_1_123' title='bbox 757 1099 861 1152; x_wconf 89' lang='lat' dir='ltr'><strong><em>indies</em></strong></span> <span class='ocrx_word' id='word_1_124' title='bbox 879 1097 968 1167; x_wconf 88' lang='lat' dir='ltr'><strong><em>magis</em></strong></span> <span class='ocrx_word' id='word_1_125' title='bbox 988 1101 1029 1148; x_wconf 85' lang='lat' dir='ltr'><strong><em>at·</em></strong></span> <span class='ocrx_word' id='word_1_126' title='bbox 1055 1096 1144 1149; x_wconf 89' lang='lat' dir='ltr'><strong><em>rioris</em></strong></span> <span class='ocrx_word' id='word_1_127' title='bbox 1174 1097 1321 1166; x_wconf 80' lang='lat' dir='ltr'><strong><em>relipionis</em></strong></span> <span class='ocrx_word' id='word_1_128' title='bbox 1351 1096 1509 1164; x_wconf 84' lang='lat' dir='ltr'><strong><em>apnooisset</em></strong></span> <span class='ocrx_word' id='word_1_129' title='bbox 1537 1103 1564 1148; x_wconf 89' lang='lat' dir='ltr'><strong><em>et</em></strong></span> <span class='ocrx_word' id='word_1_130' title='bbox 1596 1096 1748 1158; x_wconf 78' lang='lat' dir='ltr'><strong><em>confeceras</em></strong></span> <span class='ocrx_word' id='word_1_131' title='bbox 1774 1101 1846 1147; x_wconf 84' lang='lat' dir='ltr'><strong><em>esset</em></strong></span> <span class='ocrx_word' id='word_1_132' title='bbox 1868 1100 1892 1146; x_wconf 83' lang='lat' dir='ltr'><strong><em>at</em></strong></span> 
     </span>
     <span class='ocr_line' id='line_1_11' title="bbox 195 1179 1892 1255; baseline -0.004 -17"><span class='ocrx_word' id='word_1_133' title='bbox 195 1202 249 1255; x_wconf 91' lang='lat' dir='ltr'><strong><em>que</em></strong></span> <span class='ocrx_word' id='word_1_134' title='bbox 269 1185 359 1255; x_wconf 88' lang='lat' dir='ltr'><strong><em>magis</em></strong></span> <span class='ocrx_word' id='word_1_135' title='bbox 377 1183 538 1255; x_wconf 87' lang='lat' dir='ltr'><strong><em>proficeret,</em></strong></span> <span class='ocrx_word' id='word_1_136' title='bbox 565 1202 620 1239; x_wconf 90' lang='lat' dir='ltr'><strong><em>nou</em></strong></span> <span class='ocrx_word' id='word_1_137' title='bbox 645 1185 719 1239; x_wconf 89' lang='lat' dir='ltr'><strong><em>domi</em></strong></span> <span class='ocrx_word' id='word_1_138' title='bbox 739 1190 847 1238; x_wconf 68' lang='lat' dir='ltr'><strong><em>mnium</em></strong></span> <span class='ocrx_word' id='word_1_139' title='bbox 868 1183 943 1253; x_wconf 85' lang='lat' dir='ltr'><strong><em>apud</em></strong></span> <span class='ocrx_word' id='word_1_140' title='bbox 963 1180 1029 1235; x_wconf 87' lang='lat' dir='ltr'><strong><em>ami·</em></strong></span> <span class='ocrx_word' id='word_1_141' title='bbox 1056 1183 1225 1235; x_wconf 77' lang='lat' dir='ltr'><strong><em>Antichristi</em></strong></span> <span class='ocrx_word' id='word_1_142' title='bbox 1250 1199 1361 1237; x_wconf 74' lang='lat' dir='ltr'><strong><em>mores</em></strong></span> <span class='ocrx_word' id='word_1_143' title='bbox 1390 1183 1549 1235; x_wconf 79' lang='lat' dir='ltr'><strong><em>damnasset</em></strong></span> <span class='ocrx_word' id='word_1_144' title='bbox 1576 1200 1611 1235; x_wconf 89' lang='lat' dir='ltr'><strong><em>ac</em></strong></span> <span class='ocrx_word' id='word_1_145' title='bbox 1638 1182 1745 1234; x_wconf 80' lang='lat' dir='ltr'><strong><em>multos</em></strong></span> <span class='ocrx_word' id='word_1_146' title='bbox 1767 1181 1806 1234; x_wconf 87' lang='lat' dir='ltr'><strong><em>de</em></strong></span> <span class='ocrx_word' id='word_1_147' title='bbox 1827 1179 1892 1232; x_wconf 67' lang='grc' dir='ltr'><strong><em>ναί·</em></strong></span> 
     </span>
     <span class='ocr_line' id='line_1_12' title="bbox 194 1266 1892 1341; baseline -0.004 -16"><span class='ocrx_word' id='word_1_148' title='bbox 194 1288 255 1338; x_wconf 90' lang='lat' dir='ltr'><strong><em>cos,</em></strong></span> <span class='ocrx_word' id='word_1_149' title='bbox 284 1271 351 1341; x_wconf 87' lang='lat' dir='ltr'><strong><em>quid</em></strong></span> <span class='ocrx_word' id='word_1_150' title='bbox 375 1271 490 1324; x_wconf 82' lang='lat' dir='ltr'><strong><em>sentiret</em></strong></span> <span class='ocrx_word' id='word_1_151' title='bbox 513 1271 549 1325; x_wconf 89' lang='lat' dir='ltr'><strong><em>de</em></strong></span> <span class='ocrx_word' id='word_1_152' title='bbox 573 1271 690 1341; x_wconf 87' lang='lat' dir='ltr'><strong><em>singulis</em></strong></span> <span class='ocrx_word' id='word_1_153' title='bbox 714 1269 906 1340; x_wconf 78' lang='lat' dir='ltr'><strong><em>dogmatibus,</em></strong></span> <span class='ocrx_word' id='word_1_154' title='bbox 932 1284 1029 1321; x_wconf 80' lang='lat' dir='ltr'><strong><em>rerum</em></strong></span> <span class='ocrx_word' id='word_1_155' title='bbox 1056 1277 1111 1320; x_wconf 88' lang='lat' dir='ltr'><strong><em>tate</em></strong></span> <span class='ocrx_word' id='word_1_156' title='bbox 1137 1269 1306 1331; x_wconf 81' lang='lat' dir='ltr'><strong><em>edocuisset,</em></strong></span> <span class='ocrx_word' id='word_1_157' title='bbox 1342 1269 1456 1339; x_wconf 78' lang='lat' dir='ltr'><strong><em>tandem</em></strong></span> <span class='ocrx_word' id='word_1_158' title='bbox 1483 1268 1547 1321; x_wconf 84' lang='lat' dir='ltr'><strong><em>istic</em></strong></span> <span class='ocrx_word' id='word_1_159' title='bbox 1575 1285 1594 1319; x_wconf 86' lang='lat' dir='ltr'><strong><em>a</em></strong></span> <span class='ocrx_word' id='word_1_160' title='bbox 1619 1266 1775 1329; x_wconf 71' lang='lat' dir='ltr'><strong><em>Pontificio</em></strong></span> <span class='ocrx_word' id='word_1_161' title='bbox 1807 1266 1892 1332; x_wconf 82' lang='lat' dir='ltr'><strong><em>lepato</em></strong></span> 
     </span>
     <span class='ocr_line' id='line_1_13' title="bbox 194 1353 1892 1426; baseline -0.003 -15"><span class='ocrx_word' id='word_1_162' title='bbox 194 1358 278 1411; x_wconf 85' lang='lat' dir='ltr'><strong><em>etiem</em></strong></span> <span class='ocrx_word' id='word_1_163' title='bbox 303 1356 406 1426; x_wconf 87' lang='lat' dir='ltr'><strong><em>passim</em></strong></span> <span class='ocrx_word' id='word_1_164' title='bbox 431 1355 506 1425; x_wconf 90' lang='lat' dir='ltr'><strong><em>apud</em></strong></span> <span class='ocrx_word' id='word_1_165' title='bbox 531 1372 625 1409; x_wconf 90' lang='lat' dir='ltr'><strong><em>omnes</em></strong></span> <span class='ocrx_word' id='word_1_166' title='bbox 644 1356 810 1426; x_wconf 74' lang='lat' dir='ltr'><strong><em>explicabat.</em></strong></span> <span class='ocrx_word' id='word_1_167' title='bbox 849 1356 891 1408; x_wconf 85' lang='lat' dir='ltr'><strong><em>Ea</em></strong></span> <span class='ocrx_word' id='word_1_168' title='bbox 908 1371 952 1409; x_wconf 90' lang='lat' dir='ltr'><strong><em>res</em></strong></span> <span class='ocrx_word' id='word_1_169' title='bbox 973 1369 1028 1407; x_wconf 90' lang='lat' dir='ltr'><strong><em>non</em></strong></span> <span class='ocrx_word' id='word_1_170' title='bbox 1055 1356 1139 1407; x_wconf 87' lang='lat' dir='ltr'><strong><em>minis</em></strong></span> <span class='ocrx_word' id='word_1_171' title='bbox 1156 1355 1344 1423; x_wconf 65' lang='lat' dir='ltr'><strong><em>uolentiaque</em></strong></span> <span class='ocrx_word' id='word_1_172' title='bbox 1361 1364 1475 1409; x_wconf 86' lang='lat' dir='ltr'><strong><em>coactus</em></strong></span> <span class='ocrx_word' id='word_1_173' title='bbox 1484 1363 1532 1424; x_wconf 89' lang='lat' dir='ltr'><strong><em>est,</em></strong></span> <span class='ocrx_word' id='word_1_174' title='bbox 1553 1354 1680 1422; x_wconf 83' lang='lat' dir='ltr'><strong><em>apnitum</em></strong></span> <span class='ocrx_word' id='word_1_175' title='bbox 1696 1353 1892 1407; x_wconf 69' lang='lat' dir='ltr'><strong><em>Christicolis·</em></strong></span> 
     </span>
     <span class='ocr_line' id='line_1_14' title="bbox 195 1437 1891 1512; baseline -0.002 -16"><span class='ocrx_word' id='word_1_176' title='bbox 195 1443 243 1496; x_wconf 91' lang='lat' dir='ltr'><strong><em>diu</em></strong></span> <span class='ocrx_word' id='word_1_177' title='bbox 268 1443 359 1512; x_wconf 90' lang='lat' dir='ltr'><strong><em>potuit</em></strong></span> <span class='ocrx_word' id='word_1_178' title='bbox 378 1458 437 1496; x_wconf 88' lang='lat' dir='ltr'><strong><em>esse</em></strong></span> <span class='ocrx_word' id='word_1_179' title='bbox 455 1442 565 1495; x_wconf 88' lang='lat' dir='ltr'><strong><em>occulta</em></strong></span> <span class='ocrx_word' id='word_1_180' title='bbox 584 1447 612 1495; x_wconf 90' lang='lat' dir='ltr'><strong><em>et</em></strong></span> <span class='ocrx_word' id='word_1_181' title='bbox 629 1441 740 1495; x_wconf 88' lang='lat' dir='ltr'><strong><em>tandem</em></strong></span> <span class='ocrx_word' id='word_1_182' title='bbox 760 1441 796 1494; x_wconf 87' lang='lat' dir='ltr'><strong><em>ad</em></strong></span> <span class='ocrx_word' id='word_1_183' title='bbox 814 1439 937 1510; x_wconf 87' lang='lat' dir='ltr'><strong><em>legatum</em></strong></span> <span class='ocrx_word' id='word_1_184' title='bbox 954 1437 1027 1491; x_wconf 91' lang='lat' dir='ltr'><strong><em>Pon·</em></strong></span> <span class='ocrx_word' id='word_1_185' title='bbox 1054 1441 1157 1507; x_wconf 83' lang='lat' dir='ltr'><strong><em>pelium</em></strong></span> <span class='ocrx_word' id='word_1_186' title='bbox 1184 1449 1282 1494; x_wconf 88' lang='lat' dir='ltr'><strong><em>contra</em></strong></span> <span class='ocrx_word' id='word_1_187' title='bbox 1310 1442 1506 1494; x_wconf 74' lang='lat' dir='ltr'><strong><em>canscmmiam</em></strong></span> <span class='ocrx_word' id='word_1_188' title='bbox 1533 1442 1671 1494; x_wconf 66' lang='lat' dir='ltr'><strong><em>morsare</em></strong></span> <span class='ocrx_word' id='word_1_189' title='bbox 1694 1447 1722 1492; x_wconf 88' lang='lat' dir='ltr'><strong><em>et</em></strong></span> <span class='ocrx_word' id='word_1_190' title='bbox 1749 1439 1891 1505; x_wconf 77' lang='lat' dir='ltr'><strong><em>abscpare.</em></strong></span> 
     </span>
     <span class='ocr_line' id='line_1_15' title="bbox 194 1523 1891 1597; baseline -0.003 -17"><span class='ocrx_word' id='word_1_191' title='bbox 194 1526 324 1595; x_wconf 73' lang='lat' dir='ltr'><strong><em>titinium,</em></strong></span> <span class='ocrx_word' id='word_1_192' title='bbox 349 1528 397 1597; x_wconf 90' lang='lat' dir='ltr'><strong><em>qui</em></strong></span> <span class='ocrx_word' id='word_1_193' title='bbox 423 1534 482 1580; x_wconf 87' lang='lat' dir='ltr'><strong><em>tum</em></strong></span> <span class='ocrx_word' id='word_1_194' title='bbox 509 1534 568 1582; x_wconf 89' lang='lat' dir='ltr'><strong><em>erat</em></strong></span> <span class='ocrx_word' id='word_1_195' title='bbox 586 1526 726 1590; x_wconf 87' lang='lat' dir='ltr'><strong><em>Venetiis,</em></strong></span> <span class='ocrx_word' id='word_1_196' title='bbox 754 1524 908 1580; x_wconf 89' lang='lat' dir='ltr'><strong><em>Johannem</em></strong></span> <span class='ocrx_word' id='word_1_197' title='bbox 928 1523 1028 1577; x_wconf 83' lang='lat' dir='ltr'><strong><em>Caeam</em></strong></span> <span class='ocrx_word' id='word_1_198' title='bbox 1060 1528 1159 1580; x_wconf 88' lang='lat' dir='ltr'><strong><em>Verum</em></strong></span> <span class='ocrx_word' id='word_1_199' title='bbox 1179 1528 1258 1580; x_wconf 88' lang='lat' dir='ltr'><strong><em>Deus</em></strong></span> <span class='ocrx_word' id='word_1_200' title='bbox 1276 1544 1337 1580; x_wconf 88' lang='lat' dir='ltr'><strong><em>eum</em></strong></span> <span class='ocrx_word' id='word_1_201' title='bbox 1355 1528 1431 1580; x_wconf 82' lang='lat' dir='ltr'><strong><em>velut</em></strong></span> <span class='ocrx_word' id='word_1_202' title='bbox 1448 1527 1569 1580; x_wconf 76' lang='lat' dir='ltr'><strong><em>aberam</em></strong></span> <span class='ocrx_word' id='word_1_203' title='bbox 1585 1526 1697 1579; x_wconf 70' lang='lat' dir='ltr'><strong><em>ducem</em></strong></span> <span class='ocrx_word' id='word_1_204' title='bbox 1714 1525 1828 1594; x_wconf 75' lang='lat' dir='ltr'><strong><em>filiique</em></strong></span> <span class='ocrx_word' id='word_1_205' title='bbox 1850 1524 1891 1575; x_wconf 80' lang='lat' dir='ltr'><strong><em>ssi</em></strong></span> 
     </span>
     <span class='ocr_line' id='line_1_16' title="bbox 195 1608 1934 1682; baseline -0.002 -16"><span class='ocrx_word' id='word_1_206' title='bbox 195 1613 435 1682; x_wconf 82' lang='lat' dir='ltr'><strong><em>archiepiscopum</em></strong></span> <span class='ocrx_word' id='word_1_207' title='bbox 453 1611 680 1667; x_wconf 82' lang='lat' dir='ltr'><strong><em>Beneventanum</em></strong></span> <span class='ocrx_word' id='word_1_208' title='bbox 700 1612 792 1665; x_wconf 82' lang='lat' dir='ltr'><strong><em>delata</em></strong></span> <span class='ocrx_word' id='word_1_209' title='bbox 810 1611 872 1665; x_wconf 85' lang='lat' dir='ltr'><strong><em>fuit.</em></strong></span> <span class='ocrx_word' id='word_1_210' title='bbox 905 1609 962 1665; x_wconf 89' lang='lat' dir='ltr'><strong><em>Ubi</em></strong></span> <span class='ocrx_word' id='word_1_211' title='bbox 976 1608 1028 1663; x_wconf 89' lang='lat' dir='ltr'><strong><em>hoc</em></strong></span> <span class='ocrx_word' id='word_1_212' title='bbox 1052 1612 1227 1678; x_wconf 86' lang='lat' dir='ltr'><strong><em>proditorem</em></strong></span> <span class='ocrx_word' id='word_1_213' title='bbox 1254 1629 1339 1665; x_wconf 75' lang='lat' dir='ltr'><strong><em>senus</em></strong></span> <span class='ocrx_word' id='word_1_214' title='bbox 1366 1613 1427 1666; x_wconf 88' lang='lat' dir='ltr'><strong><em>irae</em></strong></span> <span class='ocrx_word' id='word_1_215' title='bbox 1449 1629 1517 1666; x_wconf 88' lang='lat' dir='ltr'><strong><em>suae</em></strong></span> <span class='ocrx_word' id='word_1_216' title='bbox 1539 1612 1634 1681; x_wconf 76' lang='lat' dir='ltr'><strong><em>feriit,</em></strong></span> <span class='ocrx_word' id='word_1_217' title='bbox 1663 1612 1695 1662; x_wconf 87' lang='lat' dir='ltr'><strong><em>in</em></strong></span> <span class='ocrx_word' id='word_1_218' title='bbox 1722 1609 1934 1678; x_wconf 66' lang='lat' dir='ltr'><strong><em>ipsissimam</em></strong></span> 
     </span>
     <span class='ocr_line' id='line_1_17' title="bbox 195 1695 1891 1770; baseline -0.003 -16"><span class='ocrx_word' id='word_1_219' title='bbox 195 1698 277 1767; x_wconf 80' lang='lat' dir='ltr'><strong><em>Spita</em></strong></span> <span class='ocrx_word' id='word_1_220' title='bbox 305 1699 449 1769; x_wconf 67' lang='lat' dir='ltr'><strong><em>cognomi,</em></strong></span> <span class='ocrx_word' id='word_1_221' title='bbox 479 1697 562 1753; x_wconf 87' lang='lat' dir='ltr'><strong><em>facile</em></strong></span> <span class='ocrx_word' id='word_1_222' title='bbox 588 1716 669 1752; x_wconf 91' lang='lat' dir='ltr'><strong><em>suum</em></strong></span> <span class='ocrx_word' id='word_1_223' title='bbox 699 1698 835 1752; x_wconf 85' lang='lat' dir='ltr'><strong><em>intellexit</em></strong></span> <span class='ocrx_word' id='word_1_224' title='bbox 866 1695 1028 1766; x_wconf 88' lang='lat' dir='ltr'><strong><em>periculum.</em></strong></span> <span class='ocrx_word' id='word_1_225' title='bbox 1055 1697 1198 1760; x_wconf 80' lang='lat' dir='ltr'><strong><em>infernum</em></strong></span> <span class='ocrx_word' id='word_1_226' title='bbox 1214 1698 1351 1766; x_wconf 78' lang='lat' dir='ltr'><strong><em>projecit,</em></strong></span> <span class='ocrx_word' id='word_1_227' title='bbox 1376 1706 1402 1752; x_wconf 90' lang='lat' dir='ltr'><strong><em>et</em></strong></span> <span class='ocrx_word' id='word_1_228' title='bbox 1420 1699 1568 1770; x_wconf 80' lang='lat' dir='ltr'><strong><em>praesenti</em></strong></span> <span class='ocrx_word' id='word_1_229' title='bbox 1593 1699 1765 1750; x_wconf 84' lang='lat' dir='ltr'><strong><em>daemonum</em></strong></span> <span class='ocrx_word' id='word_1_230' title='bbox 1782 1697 1891 1758; x_wconf 71' lang='lat' dir='ltr'><strong><em>carsit·</em></strong></span> 
     </span>
     <span class='ocr_line' id='line_1_18' title="bbox 195 1780 1892 1854; baseline -0.002 -16"><span class='ocrx_word' id='word_1_231' title='bbox 195 1782 265 1838; x_wconf 85' lang='lat' dir='ltr'><strong><em>Cum</em></strong></span> <span class='ocrx_word' id='word_1_232' title='bbox 288 1801 354 1854; x_wconf 88' lang='lat' dir='ltr'><strong><em>ergo</em></strong></span> <span class='ocrx_word' id='word_1_233' title='bbox 378 1785 427 1838; x_wconf 90' lang='lat' dir='ltr'><strong><em>diu</em></strong></span> <span class='ocrx_word' id='word_1_234' title='bbox 452 1784 624 1854; x_wconf 89' lang='lat' dir='ltr'><strong><em>multumque</em></strong></span> <span class='ocrx_word' id='word_1_235' title='bbox 652 1785 681 1838; x_wconf 88' lang='lat' dir='ltr'><strong><em>in</em></strong></span> <span class='ocrx_word' id='word_1_236' title='bbox 704 1800 812 1838; x_wconf 89' lang='lat' dir='ltr'><strong><em>omnem</em></strong></span> <span class='ocrx_word' id='word_1_237' title='bbox 835 1790 942 1852; x_wconf 86' lang='lat' dir='ltr'><strong><em>partem</em></strong></span> <span class='ocrx_word' id='word_1_238' title='bbox 963 1780 1029 1833; x_wconf 89' lang='lat' dir='ltr'><strong><em>deli·</em></strong></span> <span class='ocrx_word' id='word_1_239' title='bbox 1056 1784 1120 1835; x_wconf 88' lang='lat' dir='ltr'><strong><em>cina</em></strong></span> <span class='ocrx_word' id='word_1_240' title='bbox 1138 1784 1276 1851; x_wconf 85' lang='lat' dir='ltr'><strong><em>acplane</em></strong></span> <span class='ocrx_word' id='word_1_241' title='bbox 1293 1793 1418 1838; x_wconf 85' lang='lat' dir='ltr'><strong><em>tartareo</em></strong></span> <span class='ocrx_word' id='word_1_242' title='bbox 1442 1786 1638 1852; x_wconf 72' lang='lat' dir='ltr'><strong><em>horrendoque</em></strong></span> <span class='ocrx_word' id='word_1_243' title='bbox 1656 1784 1792 1836; x_wconf 84' lang='lat' dir='ltr'><strong><em>cruciatu</em></strong></span> <span class='ocrx_word' id='word_1_244' title='bbox 1810 1783 1892 1835; x_wconf 72' lang='lat' dir='ltr'><strong><em>moes·</em></strong></span> 
     </span>
     <span class='ocr_line' id='line_1_19' title="bbox 195 1868 1891 1942; baseline -0.002 -18"><span class='ocrx_word' id='word_1_245' title='bbox 195 1870 334 1940; x_wconf 86' lang='lat' dir='ltr'><strong><em>berasset,</em></strong></span> <span class='ocrx_word' id='word_1_246' title='bbox 355 1871 467 1924; x_wconf 85' lang='lat' dir='ltr'><strong><em>tandem</em></strong></span> <span class='ocrx_word' id='word_1_247' title='bbox 485 1871 582 1924; x_wconf 83' lang='lat' dir='ltr'><strong><em>statuit</em></strong></span> <span class='ocrx_word' id='word_1_248' title='bbox 601 1877 715 1926; x_wconf 86' lang='lat' dir='ltr'><strong><em>vocatus</em></strong></span> <span class='ocrx_word' id='word_1_249' title='bbox 733 1869 879 1923; x_wconf 84' lang='lat' dir='ltr'><strong><em>convenire</em></strong></span> <span class='ocrx_word' id='word_1_250' title='bbox 897 1868 1028 1937; x_wconf 84' lang='lat' dir='ltr'><strong><em>legatum.</em></strong></span> <span class='ocrx_word' id='word_1_251' title='bbox 1056 1876 1108 1921; x_wconf 90' lang='lat' dir='ltr'><strong><em>tem</em></strong></span> <span class='ocrx_word' id='word_1_252' title='bbox 1126 1870 1219 1922; x_wconf 83' lang='lat' dir='ltr'><strong><em>adbuc</em></strong></span> <span class='ocrx_word' id='word_1_253' title='bbox 1237 1871 1303 1924; x_wconf 85' lang='lat' dir='ltr'><strong><em>aliis</em></strong></span> <span class='ocrx_word' id='word_1_254' title='bbox 1322 1880 1379 1924; x_wconf 87' lang='lat' dir='ltr'><strong><em>tum</em></strong></span> <span class='ocrx_word' id='word_1_255' title='bbox 1398 1872 1640 1942; x_wconf 79' lang='lat' dir='ltr'><strong><em>persecutoribus,</em></strong></span> <span class='ocrx_word' id='word_1_256' title='bbox 1668 1877 1729 1922; x_wconf 86' lang='lat' dir='ltr'><strong><em>tum</em></strong></span> <span class='ocrx_word' id='word_1_257' title='bbox 1747 1876 1891 1922; x_wconf 81' lang='lat' dir='ltr'><strong><em>contemto</em></strong></span> 
     </span>
     <span class='ocr_line' id='line_1_20' title="bbox 195 1952 1892 2031; baseline -0.002 -21"><span class='ocrx_word' id='word_1_258' title='bbox 195 1956 452 2027; x_wconf 85' lang='lat' dir='ltr'><strong><em>Itaqusprofectus</em></strong></span> <span class='ocrx_word' id='word_1_259' title='bbox 470 1955 602 2010; x_wconf 82' lang='lat' dir='ltr'><strong><em>Venetiae</em></strong></span> <span class='ocrx_word' id='word_1_260' title='bbox 621 1964 785 2012; x_wconf 79' lang='lat' dir='ltr'><strong><em>etcinerem</em></strong></span> <span class='ocrx_word' id='word_1_261' title='bbox 804 1971 898 2018; x_wconf 87' lang='lat' dir='ltr'><strong><em>suum,</em></strong></span> <span class='ocrx_word' id='word_1_262' title='bbox 920 1952 961 2007; x_wconf 91' lang='lat' dir='ltr'><strong><em>uti</em></strong></span> <span class='ocrx_word' id='word_1_263' title='bbox 979 1970 1030 2022; x_wconf 89' lang='lat' dir='ltr'><strong><em>pu·</em></strong></span> <span class='ocrx_word' id='word_1_264' title='bbox 1055 1955 1133 2007; x_wconf 77' lang='lat' dir='ltr'><strong><em>ribam</em></strong></span> <span class='ocrx_word' id='word_1_265' title='bbox 1154 1957 1278 2009; x_wconf 71' lang='lat' dir='ltr'><strong><em>ueritatis</em></strong></span> <span class='ocrx_word' id='word_1_266' title='bbox 1301 1974 1369 2011; x_wconf 84' lang='lat' dir='ltr'><strong><em>suae</em></strong></span> <span class='ocrx_word' id='word_1_267' title='bbox 1392 1958 1422 2010; x_wconf 90' lang='lat' dir='ltr'><strong><em>in</em></strong></span> <span class='ocrx_word' id='word_1_268' title='bbox 1445 1957 1622 2031; x_wconf 78' lang='lat' dir='ltr'><strong><em>conspicuum</em></strong></span> <span class='ocrx_word' id='word_1_269' title='bbox 1642 1957 1796 2024; x_wconf 69' lang='lat' dir='ltr'><strong><em>modisque</em></strong></span> <span class='ocrx_word' id='word_1_270' title='bbox 1813 1956 1892 2009; x_wconf 73' lang='lat' dir='ltr'><strong><em>onai</em></strong></span> 
     </span>
     <span class='ocr_line' id='line_1_21' title="bbox 195 2040 1892 2112; baseline -0.002 -16"><span class='ocrx_word' id='word_1_271' title='bbox 195 2044 275 2096; x_wconf 88' lang='lat' dir='ltr'><strong><em>tabat</em></strong></span> <span class='ocrx_word' id='word_1_272' title='bbox 299 2044 343 2097; x_wconf 87' lang='lat' dir='ltr'><strong><em>vel</em></strong></span> <span class='ocrx_word' id='word_1_273' title='bbox 368 2051 457 2095; x_wconf 85' lang='lat' dir='ltr'><strong><em>metus</em></strong></span> <span class='ocrx_word' id='word_1_274' title='bbox 483 2059 568 2096; x_wconf 89' lang='lat' dir='ltr'><strong><em>causa</em></strong></span> <span class='ocrx_word' id='word_1_275' title='bbox 595 2041 719 2111; x_wconf 87' lang='lat' dir='ltr'><strong><em>dicebat,</em></strong></span> <span class='ocrx_word' id='word_1_276' title='bbox 750 2041 891 2095; x_wconf 64' lang='lat' dir='ltr'><strong><em>comesuris</em></strong></span> <span class='ocrx_word' id='word_1_277' title='bbox 921 2040 1030 2094; x_wconf 87' lang='lat' dir='ltr'><strong><em>veniam</em></strong></span> <span class='ocrx_word' id='word_1_278' title='bbox 1057 2041 1106 2094; x_wconf 77' lang='lat' dir='ltr'><strong><em>baa</em></strong></span> <span class='ocrx_word' id='word_1_279' title='bbox 1124 2044 1358 2110; x_wconf 71' lang='lat' dir='ltr'><strong><em>expavescendum</em></strong></span> <span class='ocrx_word' id='word_1_280' title='bbox 1377 2043 1530 2112; x_wconf 72' lang='lat' dir='ltr'><strong><em>exemplum</em></strong></span> <span class='ocrx_word' id='word_1_281' title='bbox 1548 2041 1599 2096; x_wconf 85' lang='lat' dir='ltr'><strong><em>diu</em></strong></span> <span class='ocrx_word' id='word_1_282' title='bbox 1616 2042 1826 2104; x_wconf 74' lang='lat' dir='ltr'><strong><em>escamificare</em></strong></span> <span class='ocrx_word' id='word_1_283' title='bbox 1841 2040 1892 2093; x_wconf 87' lang='lat' dir='ltr'><strong><em>cla·</em></strong></span> 
     </span>
     <span class='ocr_line' id='line_1_22' title="bbox 197 2125 1890 2199; baseline -0.001 -17"><span class='ocrx_word' id='word_1_284' title='bbox 197 2129 288 2199; x_wconf 86' lang='lat' dir='ltr'><strong><em>poscit</em></strong></span> <span class='ocrx_word' id='word_1_285' title='bbox 305 2136 333 2183; x_wconf 89' lang='lat' dir='ltr'><strong><em>et</em></strong></span> <span class='ocrx_word' id='word_1_286' title='bbox 351 2128 561 2198; x_wconf 87' lang='lat' dir='ltr'><strong><em>obsequentiam</em></strong></span> <span class='ocrx_word' id='word_1_287' title='bbox 581 2128 610 2183; x_wconf 91' lang='lat' dir='ltr'><strong><em>in</em></strong></span> <span class='ocrx_word' id='word_1_288' title='bbox 625 2135 763 2198; x_wconf 89' lang='lat' dir='ltr'><strong><em>posterum</em></strong></span> <span class='ocrx_word' id='word_1_289' title='bbox 785 2126 941 2199; x_wconf 85' lang='lat' dir='ltr'><strong><em>pollicetur.</em></strong></span> <span class='ocrx_word' id='word_1_290' title='bbox 977 2125 1029 2179; x_wconf 84' lang='lat' dir='ltr'><strong><em>Le·</em></strong></span> <span class='ocrx_word' id='word_1_291' title='bbox 1057 2136 1177 2181; x_wconf 88' lang='lat' dir='ltr'><strong><em>mantem</em></strong></span> <span class='ocrx_word' id='word_1_292' title='bbox 1195 2145 1230 2181; x_wconf 93' lang='lat' dir='ltr'><strong><em>ac</em></strong></span> <span class='ocrx_word' id='word_1_293' title='bbox 1246 2129 1449 2194; x_wconf 77' lang='lat' dir='ltr'><strong><em>uociferantem</em></strong></span> <span class='ocrx_word' id='word_1_294' title='bbox 1467 2129 1527 2181; x_wconf 88' lang='lat' dir='ltr'><strong><em>sine</em></strong></span> <span class='ocrx_word' id='word_1_295' title='bbox 1544 2131 1600 2192; x_wconf 72' lang='lat' dir='ltr'><strong><em>fine</em></strong></span> <span class='ocrx_word' id='word_1_296' title='bbox 1617 2129 1648 2182; x_wconf 88' lang='lat' dir='ltr'><strong><em>in</em></strong></span> <span class='ocrx_word' id='word_1_297' title='bbox 1665 2128 1783 2182; x_wconf 77' lang='lat' dir='ltr'><strong><em>cllustri</em></strong></span> <span class='ocrx_word' id='word_1_298' title='bbox 1793 2144 1829 2180; x_wconf 90' lang='lat' dir='ltr'><strong><em>ac</em></strong></span> <span class='ocrx_word' id='word_1_299' title='bbox 1841 2128 1890 2191; x_wconf 74' lang='lat' dir='ltr'><strong><em>fre</em></strong></span> 
     </span>
     <span class='ocr_line' id='line_1_23' title="bbox 197 2211 1891 2284; baseline -0.001 -17"><span class='ocrx_word' id='word_1_300' title='bbox 197 2220 298 2284; x_wconf 88' lang='lat' dir='ltr'><strong><em>gatus,</em></strong></span> <span class='ocrx_word' id='word_1_301' title='bbox 334 2215 446 2270; x_wconf 85' lang='lat' dir='ltr'><strong><em>tametsi</em></strong></span> <span class='ocrx_word' id='word_1_302' title='bbox 479 2222 591 2284; x_wconf 86' lang='lat' dir='ltr'><strong><em>propter</em></strong></span> <span class='ocrx_word' id='word_1_303' title='bbox 619 2219 799 2283; x_wconf 86' lang='lat' dir='ltr'><strong><em>spontaneam</em></strong></span> <span class='ocrx_word' id='word_1_304' title='bbox 829 2211 1029 2266; x_wconf 86' lang='lat' dir='ltr'><strong><em>confessionem</em></strong></span> <span class='ocrx_word' id='word_1_305' title='bbox 1057 2214 1236 2281; x_wconf 76' lang='lat' dir='ltr'><strong><em>pumtissimo</em></strong></span> <span class='ocrx_word' id='word_1_306' title='bbox 1255 2214 1316 2268; x_wconf 87' lang='lat' dir='ltr'><strong><em>loco</em></strong></span> <span class='ocrx_word' id='word_1_307' title='bbox 1333 2215 1466 2283; x_wconf 88' lang='lat' dir='ltr'><strong><em>publicae</em></strong></span> <span class='ocrx_word' id='word_1_308' title='bbox 1485 2216 1650 2268; x_wconf 85' lang='lat' dir='ltr'><strong><em>academiae</em></strong></span> <span class='ocrx_word' id='word_1_309' title='bbox 1668 2215 1801 2283; x_wconf 83' lang='lat' dir='ltr'><strong><em>Patauii,</em></strong></span> <span class='ocrx_word' id='word_1_310' title='bbox 1818 2230 1847 2266; x_wconf 89' lang='lat' dir='ltr'><strong><em>se</em></strong></span> <span class='ocrx_word' id='word_1_311' title='bbox 1863 2213 1891 2266; x_wconf 89' lang='lat' dir='ltr'><strong><em>ob</em></strong></span> 
     </span>
     <span class='ocr_line' id='line_1_24' title="bbox 197 2291 1907 2370; baseline -0.001 -16"><span class='ocrx_word' id='word_1_312' title='bbox 197 2300 353 2370; x_wconf 87' lang='lat' dir='ltr'><strong><em>gaudebat,</em></strong></span> <span class='ocrx_word' id='word_1_313' title='bbox 379 2306 471 2354; x_wconf 68' lang='lat' dir='ltr'><strong><em>umen</em></strong></span> <span class='ocrx_word' id='word_1_314' title='bbox 490 2300 607 2370; x_wconf 88' lang='lat' dir='ltr'><strong><em>exempli</em></strong></span> <span class='ocrx_word' id='word_1_315' title='bbox 624 2315 710 2353; x_wconf 87' lang='lat' dir='ltr'><strong><em>causa</em></strong></span> <span class='ocrx_word' id='word_1_316' title='bbox 723 2299 819 2368; x_wconf 89' lang='lat' dir='ltr'><strong><em>jubet,</em></strong></span> <span class='ocrx_word' id='word_1_317' title='bbox 844 2305 876 2351; x_wconf 91' lang='lat' dir='ltr'><strong><em>ut</em></strong></span> <span class='ocrx_word' id='word_1_318' title='bbox 895 2297 968 2352; x_wconf 92' lang='lat' dir='ltr'><strong><em>domi</em></strong></span> <span class='ocrx_word' id='word_1_319' title='bbox 988 2312 1030 2350; x_wconf 87' lang='lat' dir='ltr'><strong><em>re·</em></strong></span> <span class='ocrx_word' id='word_1_320' title='bbox 1057 2299 1218 2367; x_wconf 83' lang='lat' dir='ltr'><strong><em>abjuratam</em></strong></span> <span class='ocrx_word' id='word_1_321' title='bbox 1238 2301 1457 2369; x_wconf 78' lang='lat' dir='ltr'><strong><em>damnatamque</em></strong></span> <span class='ocrx_word' id='word_1_322' title='bbox 1475 2302 1600 2370; x_wconf 77' lang='lat' dir='ltr'><strong><em>opattam</em></strong></span> <span class='ocrx_word' id='word_1_323' title='bbox 1615 2301 1738 2354; x_wconf 81' lang='lat' dir='ltr'><strong><em>uisentis</em></strong></span> <span class='ocrx_word' id='word_1_324' title='bbox 1751 2302 1812 2354; x_wconf 86' lang='lat' dir='ltr'><strong><em>Dei</em></strong></span> <span class='ocrx_word' id='word_1_325' title='bbox 1830 2291 1907 2352; x_wconf 79' lang='lat' dir='ltr'><strong><em>oeri&#39;</em></strong></span> 
     </span>
     <span class='ocr_line' id='line_1_25' title="bbox 197 2382 1890 2456; baseline 0 -17"><span class='ocrx_word' id='word_1_326' title='bbox 197 2404 293 2440; x_wconf 86' lang='lat' dir='ltr'><strong><em>versus</em></strong></span> <span class='ocrx_word' id='word_1_327' title='bbox 314 2394 378 2440; x_wconf 89' lang='lat' dir='ltr'><strong><em>ante</em></strong></span> <span class='ocrx_word' id='word_1_328' title='bbox 397 2387 472 2440; x_wconf 88' lang='lat' dir='ltr'><strong><em>dicta</em></strong></span> <span class='ocrx_word' id='word_1_329' title='bbox 490 2386 599 2456; x_wconf 86' lang='lat' dir='ltr'><strong><em>publice</em></strong></span> <span class='ocrx_word' id='word_1_330' title='bbox 617 2390 736 2440; x_wconf 80' lang='lat' dir='ltr'><strong><em>revocet.</em></strong></span> <span class='ocrx_word' id='word_1_331' title='bbox 771 2383 885 2453; x_wconf 83' lang='lat' dir='ltr'><strong><em>Accipit</em></strong></span> <span class='ocrx_word' id='word_1_332' title='bbox 902 2382 948 2437; x_wconf 89' lang='lat' dir='ltr'><strong><em>ille</em></strong></span> <span class='ocrx_word' id='word_1_333' title='bbox 966 2399 1030 2437; x_wconf 87' lang='lat' dir='ltr'><strong><em>con·</em></strong></span> <span class='ocrx_word' id='word_1_334' title='bbox 1056 2393 1141 2437; x_wconf 89' lang='lat' dir='ltr'><strong><em>tatem</em></strong></span> <span class='ocrx_word' id='word_1_335' title='bbox 1159 2386 1190 2437; x_wconf 85' lang='lat' dir='ltr'><strong><em>in</em></strong></span> <span class='ocrx_word' id='word_1_336' title='bbox 1208 2394 1352 2439; x_wconf 86' lang='lat' dir='ltr'><strong><em>aeternum</em></strong></span> <span class='ocrx_word' id='word_1_337' title='bbox 1370 2388 1534 2440; x_wconf 59' lang='lat' dir='ltr'><strong><em>mnndum</em></strong></span> <span class='ocrx_word' id='word_1_338' title='bbox 1555 2402 1613 2439; x_wconf 86' lang='lat' dir='ltr'><strong><em>esse</em></strong></span> <span class='ocrx_word' id='word_1_339' title='bbox 1634 2393 1684 2439; x_wconf 87' lang='lat' dir='ltr'><strong><em>etc.</em></strong></span> <span class='ocrx_word' id='word_1_340' title='bbox 1726 2386 1816 2449; x_wconf 83' lang='lat' dir='ltr'><strong><em>Quod</em></strong></span> <span class='ocrx_word' id='word_1_341' title='bbox 1831 2403 1890 2455; x_wconf 79' lang='lat' dir='ltr'><strong><em>pro</em></strong></span> 
     </span>
     <span class='ocr_line' id='line_1_26' title="bbox 198 2468 1890 2541; baseline 0 -17"><span class='ocrx_word' id='word_1_342' title='bbox 198 2471 339 2536; x_wconf 88' lang='lat' dir='ltr'><strong><em>ditionem,</em></strong></span> <span class='ocrx_word' id='word_1_343' title='bbox 357 2472 463 2526; x_wconf 80' lang='lat' dir='ltr'><strong><em>silicet</em></strong></span> <span class='ocrx_word' id='word_1_344' title='bbox 476 2474 534 2541; x_wconf 86' lang='lat' dir='ltr'><strong><em>jem</em></strong></span> <span class='ocrx_word' id='word_1_345' title='bbox 553 2476 611 2524; x_wconf 93' lang='lat' dir='ltr'><strong><em>tum</em></strong></span> <span class='ocrx_word' id='word_1_346' title='bbox 631 2470 768 2541; x_wconf 85' lang='lat' dir='ltr'><strong><em>inciperet</em></strong></span> <span class='ocrx_word' id='word_1_347' title='bbox 785 2471 875 2539; x_wconf 90' lang='lat' dir='ltr'><strong><em>ipsum</em></strong></span> <span class='ocrx_word' id='word_1_348' title='bbox 886 2468 1029 2539; x_wconf 84' lang='lat' dir='ltr'><strong><em>poenitere</em></strong></span> <span class='ocrx_word' id='word_1_349' title='bbox 1056 2472 1131 2531; x_wconf 76' lang='lat' dir='ltr'><strong><em>festo</em></strong></span> <span class='ocrx_word' id='word_1_350' title='bbox 1156 2471 1238 2524; x_wconf 84' lang='lat' dir='ltr'><strong><em>valde</em></strong></span> <span class='ocrx_word' id='word_1_351' title='bbox 1267 2473 1447 2526; x_wconf 79' lang='lat' dir='ltr'><strong><em>memorabsle</em></strong></span> <span class='ocrx_word' id='word_1_352' title='bbox 1471 2473 1530 2526; x_wconf 87' lang='lat' dir='ltr'><strong><em>Dei</em></strong></span> <span class='ocrx_word' id='word_1_353' title='bbox 1554 2473 1727 2527; x_wconf 83' lang='lat' dir='ltr'><strong><em>miraculum</em></strong></span> <span class='ocrx_word' id='word_1_354' title='bbox 1746 2473 1824 2526; x_wconf 76' lang='lat' dir='ltr'><strong><em>melli</em></strong></span> <span class='ocrx_word' id='word_1_355' title='bbox 1841 2489 1890 2524; x_wconf 83' lang='lat' dir='ltr'><strong><em>om·</em></strong></span> 
     </span>
     <span class='ocr_line' id='line_1_27' title="bbox 198 2553 1890 2628; baseline 0.001 -17"><span class='ocrx_word' id='word_1_356' title='bbox 198 2556 276 2624; x_wconf 84' lang='lat' dir='ltr'><strong><em>lacti,</em></strong></span> <span class='ocrx_word' id='word_1_357' title='bbox 295 2564 388 2611; x_wconf 87' lang='lat' dir='ltr'><strong><em>tamen</em></strong></span> <span class='ocrx_word' id='word_1_358' title='bbox 406 2556 570 2628; x_wconf 90' lang='lat' dir='ltr'><strong><em>urgentibus</em></strong></span> <span class='ocrx_word' id='word_1_359' title='bbox 587 2555 691 2621; x_wconf 90' lang='lat' dir='ltr'><strong><em>amicis,</em></strong></span> <span class='ocrx_word' id='word_1_360' title='bbox 711 2554 758 2625; x_wconf 87' lang='lat' dir='ltr'><strong><em>qui</em></strong></span> <span class='ocrx_word' id='word_1_361' title='bbox 772 2572 827 2608; x_wconf 91' lang='lat' dir='ltr'><strong><em>non</em></strong></span> <span class='ocrx_word' id='word_1_362' title='bbox 840 2554 927 2623; x_wconf 89' lang='lat' dir='ltr'><strong><em>ipsius</em></strong></span> <span class='ocrx_word' id='word_1_363' title='bbox 940 2553 1030 2621; x_wconf 91' lang='lat' dir='ltr'><strong><em>modo,</em></strong></span> <span class='ocrx_word' id='word_1_364' title='bbox 1055 2557 1123 2609; x_wconf 84' lang='lat' dir='ltr'><strong><em>nino</em></strong></span> <span class='ocrx_word' id='word_1_365' title='bbox 1149 2557 1286 2610; x_wconf 74' lang='lat' dir='ltr'><strong><em>humanae</em></strong></span> <span class='ocrx_word' id='word_1_366' title='bbox 1314 2558 1421 2622; x_wconf 83' lang='lat' dir='ltr'><strong><em>fraudi</em></strong></span> <span class='ocrx_word' id='word_1_367' title='bbox 1447 2566 1497 2611; x_wconf 88' lang='lat' dir='ltr'><strong><em>aut</em></strong></span> <span class='ocrx_word' id='word_1_368' title='bbox 1522 2558 1657 2626; x_wconf 78' lang='lat' dir='ltr'><strong><em>pbpsicoe</em></strong></span> <span class='ocrx_word' id='word_1_369' title='bbox 1682 2575 1791 2613; x_wconf 85' lang='lat' dir='ltr'><strong><em>causae</em></strong></span> <span class='ocrx_word' id='word_1_370' title='bbox 1813 2557 1890 2612; x_wconf 64' lang='lat' dir='ltr'><strong><em>bald</em></strong></span> 
     </span>
     <span class='ocr_line' id='line_1_28' title="bbox 199 2639 1888 2714; baseline 0.001 -18"><span class='ocrx_word' id='word_1_371' title='bbox 199 2643 249 2696; x_wconf 89' lang='lat' dir='ltr'><strong><em>sed</em></strong></span> <span class='ocrx_word' id='word_1_372' title='bbox 270 2644 396 2713; x_wconf 87' lang='lat' dir='ltr'><strong><em>conjugis</em></strong></span> <span class='ocrx_word' id='word_1_373' title='bbox 416 2644 499 2696; x_wconf 88' lang='lat' dir='ltr'><strong><em>etiam</em></strong></span> <span class='ocrx_word' id='word_1_374' title='bbox 519 2648 549 2696; x_wconf 88' lang='lat' dir='ltr'><strong><em>et</em></strong></span> <span class='ocrx_word' id='word_1_375' title='bbox 564 2641 712 2696; x_wconf 89' lang='lat' dir='ltr'><strong><em>liberorum</em></strong></span> <span class='ocrx_word' id='word_1_376' title='bbox 728 2640 930 2694; x_wconf 87' lang='lat' dir='ltr'><strong><em>etfacultatum</em></strong></span> <span class='ocrx_word' id='word_1_377' title='bbox 943 2639 1031 2708; x_wconf 86' lang='lat' dir='ltr'><strong><em>ipsius</em></strong></span> <span class='ocrx_word' id='word_1_378' title='bbox 1051 2642 1160 2710; x_wconf 88' lang='lat' dir='ltr'><strong><em>potuit,</em></strong></span> <span class='ocrx_word' id='word_1_379' title='bbox 1181 2650 1213 2695; x_wconf 89' lang='lat' dir='ltr'><strong><em>ut</em></strong></span> <span class='ocrx_word' id='word_1_380' title='bbox 1235 2643 1316 2696; x_wconf 89' lang='lat' dir='ltr'><strong><em>multi</em></strong></span> <span class='ocrx_word' id='word_1_381' title='bbox 1339 2643 1495 2697; x_wconf 54' lang='lat' dir='ltr'><strong><em>&amp;mummi</em></strong></span> <span class='ocrx_word' id='word_1_382' title='bbox 1512 2644 1568 2696; x_wconf 88' lang='lat' dir='ltr'><strong><em>oiri</em></strong></span> <span class='ocrx_word' id='word_1_383' title='bbox 1586 2661 1620 2697; x_wconf 80' lang='lat' dir='ltr'><strong><em>eu</em></strong></span> <span class='ocrx_word' id='word_1_384' title='bbox 1638 2645 1770 2698; x_wconf 85' lang='lat' dir='ltr'><strong><em>omnibus</em></strong></span> <span class='ocrx_word' id='word_1_385' title='bbox 1784 2645 1888 2714; x_wconf 75' lang='lat' dir='ltr'><strong><em>profer</em></strong></span> 
     </span>
     <span class='ocr_line' id='line_1_29' title="bbox 198 2725 1889 2800; baseline 0.001 -19"><span class='ocrx_word' id='word_1_386' title='bbox 198 2745 275 2797; x_wconf 90' lang='lat' dir='ltr'><strong><em>spem</em></strong></span> <span class='ocrx_word' id='word_1_387' title='bbox 301 2736 388 2783; x_wconf 90' lang='lat' dir='ltr'><strong><em>totam</em></strong></span> <span class='ocrx_word' id='word_1_388' title='bbox 410 2729 439 2781; x_wconf 90' lang='lat' dir='ltr'><strong><em>in</em></strong></span> <span class='ocrx_word' id='word_1_389' title='bbox 463 2729 631 2797; x_wconf 84' lang='lat' dir='ltr'><strong><em>sepositam</em></strong></span> <span class='ocrx_word' id='word_1_390' title='bbox 651 2743 711 2781; x_wconf 81' lang='lat' dir='ltr'><strong><em>esse</em></strong></span> <span class='ocrx_word' id='word_1_391' title='bbox 730 2725 865 2789; x_wconf 88' lang='lat' dir='ltr'><strong><em>dicerent,</em></strong></span> <span class='ocrx_word' id='word_1_392' title='bbox 890 2725 1031 2795; x_wconf 87' lang='lat' dir='ltr'><strong><em>obtempe·</em></strong></span> <span class='ocrx_word' id='word_1_393' title='bbox 1055 2728 1179 2781; x_wconf 84' lang='lat' dir='ltr'><strong><em>sionibus</em></strong></span> <span class='ocrx_word' id='word_1_394' title='bbox 1198 2736 1224 2781; x_wconf 84' lang='lat' dir='ltr'><strong><em>et</em></strong></span> <span class='ocrx_word' id='word_1_395' title='bbox 1238 2729 1411 2793; x_wconf 73' lang='lat' dir='ltr'><strong><em>nauonibus,</em></strong></span> <span class='ocrx_word' id='word_1_396' title='bbox 1431 2729 1481 2798; x_wconf 79' lang='lat' dir='ltr'><strong><em>qui</em></strong></span> <span class='ocrx_word' id='word_1_397' title='bbox 1499 2745 1560 2782; x_wconf 86' lang='lat' dir='ltr'><strong><em>eum</em></strong></span> <span class='ocrx_word' id='word_1_398' title='bbox 1577 2746 1675 2783; x_wconf 88' lang='lat' dir='ltr'><strong><em>coram</em></strong></span> <span class='ocrx_word' id='word_1_399' title='bbox 1693 2731 1814 2800; x_wconf 80' lang='lat' dir='ltr'><strong><em>saepisu</em></strong></span> <span class='ocrx_word' id='word_1_400' title='bbox 1827 2730 1889 2785; x_wconf 83' lang='lat' dir='ltr'><strong><em>inei·</em></strong></span> 
     </span>
     <span class='ocr_line' id='line_1_30' title="bbox 198 2810 1889 2887; baseline 0.003 -21"><span class='ocrx_word' id='word_1_401' title='bbox 198 2814 278 2868; x_wconf 89' lang='lat' dir='ltr'><strong><em>ravit.</em></strong></span> <span class='ocrx_word' id='word_1_402' title='bbox 318 2813 424 2868; x_wconf 87' lang='lat' dir='ltr'><strong><em>Verum</em></strong></span> <span class='ocrx_word' id='word_1_403' title='bbox 448 2830 503 2866; x_wconf 91' lang='lat' dir='ltr'><strong><em>non</em></strong></span> <span class='ocrx_word' id='word_1_404' title='bbox 526 2812 613 2865; x_wconf 88' lang='lat' dir='ltr'><strong><em>multo</em></strong></span> <span class='ocrx_word' id='word_1_405' title='bbox 634 2818 698 2881; x_wconf 89' lang='lat' dir='ltr'><strong><em>post</em></strong></span> <span class='ocrx_word' id='word_1_406' title='bbox 718 2810 747 2863; x_wconf 91' lang='lat' dir='ltr'><strong><em>in</em></strong></span> <span class='ocrx_word' id='word_1_407' title='bbox 769 2810 972 2880; x_wconf 86' lang='lat' dir='ltr'><strong><em>aegritudinem</em></strong></span> <span class='ocrx_word' id='word_1_408' title='bbox 990 2811 1031 2865; x_wconf 91' lang='lat' dir='ltr'><strong><em>in·</em></strong></span> <span class='ocrx_word' id='word_1_409' title='bbox 1056 2822 1153 2866; x_wconf 86' lang='lat' dir='ltr'><strong><em>serunt</em></strong></span> <span class='ocrx_word' id='word_1_410' title='bbox 1183 2821 1208 2866; x_wconf 88' lang='lat' dir='ltr'><strong><em>et</em></strong></span> <span class='ocrx_word' id='word_1_411' title='bbox 1234 2814 1355 2868; x_wconf 86' lang='lat' dir='ltr'><strong><em>allocuti</em></strong></span> <span class='ocrx_word' id='word_1_412' title='bbox 1378 2823 1456 2878; x_wconf 87' lang='lat' dir='ltr'><strong><em>sunt,</em></strong></span> <span class='ocrx_word' id='word_1_413' title='bbox 1488 2823 1639 2880; x_wconf 74' lang='lat' dir='ltr'><strong><em>testantem,</em></strong></span> <span class='ocrx_word' id='word_1_414' title='bbox 1664 2833 1746 2887; x_wconf 20' lang='lat' dir='ltr'><strong><em>,puae</em></strong></span> <span class='ocrx_word' id='word_1_415' title='bbox 1774 2816 1889 2872; x_wconf 79' lang='lat' dir='ltr'><strong><em>bt&#39;stort&#39;c</em></strong></span> 
     </span>
     <span class='ocr_line' id='line_1_31' title="bbox 198 2896 1890 2970; baseline 0.004 -19"><span class='ocrx_word' id='word_1_416' title='bbox 198 2898 268 2951; x_wconf 89' lang='lat' dir='ltr'><strong><em>cidit</em></strong></span> <span class='ocrx_word' id='word_1_417' title='bbox 289 2903 349 2952; x_wconf 91' lang='lat' dir='ltr'><strong><em>tum</em></strong></span> <span class='ocrx_word' id='word_1_418' title='bbox 373 2898 472 2960; x_wconf 88' lang='lat' dir='ltr'><strong><em>animi,</em></strong></span> <span class='ocrx_word' id='word_1_419' title='bbox 497 2904 557 2950; x_wconf 89' lang='lat' dir='ltr'><strong><em>tum</em></strong></span> <span class='ocrx_word' id='word_1_420' title='bbox 580 2897 701 2964; x_wconf 89' lang='lat' dir='ltr'><strong><em>corporis</em></strong></span> <span class='ocrx_word' id='word_1_421' title='bbox 727 2896 817 2965; x_wconf 88' lang='lat' dir='ltr'><strong><em>deque</em></strong></span> <span class='ocrx_word' id='word_1_422' title='bbox 844 2896 1032 2950; x_wconf 87' lang='lat' dir='ltr'><strong><em>misericordia</em></strong></span> <span class='ocrx_word' id='word_1_423' title='bbox 1057 2900 1207 2954; x_wconf 88' lang='lat' dir='ltr'><strong><em>multorum</em></strong></span> <span class='ocrx_word' id='word_1_424' title='bbox 1228 2899 1350 2969; x_wconf 81' lang='lat' dir='ltr'><strong><em>publicis</em></strong></span> <span class='ocrx_word' id='word_1_425' title='bbox 1365 2901 1493 2970; x_wconf 79' lang='lat' dir='ltr'><strong><em>scriptis,</em></strong></span> <span class='ocrx_word' id='word_1_426' title='bbox 1517 2901 1643 2954; x_wconf 83' lang='lat' dir='ltr'><strong><em>omnibus</em></strong></span> <span class='ocrx_word' id='word_1_427' title='bbox 1658 2903 1762 2968; x_wconf 84' lang='lat' dir='ltr'><strong><em>ferme</em></strong></span> <span class='ocrx_word' id='word_1_428' title='bbox 1779 2901 1890 2956; x_wconf 81' lang='lat' dir='ltr'><strong><em>notiori·</em></strong></span> 
     </span>
     <span class='ocr_line' id='line_1_32' title="bbox 108 2980 1889 3055; baseline 0.003 -18"><span class='ocrx_word' id='word_1_429' title='bbox 108 3041 113 3051; x_wconf 64' lang='grc'><em>,</em></span> <span class='ocrx_word' id='word_1_430' title='bbox 198 2982 252 3037; x_wconf 87' lang='lat' dir='ltr'><strong><em>Dei</em></strong></span> <span class='ocrx_word' id='word_1_431' title='bbox 268 2984 360 3052; x_wconf 90' lang='lat' dir='ltr'><strong><em>coepit</em></strong></span> <span class='ocrx_word' id='word_1_432' title='bbox 377 2983 531 3053; x_wconf 87' lang='lat' dir='ltr'><strong><em>desperare.</em></strong></span> <span class='ocrx_word' id='word_1_433' title='bbox 566 2980 611 3036; x_wconf 89' lang='lat' dir='ltr'><strong><em>De</em></strong></span> <span class='ocrx_word' id='word_1_434' title='bbox 634 2981 748 3035; x_wconf 90' lang='lat' dir='ltr'><strong><em>consilio</em></strong></span> <span class='ocrx_word' id='word_1_435' title='bbox 771 2981 858 3052; x_wconf 90' lang='lat' dir='ltr'><strong><em>igitur</em></strong></span> <span class='ocrx_word' id='word_1_436' title='bbox 881 2982 1031 3036; x_wconf 88' lang='lat' dir='ltr'><strong><em>amicorum</em></strong></span> <span class='ocrx_word' id='word_1_437' title='bbox 1058 2986 1107 3037; x_wconf 72' lang='lat' dir='ltr'><strong><em>bras</em></strong></span> <span class='ocrx_word' id='word_1_438' title='bbox 1125 2985 1232 3053; x_wconf 83' lang='lat' dir='ltr'><strong><em>linpuis</em></strong></span> <span class='ocrx_word' id='word_1_439' title='bbox 1249 2985 1335 3039; x_wconf 63' lang='lat' dir='ltr'><strong><em>editu</em></strong></span> <span class='ocrx_word' id='word_1_440' title='bbox 1355 2986 1487 3055; x_wconf 74' lang='lat' dir='ltr'><strong><em>evulgata</em></strong></span> <span class='ocrx_word' id='word_1_441' title='bbox 1506 2987 1702 3055; x_wconf 76' lang='lat' dir='ltr'><strong><em>cdebrataque</em></strong></span> <span class='ocrx_word' id='word_1_442' title='bbox 1721 2996 1774 3042; x_wconf 87' lang='lat' dir='ltr'><strong><em>est.</em></strong></span> <span class='ocrx_word' id='word_1_443' title='bbox 1814 2987 1889 3042; x_wconf 79' lang='lat' dir='ltr'><strong><em>Anno</em></strong></span> 
     </span>
     <span class='ocr_line' id='line_1_33' title="bbox 198 3067 1886 3142; baseline 0.003 -20"><span class='ocrx_word' id='word_1_444' title='bbox 198 3068 328 3122; x_wconf 81' lang='lat' dir='ltr'><strong><em>citachIa</em></strong></span> <span class='ocrx_word' id='word_1_445' title='bbox 356 3067 480 3122; x_wconf 84' lang='lat' dir='ltr'><strong><em>defertur</em></strong></span> <span class='ocrx_word' id='word_1_446' title='bbox 497 3068 657 3137; x_wconf 81' lang='lat' dir='ltr'><strong><em>Patavium,</em></strong></span> <span class='ocrx_word' id='word_1_447' title='bbox 685 3072 717 3120; x_wconf 87' lang='lat' dir='ltr'><strong><em>ut</em></strong></span> <span class='ocrx_word' id='word_1_448' title='bbox 735 3072 763 3121; x_wconf 89' lang='lat' dir='ltr'><strong><em>st</em></strong></span> <span class='ocrx_word' id='word_1_449' title='bbox 782 3067 950 3121; x_wconf 86' lang='lat' dir='ltr'><strong><em>medicorum</em></strong></span> <span class='ocrx_word' id='word_1_450' title='bbox 967 3084 1031 3137; x_wconf 88' lang='lat' dir='ltr'><strong><em>ope·</em></strong></span> <span class='ocrx_word' id='word_1_451' title='bbox 1060 3072 1384 3142; x_wconf 61' lang='lat' dir='ltr'><strong><em>testamentarius</em></strong></span> <span class='ocrx_word' id='word_1_452' title='bbox 1399 3070 1703 3126; x_wconf 61' lang='lat' dir='ltr'><strong><em>brescmtiiPontiiicii</em></strong></span> <span class='ocrx_word' id='word_1_453' title='bbox 1721 3073 1754 3127; x_wconf 89' lang='lat' dir='ltr'><strong><em>in</em></strong></span> <span class='ocrx_word' id='word_1_454' title='bbox 1775 3074 1886 3129; x_wconf 70' lang='lat' dir='ltr'><strong><em>macilis</em></strong></span> 
     </span>
     <span class='ocr_line' id='line_1_34' title="bbox 198 3152 1886 3229; baseline 0.003 -21"><span class='ocrx_word' id='word_1_455' title='bbox 198 3171 258 3208; x_wconf 86' lang='lat' dir='ltr'><strong><em>ram</em></strong></span> <span class='ocrx_word' id='word_1_456' title='bbox 284 3162 312 3208; x_wconf 90' lang='lat' dir='ltr'><strong><em>et</em></strong></span> <span class='ocrx_word' id='word_1_457' title='bbox 334 3153 477 3207; x_wconf 88' lang='lat' dir='ltr'><strong><em>doctorum</em></strong></span> <span class='ocrx_word' id='word_1_458' title='bbox 497 3153 639 3206; x_wconf 90' lang='lat' dir='ltr'><strong><em>hominum</em></strong></span> <span class='ocrx_word' id='word_1_459' title='bbox 658 3159 785 3223; x_wconf 89' lang='lat' dir='ltr'><strong><em>paratam</em></strong></span> <span class='ocrx_word' id='word_1_460' title='bbox 805 3152 920 3207; x_wconf 85' lang='lat' dir='ltr'><strong><em>haberet</em></strong></span> <span class='ocrx_word' id='word_1_461' title='bbox 936 3169 1031 3207; x_wconf 89' lang='lat' dir='ltr'><strong><em>conso·</em></strong></span> <span class='ocrx_word' id='word_1_462' title='bbox 1056 3157 1219 3211; x_wconf 64' lang='lat' dir='ltr'><strong><em>&#39;ltidentino</em></strong></span> <span class='ocrx_word' id='word_1_463' title='bbox 1244 3156 1329 3227; x_wconf 88' lang='lat' dir='ltr'><strong><em>legati</em></strong></span> <span class='ocrx_word' id='word_1_464' title='bbox 1352 3157 1484 3228; x_wconf 88' lang='lat' dir='ltr'><strong><em>contigit,</em></strong></span> <span class='ocrx_word' id='word_1_465' title='bbox 1509 3174 1592 3229; x_wconf 88' lang='lat' dir='ltr'><strong><em>quem</em></strong></span> <span class='ocrx_word' id='word_1_466' title='bbox 1609 3157 1761 3213; x_wconf 87' lang='lat' dir='ltr'><strong><em>Sleidanas</em></strong></span> <span class='ocrx_word' id='word_1_467' title='bbox 1783 3159 1832 3215; x_wconf 90' lang='lat' dir='ltr'><strong><em>lib.</em></strong></span> <span class='ocrx_word' id='word_1_468' title='bbox 1850 3165 1886 3215; x_wconf 83' lang='lat'><strong><em>2³.</em></strong></span> 
     </span>
     <span class='ocr_line' id='line_1_35' title="bbox 197 3238 1887 3313; baseline 0.003 -19"><span class='ocrx_word' id='word_1_469' title='bbox 197 3239 335 3295; x_wconf 86' lang='lat' dir='ltr'><strong><em>lationem.</em></strong></span> <span class='ocrx_word' id='word_1_470' title='bbox 379 3239 483 3293; x_wconf 89' lang='lat' dir='ltr'><strong><em>Medici</em></strong></span> <span class='ocrx_word' id='word_1_471' title='bbox 509 3238 629 3295; x_wconf 86' lang='lat' dir='ltr'><strong><em>lobann.</em></strong></span> <span class='ocrx_word' id='word_1_472' title='bbox 654 3238 759 3293; x_wconf 90' lang='lat' dir='ltr'><strong><em>Paulus</em></strong></span> <span class='ocrx_word' id='word_1_473' title='bbox 784 3238 912 3305; x_wconf 83' lang='lat' dir='ltr'><strong><em>Crassus,</em></strong></span> <span class='ocrx_word' id='word_1_474' title='bbox 940 3238 1030 3306; x_wconf 83' lang='lat' dir='ltr'><strong><em>Bella·</em></strong></span> <span class='ocrx_word' id='word_1_475' title='bbox 1056 3249 1200 3299; x_wconf 80' lang='lat' dir='ltr'><strong><em>comment</em></strong></span> <span class='ocrx_word' id='word_1_476' title='bbox 1231 3259 1295 3313; x_wconf 88' lang='lat' dir='ltr'><strong><em>pag.</em></strong></span> <span class='ocrx_word' id='word_1_477' title='bbox 1323 3249 1380 3299; x_wconf 78' lang='lat' dir='ltr'><strong><em>lbi.</em></strong></span> <span class='ocrx_word' id='word_1_478' title='bbox 1413 3243 1456 3297; x_wconf 90' lang='lat' dir='ltr'><strong><em>his</em></strong></span> <span class='ocrx_word' id='word_1_479' title='bbox 1486 3244 1597 3299; x_wconf 88' lang='lat' dir='ltr'><strong><em>omnino</em></strong></span> <span class='ocrx_word' id='word_1_480' title='bbox 1623 3243 1717 3299; x_wconf 80' lang='lat' dir='ltr'><strong><em>verbis</em></strong></span> <span class='ocrx_word' id='word_1_481' title='bbox 1752 3245 1887 3301; x_wconf 76' lang='lat' dir='ltr'><strong><em>describit.</em></strong></span> 
     </span>
     <span class='ocr_line' id='line_1_36' title="bbox 196 3324 1887 3396; baseline 0.002 -16"><span class='ocrx_word' id='word_1_482' title='bbox 196 3334 267 3394; x_wconf 89' lang='lat' dir='ltr'><strong><em>cata,</em></strong></span> <span class='ocrx_word' id='word_1_483' title='bbox 286 3324 466 3396; x_wconf 82' lang='lat' dir='ltr'><strong><em>Frisimslega</em></strong></span> <span class='ocrx_word' id='word_1_484' title='bbox 485 3327 578 3378; x_wconf 90' lang='lat' dir='ltr'><strong><em>statim</em></strong></span> <span class='ocrx_word' id='word_1_485' title='bbox 596 3324 644 3378; x_wconf 91' lang='lat' dir='ltr'><strong><em>ubi</em></strong></span> <span class='ocrx_word' id='word_1_486' title='bbox 662 3324 810 3390; x_wconf 86' lang='lat' dir='ltr'><strong><em>vidissent,</em></strong></span> <span class='ocrx_word' id='word_1_487' title='bbox 834 3341 868 3379; x_wconf 89' lang='lat' dir='ltr'><strong><em>sx</em></strong></span> <span class='ocrx_word' id='word_1_488' title='bbox 885 3324 1030 3380; x_wconf 85' lang='lat' dir='ltr'><strong><em>vehemen·</em></strong></span> <span class='ocrx_word' id='word_1_489' title='bbox 1056 3328 1401 3384; x_wconf 79' lang='lat' dir='ltr'><strong><em>crescentiusraletudins</em></strong></span> <span class='ocrx_word' id='word_1_490' title='bbox 1412 3332 1540 3385; x_wconf 88' lang='lat' dir='ltr'><strong><em>detentus</em></strong></span> <span class='ocrx_word' id='word_1_491' title='bbox 1552 3329 1695 3385; x_wconf 82' lang='lat' dir='ltr'><strong><em>haerebat.</em></strong></span> <span class='ocrx_word' id='word_1_492' title='bbox 1712 3329 1744 3384; x_wconf 89' lang='lat' dir='ltr'><strong><em>Is</em></strong></span> <span class='ocrx_word' id='word_1_493' title='bbox 1757 3339 1887 3387; x_wconf 83' lang='lat' dir='ltr'><strong><em>nocturno</em></strong></span> 
     </span>
     <span class='ocr_line' id='line_1_37' title="bbox 195 3410 1887 3488; baseline 0.004 -22"><span class='ocrx_word' id='word_1_494' title='bbox 195 3412 259 3466; x_wconf 86' lang='lat' dir='ltr'><strong><em>tiori</em></strong></span> <span class='ocrx_word' id='word_1_495' title='bbox 286 3412 454 3482; x_wconf 82' lang='lat' dir='ltr'><strong><em>cogitatione</em></strong></span> <span class='ocrx_word' id='word_1_496' title='bbox 477 3419 574 3466; x_wconf 88' lang='lat' dir='ltr'><strong><em>natum</em></strong></span> <span class='ocrx_word' id='word_1_497' title='bbox 597 3410 738 3474; x_wconf 89' lang='lat' dir='ltr'><strong><em>morbum,</em></strong></span> <span class='ocrx_word' id='word_1_498' title='bbox 775 3427 826 3465; x_wconf 87' lang='lat' dir='ltr'><strong><em>nec</em></strong></span> <span class='ocrx_word' id='word_1_499' title='bbox 855 3411 943 3464; x_wconf 91' lang='lat' dir='ltr'><strong><em>ullum</em></strong></span> <span class='ocrx_word' id='word_1_500' title='bbox 970 3426 1031 3465; x_wconf 84' lang='lat' dir='ltr'><strong><em>esse</em></strong></span> <span class='ocrx_word' id='word_1_501' title='bbox 1056 3423 1165 3485; x_wconf 88' lang='lat' dir='ltr'><strong><em>spectro</em></strong></span> <span class='ocrx_word' id='word_1_502' title='bbox 1183 3414 1406 3485; x_wconf 80' lang='lat' dir='ltr'><strong><em>perterrefactus,</em></strong></span> <span class='ocrx_word' id='word_1_503' title='bbox 1427 3421 1459 3469; x_wconf 90' lang='lat' dir='ltr'><strong><em>ut</em></strong></span> <span class='ocrx_word' id='word_1_504' title='bbox 1477 3417 1565 3486; x_wconf 85' lang='lat' dir='ltr'><strong><em>ajunt,</em></strong></span> <span class='ocrx_word' id='word_1_505' title='bbox 1583 3422 1612 3470; x_wconf 88' lang='lat' dir='ltr'><strong><em>et</em></strong></span> <span class='ocrx_word' id='word_1_506' title='bbox 1630 3424 1782 3488; x_wconf 84' lang='lat' dir='ltr'><strong><em>aegrotare</em></strong></span> <span class='ocrx_word' id='word_1_507' title='bbox 1801 3416 1887 3472; x_wconf 84' lang='lat' dir='ltr'><strong><em>simal-</em></strong></span> 
     </span>
     <span class='ocr_line' id='line_1_38' title="bbox 197 3497 1887 3573; baseline 0.004 -22"><span class='ocrx_word' id='word_1_508' title='bbox 197 3497 348 3552; x_wconf 89' lang='lat' dir='ltr'><strong><em>remsdium</em></strong></span> <span class='ocrx_word' id='word_1_509' title='bbox 370 3498 554 3567; x_wconf 87' lang='lat' dir='ltr'><strong><em>praestantius</em></strong></span> <span class='ocrx_word' id='word_1_510' title='bbox 569 3497 738 3566; x_wconf 85' lang='lat' dir='ltr'><strong><em>judicabant</em></strong></span> <span class='ocrx_word' id='word_1_511' title='bbox 762 3513 845 3568; x_wconf 86' lang='lat' dir='ltr'><strong><em>quam</em></strong></span> <span class='ocrx_word' id='word_1_512' title='bbox 860 3497 946 3551; x_wconf 90' lang='lat' dir='ltr'><strong><em>animi</em></strong></span> <span class='ocrx_word' id='word_1_513' title='bbox 966 3514 1029 3552; x_wconf 89' lang='lat' dir='ltr'><strong><em>con·</em></strong></span> <span class='ocrx_word' id='word_1_514' title='bbox 1056 3517 1111 3571; x_wconf 89' lang='lat' dir='ltr'><strong><em>que</em></strong></span> <span class='ocrx_word' id='word_1_515' title='bbox 1128 3501 1203 3554; x_wconf 85' lang='lat' dir='ltr'><strong><em>ritae</em></strong></span> <span class='ocrx_word' id='word_1_516' title='bbox 1222 3502 1312 3571; x_wconf 89' lang='lat' dir='ltr'><strong><em>coepit</em></strong></span> <span class='ocrx_word' id='word_1_517' title='bbox 1331 3501 1489 3572; x_wconf 82' lang='lat' dir='ltr'><strong><em>desperare,</em></strong></span> <span class='ocrx_word' id='word_1_518' title='bbox 1513 3503 1692 3573; x_wconf 84' lang='lat' dir='ltr'><strong><em>quantumvis</em></strong></span> <span class='ocrx_word' id='word_1_519' title='bbox 1709 3502 1799 3558; x_wconf 80' lang='lat' dir='ltr'><strong><em>stiam</em></strong></span> <span class='ocrx_word' id='word_1_520' title='bbox 1815 3501 1887 3557; x_wconf 82' lang='lat' dir='ltr'><strong><em>fami·</em></strong></span> 
     </span>
     <span class='ocr_line' id='line_1_39' title="bbox 195 3582 1888 3659; baseline 0.005 -22"><span class='ocrx_word' id='word_1_521' title='bbox 195 3582 354 3639; x_wconf 82' lang='lat' dir='ltr'><strong><em>solutiones.</em></strong></span> <span class='ocrx_word' id='word_1_522' title='bbox 401 3582 572 3652; x_wconf 79' lang='lat' dir='ltr'><strong><em>Frequenter</em></strong></span> <span class='ocrx_word' id='word_1_523' title='bbox 601 3583 688 3653; x_wconf 89' lang='lat' dir='ltr'><strong><em>igitur</em></strong></span> <span class='ocrx_word' id='word_1_524' title='bbox 719 3583 755 3636; x_wconf 92' lang='lat' dir='ltr'><strong><em>ad</em></strong></span> <span class='ocrx_word' id='word_1_525' title='bbox 782 3582 873 3652; x_wconf 91' lang='lat' dir='ltr'><strong><em>ipsum</em></strong></span> <span class='ocrx_word' id='word_1_526' title='bbox 905 3583 1029 3653; x_wconf 87' lang='lat' dir='ltr'><strong><em>quotidie</em></strong></span> <span class='ocrx_word' id='word_1_527' title='bbox 1056 3587 1138 3641; x_wconf 85' lang='lat' dir='ltr'><strong><em>lieres</em></strong></span> <span class='ocrx_word' id='word_1_528' title='bbox 1156 3593 1241 3657; x_wconf 87' lang='lat' dir='ltr'><strong><em>atque</em></strong></span> <span class='ocrx_word' id='word_1_529' title='bbox 1259 3587 1358 3641; x_wconf 87' lang='lat' dir='ltr'><strong><em>medici</em></strong></span> <span class='ocrx_word' id='word_1_530' title='bbox 1378 3587 1585 3642; x_wconf 84' lang='lat' dir='ltr'><strong><em>consolarentur</em></strong></span> <span class='ocrx_word' id='word_1_531' title='bbox 1602 3595 1652 3642; x_wconf 82' lang='lat' dir='ltr'><strong><em>eta</em></strong></span> <span class='ocrx_word' id='word_1_532' title='bbox 1688 3586 1754 3651; x_wconf 80' lang='lat' dir='ltr'><strong><em>Qus</em></strong></span> <span class='ocrx_word' id='word_1_533' title='bbox 1772 3587 1888 3659; x_wconf 75' lang='lat' dir='ltr'><strong><em>coeperit</em></strong></span> 
     </span>
     <span class='ocr_line' id='line_1_40' title="bbox 197 3666 1886 3744; baseline 0.004 -22"><span class='ocrx_word' id='word_1_534' title='bbox 197 3669 348 3722; x_wconf 81' lang='lat' dir='ltr'><strong><em>veniebant</em></strong></span> <span class='ocrx_word' id='word_1_535' title='bbox 371 3667 494 3723; x_wconf 89' lang='lat' dir='ltr'><strong><em>homines</em></strong></span> <span class='ocrx_word' id='word_1_536' title='bbox 519 3668 592 3721; x_wconf 90' lang='lat' dir='ltr'><strong><em>docti</em></strong></span> <span class='ocrx_word' id='word_1_537' title='bbox 614 3674 642 3722; x_wconf 91' lang='lat' dir='ltr'><strong><em>st</em></strong></span> <span class='ocrx_word' id='word_1_538' title='bbox 663 3684 759 3722; x_wconf 89' lang='lat' dir='ltr'><strong><em>sacrae</em></strong></span> <span class='ocrx_word' id='word_1_539' title='bbox 777 3666 935 3738; x_wconf 83' lang='lat' dir='ltr'><strong><em>Scripturas</em></strong></span> <span class='ocrx_word' id='word_1_540' title='bbox 953 3669 1029 3722; x_wconf 86' lang='lat' dir='ltr'><strong><em>testi·</em></strong></span> <span class='ocrx_word' id='word_1_541' title='bbox 1055 3673 1197 3728; x_wconf 74' lang='lat' dir='ltr'><strong><em>occmions</em></strong></span> <span class='ocrx_word' id='word_1_542' title='bbox 1215 3678 1367 3742; x_wconf 84' lang='lat' dir='ltr'><strong><em>aegrotare,</em></strong></span> <span class='ocrx_word' id='word_1_543' title='bbox 1389 3674 1585 3727; x_wconf 86' lang='lat' dir='ltr'><strong><em>constitueram</em></strong></span> <span class='ocrx_word' id='word_1_544' title='bbox 1604 3672 1714 3728; x_wconf 90' lang='lat' dir='ltr'><strong><em>silentio</em></strong></span> <span class='ocrx_word' id='word_1_545' title='bbox 1732 3675 1886 3744; x_wconf 84' lang='lat' dir='ltr'><strong><em>praeterire,</em></strong></span> 
     </span>
     <span class='ocr_line' id='line_1_41' title="bbox 196 3751 1886 3828; baseline 0.004 -21"><span class='ocrx_word' id='word_1_546' title='bbox 196 3753 309 3814; x_wconf 87' lang='lat' dir='ltr'><strong><em>moniis,</em></strong></span> <span class='ocrx_word' id='word_1_547' title='bbox 334 3769 406 3823; x_wconf 89' lang='lat' dir='ltr'><strong><em>quae</em></strong></span> <span class='ocrx_word' id='word_1_548' title='bbox 424 3769 558 3807; x_wconf 86' lang='lat' dir='ltr'><strong><em>summam</em></strong></span> <span class='ocrx_word' id='word_1_549' title='bbox 576 3751 630 3807; x_wconf 85' lang='lat' dir='ltr'><strong><em>Dei</em></strong></span> <span class='ocrx_word' id='word_1_550' title='bbox 649 3754 864 3807; x_wconf 87' lang='lat' dir='ltr'><strong><em>misericordiam</em></strong></span> <span class='ocrx_word' id='word_1_551' title='bbox 882 3754 962 3808; x_wconf 92' lang='lat' dir='ltr'><strong><em>nobis</em></strong></span> <span class='ocrx_word' id='word_1_552' title='bbox 983 3771 1028 3809; x_wconf 87' lang='lat' dir='ltr'><strong><em>ex·</em></strong></span> <span class='ocrx_word' id='word_1_553' title='bbox 1055 3758 1130 3828; x_wconf 88' lang='lat' dir='ltr'><strong><em>quod</em></strong></span> <span class='ocrx_word' id='word_1_554' title='bbox 1148 3757 1269 3827; x_wconf 86' lang='lat' dir='ltr'><strong><em>suspicio</em></strong></span> <span class='ocrx_word' id='word_1_555' title='bbox 1289 3764 1357 3823; x_wconf 88' lang='lat' dir='ltr'><strong><em>erat,</em></strong></span> <span class='ocrx_word' id='word_1_556' title='bbox 1374 3758 1404 3811; x_wconf 94' lang='lat' dir='ltr'><strong><em>in</em></strong></span> <span class='ocrx_word' id='word_1_557' title='bbox 1421 3759 1481 3828; x_wconf 87' lang='lat' dir='ltr'><strong><em>ejus</em></strong></span> <span class='ocrx_word' id='word_1_558' title='bbox 1499 3758 1631 3812; x_wconf 80' lang='lat' dir='ltr'><strong><em>invidiam</em></strong></span> <span class='ocrx_word' id='word_1_559' title='bbox 1651 3775 1713 3815; x_wconf 88' lang='lat' dir='ltr'><strong><em>esse</em></strong></span> <span class='ocrx_word' id='word_1_560' title='bbox 1732 3759 1886 3824; x_wconf 82' lang='lat' dir='ltr'><strong><em>confictum,</em></strong></span> 
     </span>
     <span class='ocr_line' id='line_1_42' title="bbox 196 3837 1886 3916; baseline 0.006 -25"><span class='ocrx_word' id='word_1_561' title='bbox 196 3838 310 3908; x_wconf 86' lang='lat' dir='ltr'><strong><em>plicant,</em></strong></span> <span class='ocrx_word' id='word_1_562' title='bbox 322 3846 440 3892; x_wconf 85' lang='lat' dir='ltr'><strong><em>mentem</em></strong></span> <span class='ocrx_word' id='word_1_563' title='bbox 452 3838 527 3891; x_wconf 91' lang='lat' dir='ltr'><strong><em>illius</em></strong></span> <span class='ocrx_word' id='word_1_564' title='bbox 538 3854 635 3893; x_wconf 85' lang='lat' dir='ltr'><strong><em>sanare</em></strong></span> <span class='ocrx_word' id='word_1_565' title='bbox 647 3837 804 3892; x_wconf 87' lang='lat' dir='ltr'><strong><em>studebant.</em></strong></span> <span class='ocrx_word' id='word_1_566' title='bbox 827 3839 892 3908; x_wconf 90' lang='lat' dir='ltr'><strong><em>Ipse</em></strong></span> <span class='ocrx_word' id='word_1_567' title='bbox 900 3854 965 3894; x_wconf 87' lang='lat' dir='ltr'><strong><em>rere</em></strong></span> <span class='ocrx_word' id='word_1_568' title='bbox 974 3858 1029 3894; x_wconf 89' lang='lat' dir='ltr'><strong><em>non</em></strong></span> <span class='ocrx_word' id='word_1_569' title='bbox 1055 3844 1103 3898; x_wconf 86' lang='lat' dir='ltr'><strong><em>sed</em></strong></span> <span class='ocrx_word' id='word_1_570' title='bbox 1122 3845 1252 3914; x_wconf 89' lang='lat' dir='ltr'><strong><em>quoniam</em></strong></span> <span class='ocrx_word' id='word_1_571' title='bbox 1270 3843 1357 3912; x_wconf 91' lang='lat' dir='ltr'><strong><em>ipsius</em></strong></span> <span class='ocrx_word' id='word_1_572' title='bbox 1375 3843 1456 3898; x_wconf 89' lang='lat' dir='ltr'><strong><em>amici</em></strong></span> <span class='ocrx_word' id='word_1_573' title='bbox 1475 3860 1509 3898; x_wconf 88' lang='lat' dir='ltr'><strong><em>ac</em></strong></span> <span class='ocrx_word' id='word_1_574' title='bbox 1527 3844 1693 3914; x_wconf 83' lang='lat' dir='ltr'><strong><em>familiares,</em></strong></span> <span class='ocrx_word' id='word_1_575' title='bbox 1710 3846 1762 3916; x_wconf 89' lang='lat' dir='ltr'><strong><em>qui</em></strong></span> <span class='ocrx_word' id='word_1_576' title='bbox 1781 3846 1886 3901; x_wconf 88' lang='lat' dir='ltr'><strong><em>decum-</em></strong></span> 
     </span>
     <span class='ocr_line' id='line_1_43' title="bbox 197 3925 1884 4001; baseline 0.005 -23"><span class='ocrx_word' id='word_1_577' title='bbox 197 3925 324 3994; x_wconf 72' lang='lat' dir='ltr'><strong><em>inficmn·</em></strong></span> <span class='ocrx_word' id='word_1_578' title='bbox 343 3925 455 3992; x_wconf 78' lang='lat' dir='ltr'><strong><em>quidem</em></strong></span> <span class='ocrx_word' id='word_1_579' title='bbox 473 3925 542 3992; x_wconf 84' lang='lat' dir='ltr'><strong><em>ista,</em></strong></span> <span class='ocrx_word' id='word_1_580' title='bbox 566 3925 618 3977; x_wconf 85' lang='lat' dir='ltr'><strong><em>sed</em></strong></span> <span class='ocrx_word' id='word_1_581' title='bbox 635 3927 675 3976; x_wconf 87' lang='lat' dir='ltr'><strong><em>ad</em></strong></span> <span class='ocrx_word' id='word_1_582' title='bbox 692 3925 810 3978; x_wconf 76' lang='lat' dir='ltr'><strong><em>cenibil</em></strong></span> <span class='ocrx_word' id='word_1_583' title='bbox 824 3927 981 3993; x_wconf 87' lang='lat' dir='ltr'><strong><em>pertinere,</em></strong></span> <span class='ocrx_word' id='word_1_584' title='bbox 1004 3934 1030 3979; x_wconf 89' lang='lat' dir='ltr'><strong><em>et</em></strong></span> <span class='ocrx_word' id='word_1_585' title='bbox 1055 3929 1166 3984; x_wconf 84' lang='lat' dir='ltr'><strong><em>beatem</em></strong></span> <span class='ocrx_word' id='word_1_586' title='bbox 1185 3929 1335 4000; x_wconf 86' lang='lat' dir='ltr'><strong><em>aliquando</em></strong></span> <span class='ocrx_word' id='word_1_587' title='bbox 1360 3929 1493 3984; x_wconf 84' lang='lat' dir='ltr'><strong><em>consolati</em></strong></span> <span class='ocrx_word' id='word_1_588' title='bbox 1513 3937 1590 4000; x_wconf 89' lang='lat' dir='ltr'><strong><em>sunt,</em></strong></span> <span class='ocrx_word' id='word_1_589' title='bbox 1617 3930 1658 3985; x_wconf 86' lang='lat' dir='ltr'><strong><em>ita</em></strong></span> <span class='ocrx_word' id='word_1_590' title='bbox 1675 3931 1817 4001; x_wconf 83' lang='lat' dir='ltr'><strong><em>referunt,</em></strong></span> <span class='ocrx_word' id='word_1_591' title='bbox 1840 3929 1884 3985; x_wconf 81' lang='lat' dir='ltr'><strong><em>ad·</em></strong></span> 
     </span>
     <span class='ocr_line' id='line_1_44' title="bbox 196 4010 1885 4085; baseline 0.005 -23"><span class='ocrx_word' id='word_1_592' title='bbox 196 4013 274 4081; x_wconf 74' lang='lat' dir='ltr'><strong><em>quod</em></strong></span> <span class='ocrx_word' id='word_1_593' title='bbox 299 4012 425 4077; x_wconf 82' lang='lat' dir='ltr'><strong><em>apnitom</em></strong></span> <span class='ocrx_word' id='word_1_594' title='bbox 447 4013 592 4063; x_wconf 85' lang='lat' dir='ltr'><strong><em>ueritatem</em></strong></span> <span class='ocrx_word' id='word_1_595' title='bbox 619 4010 780 4078; x_wconf 84' lang='lat' dir='ltr'><strong><em>abjurasset</em></strong></span> <span class='ocrx_word' id='word_1_596' title='bbox 807 4019 880 4064; x_wconf 89' lang='lat' dir='ltr'><strong><em>metu</em></strong></span> <span class='ocrx_word' id='word_1_597' title='bbox 901 4013 1030 4080; x_wconf 82' lang='lat' dir='ltr'><strong><em>periculi,</em></strong></span> <span class='ocrx_word' id='word_1_598' title='bbox 1055 4015 1175 4070; x_wconf 83' lang='lat' dir='ltr'><strong><em>(lendum</em></strong></span> <span class='ocrx_word' id='word_1_599' title='bbox 1194 4031 1254 4070; x_wconf 86' lang='lat' dir='ltr'><strong><em>esse</em></strong></span> <span class='ocrx_word' id='word_1_600' title='bbox 1273 4015 1376 4085; x_wconf 83' lang='lat' dir='ltr'><strong><em>putavi.</em></strong></span> <span class='ocrx_word' id='word_1_601' title='bbox 1411 4015 1505 4069; x_wconf 80' lang='lat' dir='ltr'><strong><em>Martii</em></strong></span> <span class='ocrx_word' id='word_1_602' title='bbox 1528 4017 1574 4071; x_wconf 90' lang='lat' dir='ltr'><strong><em>die</em></strong></span> <span class='ocrx_word' id='word_1_603' title='bbox 1592 4022 1635 4073; x_wconf 80' lang='lat'><strong><em>25.</em></strong></span> <span class='ocrx_word' id='word_1_604' title='bbox 1652 4016 1811 4073; x_wconf 87' lang='lat' dir='ltr'><strong><em>scribendis</em></strong></span> <span class='ocrx_word' id='word_1_605' title='bbox 1830 4017 1885 4071; x_wconf 88' lang='lat' dir='ltr'><strong><em>lite-</em></strong></span> 
     </span>
     <span class='ocr_line' id='line_1_45' title="bbox 198 4096 1885 4173; baseline 0.005 -23"><span class='ocrx_word' id='word_1_606' title='bbox 198 4098 368 4150; x_wconf 56' lang='lat' dir='ltr'><strong><em>&amp;adamum</em></strong></span> <span class='ocrx_word' id='word_1_607' title='bbox 404 4113 433 4149; x_wconf 88' lang='lat' dir='ltr'><strong><em>se</em></strong></span> <span class='ocrx_word' id='word_1_608' title='bbox 465 4096 636 4149; x_wconf 73' lang='lat' dir='ltr'><strong><em>mortalibus</em></strong></span> <span class='ocrx_word' id='word_1_609' title='bbox 671 4097 791 4149; x_wconf 85' lang='lat' dir='ltr'><strong><em>aeternis</em></strong></span> <span class='ocrx_word' id='word_1_610' title='bbox 820 4104 846 4150; x_wconf 88' lang='lat' dir='ltr'><strong><em>et</em></strong></span> <span class='ocrx_word' id='word_1_611' title='bbox 874 4097 941 4150; x_wconf 88' lang='lat' dir='ltr'><strong><em>illos</em></strong></span> <span class='ocrx_word' id='word_1_612' title='bbox 968 4098 1029 4166; x_wconf 76' lang='lat' dir='ltr'><strong><em>jam</em></strong></span> <span class='ocrx_word' id='word_1_613' title='bbox 1054 4101 1091 4154; x_wconf 87' lang='lat' dir='ltr'><strong><em>ris</em></strong></span> <span class='ocrx_word' id='word_1_614' title='bbox 1109 4101 1145 4155; x_wconf 91' lang='lat' dir='ltr'><strong><em>ad</em></strong></span> <span class='ocrx_word' id='word_1_615' title='bbox 1163 4099 1322 4170; x_wconf 86' lang='lat' dir='ltr'><strong><em>pontificem</em></strong></span> <span class='ocrx_word' id='word_1_616' title='bbox 1340 4101 1423 4156; x_wconf 86' lang='lat' dir='ltr'><strong><em>ralde</em></strong></span> <span class='ocrx_word' id='word_1_617' title='bbox 1440 4102 1532 4157; x_wconf 83' lang='lat' dir='ltr'><strong><em>fuerat</em></strong></span> <span class='ocrx_word' id='word_1_618' title='bbox 1548 4109 1701 4173; x_wconf 89' lang='lat' dir='ltr'><strong><em>occupatus</em></strong></span> <span class='ocrx_word' id='word_1_619' title='bbox 1720 4109 1752 4157; x_wconf 87' lang='lat' dir='ltr'><strong><em>et</em></strong></span> <span class='ocrx_word' id='word_1_620' title='bbox 1769 4103 1885 4158; x_wconf 83' lang='lat' dir='ltr'><strong><em>laborem</em></strong></span> 
     </span>
     <span class='ocr_line' id='line_1_46' title="bbox 196 4183 1885 4259; baseline 0.005 -24"><span class='ocrx_word' id='word_1_621' title='bbox 196 4186 290 4236; x_wconf 81' lang='lat' dir='ltr'><strong><em>animo</em></strong></span> <span class='ocrx_word' id='word_1_622' title='bbox 309 4198 369 4235; x_wconf 86' lang='lat' dir='ltr'><strong><em>sese</em></strong></span> <span class='ocrx_word' id='word_1_623' title='bbox 388 4183 589 4250; x_wconf 84' lang='lat' dir='ltr'><strong><em>persentiscere</em></strong></span> <span class='ocrx_word' id='word_1_624' title='bbox 606 4189 689 4249; x_wconf 82' lang='lat' dir='ltr'><strong><em>atque</em></strong></span> <span class='ocrx_word' id='word_1_625' title='bbox 707 4183 810 4250; x_wconf 84' lang='lat' dir='ltr'><strong><em>videre,</em></strong></span> <span class='ocrx_word' id='word_1_626' title='bbox 830 4198 917 4250; x_wconf 78' lang='lat' dir='ltr'><strong><em>neprre</em></strong></span> <span class='ocrx_word' id='word_1_627' title='bbox 936 4185 1029 4236; x_wconf 86' lang='lat' dir='ltr'><strong><em>Deum</em></strong></span> <span class='ocrx_word' id='word_1_628' title='bbox 1055 4187 1091 4239; x_wconf 90' lang='lat' dir='ltr'><strong><em>ad</em></strong></span> <span class='ocrx_word' id='word_1_629' title='bbox 1117 4194 1225 4241; x_wconf 85' lang='lat' dir='ltr'><strong><em>noctem</em></strong></span> <span class='ocrx_word' id='word_1_630' title='bbox 1249 4203 1338 4257; x_wconf 89' lang='lat' dir='ltr'><strong><em>usque</em></strong></span> <span class='ocrx_word' id='word_1_631' title='bbox 1361 4188 1540 4242; x_wconf 84' lang='lat' dir='ltr'><strong><em>continuarit.</em></strong></span> <span class='ocrx_word' id='word_1_632' title='bbox 1576 4187 1621 4242; x_wconf 90' lang='lat' dir='ltr'><strong><em>Ibi</em></strong></span> <span class='ocrx_word' id='word_1_633' title='bbox 1647 4204 1783 4259; x_wconf 86' lang='lat' dir='ltr'><strong><em>surgens,</em></strong></span> <span class='ocrx_word' id='word_1_634' title='bbox 1811 4196 1842 4245; x_wconf 82' lang='lat' dir='ltr'><strong><em>ut</em></strong></span> <span class='ocrx_word' id='word_1_635' title='bbox 1858 4205 1885 4243; x_wconf 89' lang='lat' dir='ltr'><strong><em>se</em></strong></span> 
     </span>
     <span class='ocr_line' id='line_1_47' title="bbox 198 4266 1885 4344; baseline 0.004 -23"><span class='ocrx_word' id='word_1_636' title='bbox 198 4285 296 4321; x_wconf 87' lang='lat' dir='ltr'><strong><em>amare</em></strong></span> <span class='ocrx_word' id='word_1_637' title='bbox 316 4284 413 4336; x_wconf 86' lang='lat' dir='ltr'><strong><em>posse,</em></strong></span> <span class='ocrx_word' id='word_1_638' title='bbox 436 4283 531 4320; x_wconf 84' lang='lat' dir='ltr'><strong><em>uerum</em></strong></span> <span class='ocrx_word' id='word_1_639' title='bbox 551 4267 725 4321; x_wconf 77' lang='lat' dir='ltr'><strong><em>horribiliter</em></strong></span> <span class='ocrx_word' id='word_1_640' title='bbox 743 4270 836 4321; x_wconf 85' lang='lat' dir='ltr'><strong><em>odisse</em></strong></span> <span class='ocrx_word' id='word_1_641' title='bbox 855 4266 977 4335; x_wconf 88' lang='lat' dir='ltr'><strong><em>dicebat,</em></strong></span> <span class='ocrx_word' id='word_1_642' title='bbox 1000 4269 1028 4322; x_wconf 91' lang='lat' dir='ltr'><strong><em>in</em></strong></span> <span class='ocrx_word' id='word_1_643' title='bbox 1054 4270 1192 4341; x_wconf 87' lang='lat' dir='ltr'><strong><em>reficeret,</em></strong></span> <span class='ocrx_word' id='word_1_644' title='bbox 1219 4288 1285 4327; x_wconf 86' lang='lat' dir='ltr'><strong><em>ecce</em></strong></span> <span class='ocrx_word' id='word_1_645' title='bbox 1307 4272 1383 4327; x_wconf 68' lang='lat' dir='ltr'><strong><em>usus</em></strong></span> <span class='ocrx_word' id='word_1_646' title='bbox 1407 4279 1449 4327; x_wconf 86' lang='lat' dir='ltr'><strong><em>sst</em></strong></span> <span class='ocrx_word' id='word_1_647' title='bbox 1473 4272 1514 4326; x_wconf 90' lang='lat' dir='ltr'><strong><em>illi</em></strong></span> <span class='ocrx_word' id='word_1_648' title='bbox 1541 4273 1617 4327; x_wconf 87' lang='lat' dir='ltr'><strong><em>canis</em></strong></span> <span class='ocrx_word' id='word_1_649' title='bbox 1634 4274 1752 4344; x_wconf 86' lang='lat' dir='ltr'><strong><em>quidam</em></strong></span> <span class='ocrx_word' id='word_1_650' title='bbox 1773 4282 1834 4330; x_wconf 83' lang='lat' dir='ltr'><strong><em>ater</em></strong></span> <span class='ocrx_word' id='word_1_651' title='bbox 1848 4274 1885 4328; x_wconf 88' lang='lat' dir='ltr'><strong><em>iu·</em></strong></span> 
     </span>
     <span class='ocr_line' id='line_1_48' title="bbox 195 4352 1885 4430; baseline 0.003 -21"><span class='ocrx_word' id='word_1_652' title='bbox 195 4371 284 4424; x_wconf 87' lang='lat' dir='ltr'><strong><em>eoque</em></strong></span> <span class='ocrx_word' id='word_1_653' title='bbox 311 4353 446 4423; x_wconf 84' lang='lat' dir='ltr'><strong><em>perstitit;</em></strong></span> <span class='ocrx_word' id='word_1_654' title='bbox 472 4369 562 4424; x_wconf 90' lang='lat' dir='ltr'><strong><em>neque</em></strong></span> <span class='ocrx_word' id='word_1_655' title='bbox 583 4354 643 4421; x_wconf 84' lang='lat' dir='ltr'><strong><em>J&#39;am</em></strong></span> <span class='ocrx_word' id='word_1_656' title='bbox 666 4352 760 4408; x_wconf 88' lang='lat' dir='ltr'><strong><em>cibum</em></strong></span> <span class='ocrx_word' id='word_1_657' title='bbox 786 4352 904 4423; x_wconf 86' lang='lat' dir='ltr'><strong><em>amplius</em></strong></span> <span class='ocrx_word' id='word_1_658' title='bbox 928 4371 1028 4423; x_wconf 88' lang='lat' dir='ltr'><strong><em>capere</em></strong></span> <span class='ocrx_word' id='word_1_659' title='bbox 1053 4358 1156 4410; x_wconf 87' lang='lat' dir='ltr'><strong><em>usitata</em></strong></span> <span class='ocrx_word' id='word_1_660' title='bbox 1181 4357 1386 4428; x_wconf 83' lang='lat' dir='ltr'><strong><em>magnitudine,</em></strong></span> <span class='ocrx_word' id='word_1_661' title='bbox 1415 4357 1622 4413; x_wconf 85' lang='lat' dir='ltr'><strong><em>flammantibus</em></strong></span> <span class='ocrx_word' id='word_1_662' title='bbox 1645 4360 1751 4430; x_wconf 88' lang='lat' dir='ltr'><strong><em>oculis,</em></strong></span> <span class='ocrx_word' id='word_1_663' title='bbox 1777 4362 1885 4416; x_wconf 85' lang='lat' dir='ltr'><strong><em>auribus</em></strong></span> 
     </span>
     <span class='ocr_line' id='line_1_49' title="bbox 192 4438 1885 4517; baseline 0.005 -24"><span class='ocrx_word' id='word_1_664' title='bbox 192 4439 318 4506; x_wconf 80' lang='lat' dir='ltr'><strong><em>volebat,</em></strong></span> <span class='ocrx_word' id='word_1_665' title='bbox 347 4445 454 4493; x_wconf 87' lang='lat' dir='ltr'><strong><em>etcum</em></strong></span> <span class='ocrx_word' id='word_1_666' title='bbox 478 4455 528 4509; x_wconf 91' lang='lat' dir='ltr'><strong><em>per</em></strong></span> <span class='ocrx_word' id='word_1_667' title='bbox 552 4438 606 4492; x_wconf 89' lang='lat' dir='ltr'><strong><em>vim</em></strong></span> <span class='ocrx_word' id='word_1_668' title='bbox 631 4441 816 4510; x_wconf 87' lang='lat' dir='ltr'><strong><em>ingereretur,</em></strong></span> <span class='ocrx_word' id='word_1_669' title='bbox 845 4440 962 4494; x_wconf 89' lang='lat' dir='ltr'><strong><em>subinde</em></strong></span> <span class='ocrx_word' id='word_1_670' title='bbox 986 4457 1028 4494; x_wconf 85' lang='lat' dir='ltr'><strong><em>re·</em></strong></span> <span class='ocrx_word' id='word_1_671' title='bbox 1052 4443 1089 4497; x_wconf 87' lang='lat' dir='ltr'><strong><em>ad</em></strong></span> <span class='ocrx_word' id='word_1_672' title='bbox 1106 4448 1208 4496; x_wconf 86' lang='lat' dir='ltr'><strong><em>terram</em></strong></span> <span class='ocrx_word' id='word_1_673' title='bbox 1228 4460 1314 4514; x_wconf 90' lang='lat' dir='ltr'><strong><em>prope</em></strong></span> <span class='ocrx_word' id='word_1_674' title='bbox 1332 4443 1459 4498; x_wconf 88' lang='lat' dir='ltr'><strong><em>demissis</em></strong></span> <span class='ocrx_word' id='word_1_675' title='bbox 1479 4444 1587 4515; x_wconf 88' lang='lat' dir='ltr'><strong><em>ingredi</em></strong></span> <span class='ocrx_word' id='word_1_676' title='bbox 1606 4452 1634 4500; x_wconf 86' lang='lat' dir='ltr'><strong><em>et</em></strong></span> <span class='ocrx_word' id='word_1_677' title='bbox 1651 4445 1687 4500; x_wconf 88' lang='lat' dir='ltr'><strong><em>ad</em></strong></span> <span class='ocrx_word' id='word_1_678' title='bbox 1706 4447 1801 4517; x_wconf 91' lang='lat' dir='ltr'><strong><em>ipsum</em></strong></span> <span class='ocrx_word' id='word_1_679' title='bbox 1814 4454 1885 4500; x_wconf 83' lang='lat' dir='ltr'><strong><em>recu</em></strong></span> 
     </span>
     <span class='ocr_line' id='line_1_50' title="bbox 194 4523 1884 4596; baseline 0.005 -18"><span class='ocrx_word' id='word_1_680' title='bbox 194 4525 277 4595; x_wconf 91' lang='lat' dir='ltr'><strong><em>spuit.</em></strong></span> <span class='ocrx_word' id='word_1_681' title='bbox 313 4523 384 4578; x_wconf 84' lang='lat' dir='ltr'><strong><em>Cum</em></strong></span> <span class='ocrx_word' id='word_1_682' title='bbox 402 4541 469 4594; x_wconf 85' lang='lat' dir='ltr'><strong><em>ergo</em></strong></span> <span class='ocrx_word' id='word_1_683' title='bbox 489 4524 590 4578; x_wconf 72' lang='lat' dir='ltr'><strong><em>nurus</em></strong></span> <span class='ocrx_word' id='word_1_684' title='bbox 608 4533 834 4581; x_wconf 85' lang='lat' dir='ltr'><strong><em>consumerentur</em></strong></span> <span class='ocrx_word' id='word_1_685' title='bbox 852 4527 945 4580; x_wconf 89' lang='lat' dir='ltr'><strong><em>omnia</em></strong></span> <span class='ocrx_word' id='word_1_686' title='bbox 963 4542 1026 4580; x_wconf 90' lang='lat' dir='ltr'><strong><em>con·</em></strong></span> <span class='ocrx_word' id='word_1_687' title='bbox 1051 4528 1233 4596; x_wconf 86' lang='lat' dir='ltr'><strong><em>contendere,</em></strong></span> <span class='ocrx_word' id='word_1_688' title='bbox 1262 4528 1363 4583; x_wconf 87' lang='lat' dir='ltr'><strong><em>deinde</em></strong></span> <span class='ocrx_word' id='word_1_689' title='bbox 1387 4529 1439 4583; x_wconf 91' lang='lat' dir='ltr'><strong><em>sub</em></strong></span> <span class='ocrx_word' id='word_1_690' title='bbox 1464 4547 1585 4586; x_wconf 86' lang='lat' dir='ltr'><strong><em>mensam</em></strong></span> <span class='ocrx_word' id='word_1_691' title='bbox 1604 4530 1698 4586; x_wconf 89' lang='lat' dir='ltr'><strong><em>dilabi.</em></strong></span> <span class='ocrx_word' id='word_1_692' title='bbox 1735 4531 1884 4587; x_wconf 74' lang='lat' dir='ltr'><strong><em>Pmcassar</em></strong></span> 
     </span>
     <span class='ocr_line' id='line_1_51' title="bbox 193 4610 1884 4688; baseline 0.006 -25"><span class='ocrx_word' id='word_1_693' title='bbox 193 4611 255 4664; x_wconf 90' lang='lat' dir='ltr'><strong><em>silia</em></strong></span> <span class='ocrx_word' id='word_1_694' title='bbox 277 4618 305 4664; x_wconf 89' lang='lat' dir='ltr'><strong><em>et</em></strong></span> <span class='ocrx_word' id='word_1_695' title='bbox 329 4610 416 4679; x_wconf 89' lang='lat' dir='ltr'><strong><em>ipsius</em></strong></span> <span class='ocrx_word' id='word_1_696' title='bbox 439 4619 498 4664; x_wconf 91' lang='lat' dir='ltr'><strong><em>tum</em></strong></span> <span class='ocrx_word' id='word_1_697' title='bbox 521 4610 666 4665; x_wconf 85' lang='lat' dir='ltr'><strong><em>infirmitas</em></strong></span> <span class='ocrx_word' id='word_1_698' title='bbox 691 4612 828 4682; x_wconf 89' lang='lat' dir='ltr'><strong><em>corporis,</em></strong></span> <span class='ocrx_word' id='word_1_699' title='bbox 859 4619 918 4665; x_wconf 88' lang='lat' dir='ltr'><strong><em>tum</em></strong></span> <span class='ocrx_word' id='word_1_700' title='bbox 939 4628 1027 4682; x_wconf 87' lang='lat' dir='ltr'><strong><em>angor</em></strong></span> <span class='ocrx_word' id='word_1_701' title='bbox 1053 4621 1081 4668; x_wconf 86' lang='lat' dir='ltr'><strong><em>st</em></strong></span> <span class='ocrx_word' id='word_1_702' title='bbox 1102 4612 1310 4684; x_wconf 81' lang='lat' dir='ltr'><strong><em>obstupefactus</em></strong></span> <span class='ocrx_word' id='word_1_703' title='bbox 1330 4615 1379 4670; x_wconf 93' lang='lat' dir='ltr'><strong><em>ubi</em></strong></span> <span class='ocrx_word' id='word_1_704' title='bbox 1398 4615 1508 4671; x_wconf 91' lang='lat' dir='ltr'><strong><em>demum</em></strong></span> <span class='ocrx_word' id='word_1_705' title='bbox 1528 4633 1589 4672; x_wconf 88' lang='lat' dir='ltr'><strong><em>sese</em></strong></span> <span class='ocrx_word' id='word_1_706' title='bbox 1606 4617 1735 4688; x_wconf 87' lang='lat' dir='ltr'><strong><em>collegit,</em></strong></span> <span class='ocrx_word' id='word_1_707' title='bbox 1754 4619 1884 4673; x_wconf 81' lang='lat' dir='ltr'><strong><em>famulum</em></strong></span> 
     </span>
     <span class='ocr_line' id='line_1_52' title="bbox 192 4696 1885 4774; baseline 0.006 -24"><span class='ocrx_word' id='word_1_708' title='bbox 192 4696 293 4750; x_wconf 88' lang='lat' dir='ltr'><strong><em>mentis</em></strong></span> <span class='ocrx_word' id='word_1_709' title='bbox 305 4696 334 4749; x_wconf 93' lang='lat' dir='ltr'><strong><em>in</em></strong></span> <span class='ocrx_word' id='word_1_710' title='bbox 349 4696 408 4749; x_wconf 90' lang='lat' dir='ltr'><strong><em>dies</em></strong></span> <span class='ocrx_word' id='word_1_711' title='bbox 418 4696 506 4766; x_wconf 86' lang='lat' dir='ltr'><strong><em>magis</em></strong></span> <span class='ocrx_word' id='word_1_712' title='bbox 525 4704 610 4767; x_wconf 85' lang='lat' dir='ltr'><strong><em>atque</em></strong></span> <span class='ocrx_word' id='word_1_713' title='bbox 621 4696 710 4767; x_wconf 85' lang='lat' dir='ltr'><strong><em>magis</em></strong></span> <span class='ocrx_word' id='word_1_714' title='bbox 723 4705 894 4769; x_wconf 87' lang='lat' dir='ltr'><strong><em>augesceret,</em></strong></span> <span class='ocrx_word' id='word_1_715' title='bbox 914 4698 1024 4751; x_wconf 90' lang='lat' dir='ltr'><strong><em>domum</em></strong></span> <span class='ocrx_word' id='word_1_716' title='bbox 1052 4701 1196 4768; x_wconf 89' lang='lat' dir='ltr'><strong><em>inclamat,</em></strong></span> <span class='ocrx_word' id='word_1_717' title='bbox 1220 4700 1269 4771; x_wconf 90' lang='lat' dir='ltr'><strong><em>qui</em></strong></span> <span class='ocrx_word' id='word_1_718' title='bbox 1293 4707 1353 4755; x_wconf 87' lang='lat' dir='ltr'><strong><em>erat</em></strong></span> <span class='ocrx_word' id='word_1_719' title='bbox 1376 4701 1404 4755; x_wconf 93' lang='lat' dir='ltr'><strong><em>in</em></strong></span> <span class='ocrx_word' id='word_1_720' title='bbox 1422 4702 1553 4757; x_wconf 70' lang='lat' dir='ltr'><strong><em>nummosi</em></strong></span> <span class='ocrx_word' id='word_1_721' title='bbox 1572 4701 1716 4773; x_wconf 88' lang='lat' dir='ltr'><strong><em>cubiculo,</em></strong></span> <span class='ocrx_word' id='word_1_722' title='bbox 1737 4705 1825 4774; x_wconf 82' lang='lat' dir='ltr'><strong><em>jubet</em></strong></span> <span class='ocrx_word' id='word_1_723' title='bbox 1841 4705 1885 4760; x_wconf 89' lang='lat' dir='ltr'><strong><em>sd·</em></strong></span> 
     </span>
     <span class='ocr_line' id='line_1_53' title="bbox 192 4781 1884 4857; baseline 0.007 -22"><span class='ocrx_word' id='word_1_724' title='bbox 192 4782 297 4836; x_wconf 88' lang='lat' dir='ltr'><strong><em>relatus</em></strong></span> <span class='ocrx_word' id='word_1_725' title='bbox 321 4781 374 4834; x_wconf 86' lang='lat' dir='ltr'><strong><em>fuit</em></strong></span> <span class='ocrx_word' id='word_1_726' title='bbox 393 4786 477 4852; x_wconf 87' lang='lat' dir='ltr'><strong><em>atque</em></strong></span> <span class='ocrx_word' id='word_1_727' title='bbox 495 4781 535 4836; x_wconf 92' lang='lat' dir='ltr'><strong><em>ibi</em></strong></span> <span class='ocrx_word' id='word_1_728' title='bbox 555 4783 637 4836; x_wconf 88' lang='lat' dir='ltr'><strong><em>miser</em></strong></span> <span class='ocrx_word' id='word_1_729' title='bbox 655 4783 684 4836; x_wconf 91' lang='lat' dir='ltr'><strong><em>in</em></strong></span> <span class='ocrx_word' id='word_1_730' title='bbox 705 4799 737 4837; x_wconf 89' lang='lat' dir='ltr'><strong><em>so</em></strong></span> <span class='ocrx_word' id='word_1_731' title='bbox 756 4791 830 4838; x_wconf 90' lang='lat' dir='ltr'><strong><em>statu</em></strong></span> <span class='ocrx_word' id='word_1_732' title='bbox 848 4799 881 4836; x_wconf 88' lang='lat' dir='ltr'><strong><em>ac</em></strong></span> <span class='ocrx_word' id='word_1_733' title='bbox 899 4785 1025 4853; x_wconf 89' lang='lat' dir='ltr'><strong><em>despera·</em></strong></span> <span class='ocrx_word' id='word_1_734' title='bbox 1051 4787 1116 4843; x_wconf 83' lang='lat' dir='ltr'><strong><em>ferri</em></strong></span> <span class='ocrx_word' id='word_1_735' title='bbox 1140 4787 1232 4840; x_wconf 91' lang='lat' dir='ltr'><strong><em>lumen</em></strong></span> <span class='ocrx_word' id='word_1_736' title='bbox 1258 4789 1287 4838; x_wconf 89' lang='lat' dir='ltr'><strong><em>et</em></strong></span> <span class='ocrx_word' id='word_1_737' title='bbox 1309 4786 1471 4857; x_wconf 85' lang='lat' dir='ltr'><strong><em>investigari</em></strong></span> <span class='ocrx_word' id='word_1_738' title='bbox 1487 4804 1598 4853; x_wconf 71' lang='lat' dir='ltr'><strong><em>mnam,</em></strong></span> <span class='ocrx_word' id='word_1_739' title='bbox 1625 4805 1689 4843; x_wconf 87' lang='lat' dir='ltr'><strong><em>cum</em></strong></span> <span class='ocrx_word' id='word_1_740' title='bbox 1713 4797 1810 4846; x_wconf 87' lang='lat' dir='ltr'><strong><em>autem</em></strong></span> <span class='ocrx_word' id='word_1_741' title='bbox 1827 4807 1884 4846; x_wconf 73' lang='lat' dir='ltr'><strong><em>nas</em></strong></span> 
     </span>
     <span class='ocr_line' id='line_1_54' title="bbox 191 4866 1883 4949; baseline 0.005 -27"><span class='ocrx_word' id='word_1_742' title='bbox 191 4868 267 4922; x_wconf 89' lang='lat' dir='ltr'><strong><em>tione</em></strong></span> <span class='ocrx_word' id='word_1_743' title='bbox 287 4869 372 4921; x_wconf 81' lang='lat' dir='ltr'><strong><em>vitam</em></strong></span> <span class='ocrx_word' id='word_1_744' title='bbox 397 4866 476 4922; x_wconf 88' lang='lat' dir='ltr'><strong><em>finiit.</em></strong></span> <span class='ocrx_word' id='word_1_745' title='bbox 513 4866 700 4921; x_wconf 87' lang='lat' dir='ltr'><strong><em>Memorabilis</em></strong></span> <span class='ocrx_word' id='word_1_746' title='bbox 722 4868 806 4937; x_wconf 89' lang='lat' dir='ltr'><strong><em>hujus</em></strong></span> <span class='ocrx_word' id='word_1_747' title='bbox 831 4867 949 4937; x_wconf 83' lang='lat' dir='ltr'><strong><em>exempli</em></strong></span> <span class='ocrx_word' id='word_1_748' title='bbox 970 4886 1025 4924; x_wconf 90' lang='lat' dir='ltr'><strong><em>me·</em></strong></span> <span class='ocrx_word' id='word_1_749' title='bbox 1053 4890 1136 4943; x_wconf 88' lang='lat' dir='ltr'><strong><em>quam</em></strong></span> <span class='ocrx_word' id='word_1_750' title='bbox 1154 4877 1313 4942; x_wconf 83' lang='lat' dir='ltr'><strong><em>appareret,</em></strong></span> <span class='ocrx_word' id='word_1_751' title='bbox 1332 4889 1367 4926; x_wconf 91' lang='lat' dir='ltr'><strong><em>ne</em></strong></span> <span class='ocrx_word' id='word_1_752' title='bbox 1385 4872 1414 4926; x_wconf 89' lang='lat' dir='ltr'><strong><em>ia</em></strong></span> <span class='ocrx_word' id='word_1_753' title='bbox 1430 4872 1520 4928; x_wconf 85' lang='lat' dir='ltr'><strong><em>vicino</em></strong></span> <span class='ocrx_word' id='word_1_754' title='bbox 1537 4874 1649 4945; x_wconf 86' lang='lat' dir='ltr'><strong><em>quidem</em></strong></span> <span class='ocrx_word' id='word_1_755' title='bbox 1666 4877 1809 4947; x_wconf 78' lang='lat' dir='ltr'><strong><em>conclavi,</em></strong></span> <span class='ocrx_word' id='word_1_756' title='bbox 1826 4893 1883 4949; x_wconf 84' lang='lat' dir='ltr'><strong><em>grs-</em></strong></span> 
     </span>
     <span class='ocr_line' id='line_1_55' title="bbox 191 4952 1883 5030; baseline 0.007 -24"><span class='ocrx_word' id='word_1_757' title='bbox 191 4954 272 5007; x_wconf 90' lang='lat' dir='ltr'><strong><em>minit</em></strong></span> <span class='ocrx_word' id='word_1_758' title='bbox 287 4952 399 5006; x_wconf 82' lang='lat' dir='ltr'><strong><em>Flaeius</em></strong></span> <span class='ocrx_word' id='word_1_759' title='bbox 417 4952 534 5021; x_wconf 87' lang='lat' dir='ltr'><strong><em>ejusque</em></strong></span> <span class='ocrx_word' id='word_1_760' title='bbox 554 4970 634 5006; x_wconf 88' lang='lat' dir='ltr'><strong><em>usum</em></strong></span> <span class='ocrx_word' id='word_1_761' title='bbox 651 4954 773 5007; x_wconf 85' lang='lat' dir='ltr'><strong><em>ostendit</em></strong></span> <span class='ocrx_word' id='word_1_762' title='bbox 795 4953 824 5007; x_wconf 94' lang='lat' dir='ltr'><strong><em>in</em></strong></span> <span class='ocrx_word' id='word_1_763' title='bbox 841 4956 958 5023; x_wconf 86' lang='lat' dir='ltr'><strong><em>praefat.</em></strong></span> <span class='ocrx_word' id='word_1_764' title='bbox 978 4955 1024 5010; x_wconf 91' lang='lat' dir='ltr'><strong><em>lib.</em></strong></span> <span class='ocrx_word' id='word_1_765' title='bbox 1052 4976 1113 5013; x_wconf 82' lang='lat' dir='ltr'><strong><em>vem</em></strong></span> <span class='ocrx_word' id='word_1_766' title='bbox 1145 4958 1268 5028; x_wconf 87' lang='lat' dir='ltr'><strong><em>suscepit</em></strong></span> <span class='ocrx_word' id='word_1_767' title='bbox 1299 4958 1496 5030; x_wconf 84' lang='lat' dir='ltr'><strong><em>cogitationem</em></strong></span> <span class='ocrx_word' id='word_1_768' title='bbox 1522 4965 1551 5015; x_wconf 88' lang='lat' dir='ltr'><strong><em>et</em></strong></span> <span class='ocrx_word' id='word_1_769' title='bbox 1575 4961 1604 5016; x_wconf 92' lang='lat' dir='ltr'><strong><em>in</em></strong></span> <span class='ocrx_word' id='word_1_770' title='bbox 1630 4961 1761 5017; x_wconf 89' lang='lat' dir='ltr'><strong><em>morbum</em></strong></span> <span class='ocrx_word' id='word_1_771' title='bbox 1783 4964 1883 5019; x_wconf 86' lang='lat' dir='ltr'><strong><em>incidit</em></strong></span> 
     </span>
     <span class='ocr_line' id='line_1_56' title="bbox 192 5037 1883 5117; baseline 0.008 -25"><span class='ocrx_word' id='word_1_772' title='bbox 192 5039 227 5093; x_wconf 91' lang='lat' dir='ltr'><strong><em>de</em></strong></span> <span class='ocrx_word' id='word_1_773' title='bbox 252 5038 349 5106; x_wconf 70' lang='lat' dir='ltr'><strong><em>amns,</em></strong></span> <span class='ocrx_word' id='word_1_774' title='bbox 382 5037 600 5092; x_wconf 86' lang='lat' dir='ltr'><strong><em>dissensionibus</em></strong></span> <span class='ocrx_word' id='word_1_775' title='bbox 624 5045 652 5092; x_wconf 88' lang='lat' dir='ltr'><strong><em>et</em></strong></span> <span class='ocrx_word' id='word_1_776' title='bbox 674 5039 836 5096; x_wconf 88' lang='lat' dir='ltr'><strong><em>contradict.</em></strong></span> <span class='ocrx_word' id='word_1_777' title='bbox 860 5039 963 5095; x_wconf 82' lang='lat' dir='ltr'><strong><em>Pontii.</em></strong></span> <span class='ocrx_word' id='word_1_778' title='bbox 988 5041 1025 5095; x_wconf 85' lang='lat' dir='ltr'><strong><em>ad</em></strong></span> <span class='ocrx_word' id='word_1_779' title='bbox 1052 5045 1234 5100; x_wconf 88' lang='lat' dir='ltr'><strong><em>Moribundus</em></strong></span> <span class='ocrx_word' id='word_1_780' title='bbox 1262 5044 1347 5098; x_wconf 89' lang='lat' dir='ltr'><strong><em>etiarn</em></strong></span> <span class='ocrx_word' id='word_1_781' title='bbox 1374 5044 1492 5101; x_wconf 88' lang='lat' dir='ltr'><strong><em>subinde</em></strong></span> <span class='ocrx_word' id='word_1_782' title='bbox 1516 5045 1573 5100; x_wconf 90' lang='lat' dir='ltr'><strong><em>suis</em></strong></span> <span class='ocrx_word' id='word_1_783' title='bbox 1597 5047 1770 5104; x_wconf 73' lang='lat' dir='ltr'><strong><em>acchmasss</em></strong></span> <span class='ocrx_word' id='word_1_784' title='bbox 1792 5049 1883 5117; x_wconf 81' lang='lat' dir='ltr'><strong><em>fertur,</em></strong></span> 
     </span>
     <span class='ocr_line' id='line_1_57' title="bbox 191 5124 1883 5203; baseline 0.007 -25"><span class='ocrx_word' id='word_1_785' title='bbox 191 5134 318 5178; x_wconf 86' lang='lat' dir='ltr'><strong><em>senatum</em></strong></span> <span class='ocrx_word' id='word_1_786' title='bbox 337 5127 472 5203; x_wconf 82' lang='lat' dir='ltr'><strong><em>Venatum</em></strong></span> <span class='ocrx_word' id='word_1_787' title='bbox 492 5140 555 5193; x_wconf 33' lang='lat' dir='ltr'><strong><em>pagi</em></strong></span> <span class='ocrx_word' id='word_1_788' title='bbox 576 5130 617 5178; x_wconf 85' lang='grc'><strong><em>43.</em></strong></span> <span class='ocrx_word' id='word_1_789' title='bbox 644 5124 737 5192; x_wconf 81' lang='lat' dir='ltr'><strong><em>Misit,</em></strong></span> <span class='ocrx_word' id='word_1_790' title='bbox 757 5125 856 5196; x_wconf 87' lang='lat' dir='ltr'><strong><em>inquit,</em></strong></span> <span class='ocrx_word' id='word_1_791' title='bbox 875 5130 955 5180; x_wconf 88' lang='lat' dir='ltr'><strong><em>Dens</em></strong></span> <span class='ocrx_word' id='word_1_792' title='bbox 973 5129 1025 5181; x_wconf 85' lang='lat' dir='ltr'><strong><em>boc</em></strong></span> <span class='ocrx_word' id='word_1_793' title='bbox 1052 5138 1083 5185; x_wconf 91' lang='lat' dir='ltr'><strong><em>ut</em></strong></span> <span class='ocrx_word' id='word_1_794' title='bbox 1101 5147 1211 5199; x_wconf 90' lang='lat' dir='ltr'><strong><em>canem,</em></strong></span> <span class='ocrx_word' id='word_1_795' title='bbox 1239 5131 1287 5200; x_wconf 89' lang='lat' dir='ltr'><strong><em>qui</em></strong></span> <span class='ocrx_word' id='word_1_796' title='bbox 1305 5130 1407 5185; x_wconf 89' lang='lat' dir='ltr'><strong><em>lectum</em></strong></span> <span class='ocrx_word' id='word_1_797' title='bbox 1422 5132 1637 5197; x_wconf 85' lang='lat' dir='ltr'><strong><em>conscenderet,</em></strong></span> <span class='ocrx_word' id='word_1_798' title='bbox 1656 5139 1794 5189; x_wconf 77' lang='lat' dir='ltr'><strong><em>mearent</em></strong></span> <span class='ocrx_word' id='word_1_799' title='bbox 1831 5134 1883 5188; x_wconf 76' lang='lat' dir='ltr'><strong><em>Mo</em></strong></span> 
     </span>
     <span class='ocr_line' id='line_1_58' title="bbox 191 5210 1882 5293; baseline 0.008 -30"><span class='ocrx_word' id='word_1_800' title='bbox 191 5218 313 5280; x_wconf 86' lang='lat' dir='ltr'><strong><em>tempore</em></strong></span> <span class='ocrx_word' id='word_1_801' title='bbox 336 5210 507 5262; x_wconf 61' lang='lat' dir='ltr'><strong><em>visitationm</em></strong></span> <span class='ocrx_word' id='word_1_802' title='bbox 528 5216 557 5262; x_wconf 85' lang='lat' dir='ltr'><strong><em>et</em></strong></span> <span class='ocrx_word' id='word_1_803' title='bbox 580 5210 769 5264; x_wconf 82' lang='lat' dir='ltr'><strong><em>illustrandae</em></strong></span> <span class='ocrx_word' id='word_1_804' title='bbox 790 5212 940 5280; x_wconf 73' lang='lat' dir='ltr'><strong><em>religionis</em></strong></span> <span class='ocrx_word' id='word_1_805' title='bbox 957 5230 1024 5267; x_wconf 78' lang='lat' dir='ltr'><strong><em>sacac</em></strong></span> <span class='ocrx_word' id='word_1_806' title='bbox 1050 5217 1156 5271; x_wconf 82' lang='lat' dir='ltr'><strong><em>nachus</em></strong></span> <span class='ocrx_word' id='word_1_807' title='bbox 1191 5214 1305 5286; x_wconf 83' lang='lat' dir='ltr'><strong><em>quidam</em></strong></span> <span class='ocrx_word' id='word_1_808' title='bbox 1341 5215 1565 5273; x_wconf 81' lang='lat' dir='ltr'><strong><em>Monastsrisnsis</em></strong></span> <span class='ocrx_word' id='word_1_809' title='bbox 1598 5235 1662 5273; x_wconf 84' lang='lat' dir='ltr'><strong><em>cum</em></strong></span> <span class='ocrx_word' id='word_1_810' title='bbox 1691 5219 1722 5274; x_wconf 88' lang='lat' dir='ltr'><strong><em>in</em></strong></span> <span class='ocrx_word' id='word_1_811' title='bbox 1753 5226 1882 5293; x_wconf 71' lang='lat' dir='ltr'><strong><em>suggestu</em></strong></span> 
     </span>
     <span class='ocr_line' id='line_1_59' title="bbox 192 5296 1884 5371; baseline 0.008 -24"><span class='ocrx_word' id='word_1_812' title='bbox 192 5311 253 5347; x_wconf 89' lang='lat' dir='ltr'><strong><em>cum</em></strong></span> <span class='ocrx_word' id='word_1_813' title='bbox 276 5296 345 5348; x_wconf 89' lang='lat' dir='ltr'><strong><em>aliis</em></strong></span> <span class='ocrx_word' id='word_1_814' title='bbox 367 5296 492 5350; x_wconf 84' lang='lat' dir='ltr'><strong><em>omnibus</em></strong></span> <span class='ocrx_word' id='word_1_815' title='bbox 512 5296 636 5363; x_wconf 77' lang='lat' dir='ltr'><strong><em>pentibm</em></strong></span> <span class='ocrx_word' id='word_1_816' title='bbox 653 5314 720 5350; x_wconf 83' lang='lat' dir='ltr'><strong><em>sues</em></strong></span> <span class='ocrx_word' id='word_1_817' title='bbox 738 5299 876 5367; x_wconf 74' lang='lat' dir='ltr'><strong><em>quosdam</em></strong></span> <span class='ocrx_word' id='word_1_818' title='bbox 897 5301 1025 5354; x_wconf 85' lang='lat' dir='ltr'><strong><em>doctores</em></strong></span> <span class='ocrx_word' id='word_1_819' title='bbox 1051 5309 1147 5357; x_wconf 76' lang='lat' dir='ltr'><strong><em>conns</em></strong></span> <span class='ocrx_word' id='word_1_820' title='bbox 1171 5300 1308 5371; x_wconf 81' lang='lat' dir='ltr'><strong><em>evangelii</em></strong></span> <span class='ocrx_word' id='word_1_821' title='bbox 1330 5302 1485 5357; x_wconf 76' lang='lat' dir='ltr'><strong><em>amomum</em></strong></span> <span class='ocrx_word' id='word_1_822' title='bbox 1508 5302 1752 5360; x_wconf 82' lang='lat' dir='ltr'><strong><em>vehementissime</em></strong></span> <span class='ocrx_word' id='word_1_823' title='bbox 1776 5305 1884 5362; x_wconf 77' lang='lat' dir='ltr'><strong><em>inrehe</em></strong></span> 
     </span>
     <span class='ocr_line' id='line_1_60' title="bbox 192 5383 1885 5458; baseline 0.007 -22"><span class='ocrx_word' id='word_1_824' title='bbox 192 5388 217 5436; x_wconf 85' lang='lat' dir='ltr'><strong><em>et</em></strong></span> <span class='ocrx_word' id='word_1_825' title='bbox 242 5383 408 5453; x_wconf 86' lang='lat' dir='ltr'><strong><em>monitores,</em></strong></span> <span class='ocrx_word' id='word_1_826' title='bbox 438 5390 495 5435; x_wconf 88' lang='lat' dir='ltr'><strong><em>tum</em></strong></span> <span class='ocrx_word' id='word_1_827' title='bbox 523 5383 607 5435; x_wconf 86' lang='lat' dir='ltr'><strong><em>etiam</em></strong></span> <span class='ocrx_word' id='word_1_828' title='bbox 636 5384 736 5437; x_wconf 84' lang='lat' dir='ltr'><strong><em>uestris</em></strong></span> <span class='ocrx_word' id='word_1_829' title='bbox 761 5384 865 5442; x_wconf 75' lang='lat' dir='ltr'><strong><em>illmtr.</em></strong></span> <span class='ocrx_word' id='word_1_830' title='bbox 894 5387 1022 5440; x_wconf 85' lang='lat' dir='ltr'><strong><em>domina·</em></strong></span> <span class='ocrx_word' id='word_1_831' title='bbox 1050 5395 1134 5458; x_wconf 88' lang='lat' dir='ltr'><strong><em>retur,</em></strong></span> <span class='ocrx_word' id='word_1_832' title='bbox 1152 5385 1244 5442; x_wconf 87' lang='lat' dir='ltr'><strong><em>subito</em></strong></span> <span class='ocrx_word' id='word_1_833' title='bbox 1260 5387 1384 5443; x_wconf 73' lang='lat' dir='ltr'><strong><em>fulminis</em></strong></span> <span class='ocrx_word' id='word_1_834' title='bbox 1402 5387 1461 5443; x_wconf 90' lang='lat' dir='ltr'><strong><em>ictu</em></strong></span> <span class='ocrx_word' id='word_1_835' title='bbox 1479 5388 1586 5444; x_wconf 72' lang='lat' dir='ltr'><strong><em>oceuus</em></strong></span> <span class='ocrx_word' id='word_1_836' title='bbox 1604 5389 1669 5458; x_wconf 82' lang='lat' dir='ltr'><strong><em>tait,</em></strong></span> <span class='ocrx_word' id='word_1_837' title='bbox 1687 5391 1885 5448; x_wconf 74' lang='lat' dir='ltr'><strong><em>utPautalson</em></strong></span> 
     </span>
    </p>
   </div>
   <div class='ocr_carea' id='block_1_4' title="bbox 0 0 2006 6020">
    <p class='ocr_par' dir='ltr' id='par_1_4' title="bbox 0 0 2006 6020">
     <span class='ocr_line' id='line_1_61' title="bbox 0 0 2006 6020; baseline 0 0"><span class='ocrx_word' id='word_1_838' title='bbox 0 0 2006 6020; x_wconf 95' lang='lat' dir='ltr'><strong><em> </em></strong></span> 
     </span>
    </p>
   </div>
  </div>
 </body>
</html>
