4004 6022
168 270 207 330 72
760 255 884 317 LOCUS
902 253 1109 316 uouemus
1127 253 1271 315 PRIMUS

164 430 243 475 m
264 422 338 472 esset
357 422 467 489 tropus,
488 419 561 471 esset
578 421 628 469 aut
645 414 673 469 in
693 413 820 486 partrhus
837 411 1001 483 propositio·
1015 407 1233 482 ldesoriptione,
1269 411 1318 466 ubi
1353 413 1431 481 quod
1466 427 1517 482 per
1551 418 1689 481 munuc
1718 409 1791 465 falso
1823 427 1874 466 ex·

165 504 223 574 nis,
241 503 336 558 autin
355 507 415 558 tcta
433 500 628 573 propositione.
663 499 693 556 Si
709 500 791 569 illud,
819 505 869 553 aut
883 499 956 554 foret
974 499 1003 552 in
1030 503 1152 568 ponunt,
1183 514 1247 552 cum
1274 498 1303 552 in
1330 496 1440 552 Gracco
1470 514 1526 552 non
1552 501 1674 568 ponatur
1704 495 1874 551 adverbium
1907 533 1909 538 -

165 571 316 663 subjecto,
333 593 384 644 aut
411 588 439 642 in
466 588 637 658 praedicato.
682 586 744 642 Sed·
764 587 793 639 in
821 584 900 640 nulla
924 588 1004 655 parte
1030 583 1088 650 dn,
1112 584 1161 639 sed
1180 584 1327 639 relativum
1342 584 1388 652 ni,
1410 584 1485 655 quod
1504 601 1633 655 expresse
1650 582 1767 655 respicit
1786 588 1874 658 σᾶμα

165 670 251 733 statui
268 678 369 746 potest
396 673 459 730 Non
478 673 508 727 in
525 672 664 743 subjecto:
689 679 711 727 l.
725 673 793 744 quia
803 669 942 725 δεικτικὸν
953 670 1005 723 too
1031 675 1060 725 et
1087 664 1228 742 nociores.
1274 669 1398 725 Polanus
1427 674 1496 741 syst.
1528 670 1612 726 theol.
1643 669 1690 726 lib.
1718 675 1747 733 t,
1776 686 1802 725 e.
1829 676 1874 727 33.

165 760 225 819 dre
252 760 288 815 de
315 764 375 815 toto
404 758 547 829 complexo
576 758 713 827 accipias,
745 765 777 812 ut
799 755 915 829 requirit
941 771 1004 810 con·
1031 774 1058 827 p.
1078 763 1143 812 ttt:
1166 757 1341 824 Metonymio
1364 754 1581 810 sacramentalis
1603 774 1660 810 non
1684 764 1724 810 eet
1741 756 1773 809 in
1784 773 1875 828 prce-

166 846 283 903 structio
305 850 335 901 et
359 844 399 900 rei
410 843 563 909 evidentia,
589 843 647 898 sire
666 842 702 898 de
719 843 778 898 solo
795 859 868 913 pane
885 848 914 897 et
931 840 1004 910 vino,
1032 843 1135 910 ticam,
1153 843 1222 912 qrsio
1234 860 1291 912 per
1308 841 1384 898 t'llud
1402 843 1574 911 intellipitnr
1589 860 1686 896 oerum
1702 850 1728 897 ct
1738 843 1875 897 naturaie

165 937 199 988 ut
216 931 322 988 'volunt
351 929 517 998 adversarii,
543 946 561 984 a
587 935 666 1000 tropo
690 929 807 984 liberum
834 945 895 984 esse
919 926 1005 981 mani-
1033 926 1140 982 Christi
1163 946 1265 998 corpus
1281 929 1411 998 priorem
1434 937 1459 981 et
1480 928 1640 982 naturalem
1666 929 1787 984 rctinsm
1802 931 1875 999 scr·-

167 1018 271 1075 lestum
292 1022 342 1072 est
379 1022 402 1072 1.
421 1015 500 1070 Alias
525 1015 632 1070 incerta
660 1013 751 1069 ferent
770 1013 898 1084 symbola
915 1030 1006 1067 sacre·
1032 1033 1120 1083 mam,
1138 1016 1271 1084 speciem,
1290 1015 1575 1085 circumscriptionem
1592 1023 1620 1068 ct
1638 1016 1878 1085 menteomni

167 1102 307 1161 meumlia
353 1101 489 1158 ”Omnis
518 1106 615 1171 tropus
641 1106 732 1155 mutat
761 1100 901 1171 propriam
928 1099 1004 1153 vocis
1028 1117 1084 1170 per
1114 1099 1344 1154 resurrectionem
1377 1100 1535 1155 immortale
1562 1104 1679 1170 sactum
1710 1109 1751 1155 cat
1777 1109 1806 1155 ct
1832 1103 1878 1155 od

166 1188 396 1262 ugnifimtionem
419 1186 450 1241 in
473 1186 601 1242 alienam.
649 1186 683 1240 In
710 1185 850 1256 particula
874 1186 926 1239 hoc
949 1201 1005 1238 non
1033 1189 1160 1240 electrum
1170 1187 1231 1240 Dei
1248 1185 1417 1240 collocatam
1434 1187 1470 1240 ah
1490 1188 1567 1241 omni
1577 1195 1710 1241 oreatarn
1722 1188 1876 1243 moretm.

166 1280 290 1332 mutstur
320 1274 434 1347 propria
465 1274 541 1329 vocis
573 1272 749 1345 significatio.
791 1273 873 1345 Ergo.
914 1271 1006 1325 Minor
1032 1271 1111 1327 Idem
1134 1277 1261 1327 statuunt
1282 1273 1405 1327 Paracus
1423 1272 1459 1327 de
1477 1289 1564 1327 coena
1584 1271 1631 1327 lib.
1648 1278 1674 1328 6.
1697 1289 1722 1327 c.
1743 1279 1767 1330 s.
1786 1271 1877 1329 libe.

167 1369 212 1421 ast
226 1360 385 1429 manifesta,-
401 1359 455 1414 nisi
472 1360 534 1432 quis
554 1360 622 1414 velit
640 1359 810 1414 contundere
822 1363 932 1429 tropum
944 1356 1005 1412 rhe·
1034 1376 1056 1414 c.
1070 1365 1095 1414 1.
1119 1357 1349 1414 Kochermannus
1376 1364 1444 1429 syst.
1469 1357 1551 1413 theol.
1578 1376 1606 1428 p.
1628 1364 1686 1415 141.
1703 1359 1785 1430 cujus
1803 1358 1876 1414 haec

166 1449 285 1506 ioricam
303 1464 367 1502 cum
387 1445 565 1517 synecdoche
583 1446 772 1517 grammatica,
792 1461 865 1515 quae
883 1450 925 1498 est
943 1443 1007 1497 talis
1033 1449 1102 1498 sunt
1121 1443 1219 1499 rerba:
1242 1443 1360 1513 Oportet
1383 1460 1480 1499 vocem
1504 1443 1626 1516 eorporis
1651 1444 1763 1515 proprie
1781 1445 1877 1516 accipi
1909 1508 1913 1515 ¹

166 1535 299 1608 loquendi
326 1533 459 1602 formula,
484 1548 540 1603 qua
564 1532 636 1586 duae
658 1547 702 1584 res
729 1536 806 1586 certa
825 1530 944 1601 quadam
963 1546 1006 1584 ra·
1034 1529 1063 1583 in
1085 1529 1140 1583 ista
1165 1529 1385 1600 praedicatione,
1409 1530 1438 1583 id
1467 1536 1509 1584 est
1527 1546 1561 1586 ea
1577 1529 1796 1602 significatione,
1816 1549 1877 1604 qua

166 1623 243 1679 tione
266 1620 362 1675 unitae
389 1618 471 1673 simul
495 1617 661 1685 efferuntur,
690 1623 718 1671 et
742 1633 788 1685 ea,
811 1633 883 1688 quae
907 1614 1007 1686 princi·
1035 1635 1135 1690 corpus
1159 1618 1300 1689 disparata
1321 1617 1471 1689 opponitur
1494 1618 1607 1688 perir*
1647 1616 1707 1673 Nee
1723 1616 1753 1672 in
1770 1620 1878 1690 copula

167 1709 258 1783 patior
277 1712 307 1762 et
324 1703 417 1761 sensui
435 1704 526 1758 minus
544 1703 635 1768 obvia,
655 1702 684 1756 iu
703 1703 862 1774 praedicato
880 1718 1008 1773 expresse
1034 1706 1120 1760 statui
1142 1710 1235 1776 potest
1251 1710 1362 1774 tropus:
1392 1710 1416 1760 1.
1434 1704 1501 1776 quia
1517 1720 1552 1759 ea
1570 1719 1627 1758 non
1644 1711 1688 1759 est
1700 1718 1769 1776 pers
1786 1721 1877 1761 enun-

166 1793 330 1867 punitura*
381 1797 405 1847 3.
432 1791 497 1860 Ipse
523 1790 598 1846 Besa
629 1789 702 1844 hom.
729 1795 753 1844 2.
789 1789 823 1844 de
852 1805 929 1845 coen.
956 1787 1008 1843 hoc
1034 1791 1165 1847 dadonis.
1207 1790 1371 1847 Aristoteles
1394 1794 1458 1865 περὶ
1479 1791 1575 1864 ἑρμην.
1594 1808 1618 1845 e.
1636 1798 1660 1848 3.
1678 1788 1829 1848 Tataretus
1847 1798 1879 1848 et

169 1880 312 1954 agnoscit:
337 1877 493 1945 Confiteor,
517 1877 563 1930 ln'c
585 1876 694 1930 nullum
713 1883 823 1945 tropum
843 1891 916 1942 cece,
940 1875 1009 1944 qrss'o
1037 1876 1191 1947 Schegkius
1211 1877 1240 1931 in
1257 1893 1354 1932 comm.
1373 1876 1448 1931 illius
1466 1876 1529 1945 loci,
1549 1876 1667 1932 Orellius
1686 1877 1734 1932 lih.
1752 1885 1776 1934 2.
1791 1877 1878 1949 logio.

91 2030 92 2034 η
169 1966 280 2036 dmum
301 1965 421 2035 proprie
440 1964 545 2033 erponi
560 1978 669 2016 necem
686 1963 758 2032 fuit,
781 1980 816 2017 ne
831 1962 1008 2027 tolleremur.
1035 1980 1060 2019 c.
1071 1967 1094 2018 1.
1117 1961 1267 2018 Goclcnius
1279 1968 1349 2032 part.
1364 1968 1388 2018 2.
1402 1962 1471 2033 prol.
1485 1963 1540 2035 log.
1552 1981 1579 2034 p.
1592 1969 1632 2018 111.
1645 1968 1676 2019 et
1688 1968 1730 2020 53.
1747 1963 1877 2018 Kerkin-

170 2050 249 2108 Idem
267 2050 373 2105 fatetur
390 2048 574 2104 consideratio
590 2047 801 2104 commonefeci.
820 2065 848 2119 p.
862 2054 920 2104 307.
950 2047 1009 2102 Nec
1036 2064 1153 2103 mannus
1177 2048 1225 2103 lib.
1244 2054 1269 2104 2.
1293 2054 1405 2117 system.
1429 2048 1484 2120 leg.
1504 2055 1569 2104 sect.
1592 2055 1615 2104 1.
1640 2066 1664 2105 c.
1686 2054 1709 2104 1.
1730 2064 1796 2120 pag.
1814 2053 1879 2105 311.

169 2136 200 2191 iu
224 2135 386 2207 praedicato
410 2134 493 2189 statui
511 2137 603 2205 potest
620 2138 731 2203 tropus:
759 2139 781 2188 1.
799 2133 866 2205 quia
883 2132 1009 2187 Christus
1036 2134 1153 2188 “Idem
1177 2133 1406 2189 Kochermannus
1434 2134 1482 2188 lib.
1507 2140 1531 2188 3.
1552 2141 1665 2204 system.
1688 2132 1772 2189 the'cl.
1799 2151 1824 2191 c.
1850 2142 1876 2191 8.

69 2229 95 2270 1„
111 2225 157 2270 Μ
170 2221 274 2277 disens
301 2220 393 2286 addit,
415 2237 445 2276 ee
472 2220 540 2275 dare
564 2219 646 2274 nobis
664 2238 746 2275 snum
763 2237 863 2290 corpus
882 2224 1009 2274 etenum
1036 2240 1063 2292 p.
1083 2226 1148 2276 tit:
1166 2221 1230 2274 Alii
1246 2220 1350 2288 nolunt,
1369 2229 1480 2290 tropum
1498 2236 1558 2274 ease
1576 2220 1606 2273 in
1623 2219 1743 2290 copule,-
1761 2224 1878 2290 quodsi

170 2306 351 2381 sauguinem
380 2306 450 2360 illud
479 2306 570 2376 ipsum
597 2324 713 2378 corpus,
746 2308 823 2377 quod
845 2323 902 2374 pro
932 2306 1009 2359 cobis
1035 2307 1127 2375 iprum
1145 2324 1201 2362 non
1216 2314 1312 2377 potest
1326 2308 1453 2376 probari.
1492 2308 1566 2360 Nom
1582 2307 1609 2359 si
1621 2303 1878 2377 nnmnoopntan

168 2394 319 2459 traditum
348 2392 427 2448 illum
455 2392 545 2463 ipsum
572 2393 751 2465 sanguinem,
781 2393 831 2462 qui
850 2410 906 2461 pro
929 2391 1009 2444 nobis
1033 2410 1090 2462 pro
1110 2410 1176 2449 uoce
1199 2401 1225 2447 et
1249 2393 1332 2447 cerdo
1358 2393 1533 2462 copulative,
1561 2411 1619 2446 non
1639 2399 1733 2462 potest
1758 2408 1819 2448 erse
1843 2395 1877 2449 ia

168 2480 287 2552 effoeta,
310 2477 375 2533 inde
400 2478 475 2534 Besa
498 2477 578 2550 epist.
597 2485 621 2535 5.
646 2479 683 2533 ad
706 2479 893 2534 Alemannum
918 2496 945 2548 p.
966 2483 1007 2533 57.
1037 2495 1072 2533 eo
1092 2487 1205 2549 tropea,
1229 2487 1324 2549 utpote
1342 2479 1393 2548 qui
1412 2479 1503 2532 locum
1520 2480 1602 2532 tebet
1623 2479 1783 2534 inoccidui
1801 2488 1877 2536 cote·

168 2566 236 2625 edit.
261 2564 383 2621 Genea:
414 2563 510 2629 Certe,
531 2564 637 2635 inquit,
664 2565 793 2635 corporis
818 2573 845 2619 et
862 2563 1010 2633 canonino
1035 2566 1229 2634 pos-emutios's,
1253 2567 1305 2620 lroc
1329 2573 1369 2618 cst
1395 2566 1511 2633 wichim,
1535 2582 1607 2634 qssce
1625 2573 1731 2619 certum
1748 2583 1809 2620 rem
1820 2585 1880 2638 per

168 2653 284 2707 nonina
300 2650 386 2704 raimis
403 2650 558 2704 absrudm
574 2651 654 2716 foret
671 2653 706 2704 dc
718 2653 819 2717 fructu
837 2657 863 2704 et
878 2650 1009 2718 efficacia
1036 2668 1066 2705 re
1085 2653 1260 2720 eipm'ficont,
1278 2669 1334 2705 non
1353 2658 1445 2704 uidem
1463 2651 1494 2704 s'n
1510 2651 1655 2704 uocabulis
1673 2653 1878 2723 annitentem,

169 2737 270 2795 mortis
295 2736 416 2790 Domini
447 2734 633 2803 interpretor-i
660 2737 705 2790 cel
732 2738 775 2789 od
802 2736 894 2789 aclnm
919 2736 1009 2804 ipsine
1038 2739 1121 2808 quiete
1141 2746 1183 2792 eet
1201 2738 1314 2792 onom
1330 2737 1423 2806 illud,
1442 2738 1520 2808 qnod
1536 2739 1654 2808 copulae
1673 2738 1734 2795 loco
1750 2739 1879 2808 ponitur.

168 2822 321 2895 spermate
347 2821 502 2875 institutum
527 2821 729 2888 restrinpere„
748 2824 838 2891 qaod,
864 2829 895 2875 nt
925 2839 1008 2890 quom
1040 2824 1170 2886 Qninimc
1197 2825 1224 2878 si
1249 2832 1350 2894 tropat
1375 2831 1416 2878 eet
1442 2825 1473 2877 in
1497 2823 1617 2894 copulo,
1644 2841 1700 2878 non
1719 2832 1801 2895 potet
1818 2843 1879 2880 esee
1984 2894 1986 2899 Ι

164 2910 334 2980 ρὶαπὲεείηκ
352 2907 538 2975 tantumn,
557 2924 610 2975 ope
624 2925 681 2977 pro
701 2908 745 2961 iis
764 2909 884 2976 uomitu,
904 2925 1009 2977 corpur
1034 2910 1215 2980 praedicatio
1227 2910 1371 2980 disparati
1388 2911 1423 2963 rie
1441 2910 1600 2979 disparato,
1617 2912 1670 2964 sed
1683 2911 1788 2966 relatio
1802 2915 1880 2981 poni

169 3003 198 3050 ct
220 2995 352 3063 tanqum,
377 2995 576 3047 substituemus
597 2993 679 3048 silom
702 2995 960 3064 interpretationem
984 3002 1009 3047 et
1036 2998 1174 3050 accedent
1199 2997 1235 3050 de
1257 3013 1336 3067 ponc
1358 2997 1518 3052 dicitnr.iil
1559 2996 1683 3052 Conimh.
1710 2997 1739 3051 in
1765 2998 1782 3054 1.
1812 3003 1878 3068 περὶ

170 3083 313 3146 dicamus,
336 3081 388 3135 loc
414 3087 454 3134 cst
477 3080 609 3150 efficacia
626 3083 725 3134 mortio
744 3096 838 3148 mooe,
861 3097 933 3149 quoe
953 3098 1008 3149 pro
1037 3083 1131 3153 ippns.
1150 3099 1174 3136 c.
1188 3088 1211 3137 1.
1231 3089 1281 3137 art.
1294 3090 1318 3138 4.
1336 3101 1363 3154 q.
1374 3089 1398 3139 1.
1418 3089 1471 3138 etc.
1503 3081 1701 3139 “Notandum
1712 3085 1878 3155 rerc,qaod
1990 3092 1994 3112 ¹

170 3170 250 3225 nohis
270 3168 404 3232 modim,
423 3173 448 3220 et
470 3166 515 3220 tic
528 3174 570 3220 est
587 3167 706 3236 spirituo
723 3185 808 3237 mena,
825 3169 875 3235 qai
888 3185 945 3237 pro
963 3184 1009 3219 nc·
1036 3167 1125 3237 Bona,
1149 3168 1276 3223 Pezelius
1301 3167 1330 3223 in
1353 3168 1454 3238 copula
1472 3173 1582 3239 tropum
1599 3175 1743 3239 quaerant.
1779 3169 1833 3224 Ast
1851 3170 1876 3225 si

170 3256 212 3311 tic
233 3254 397 3326 efflmdimr.
444 3253 522 3316 Quid
538 3253 661 3323 ineptiae
678 3254 731 3307 tae
748 3255 897 3308 oratione!
933 3255 1009 3307 Nam
1037 3253 1154 3325 copulae
1174 3255 1247 3310 inest
1264 3261 1374 3325 tropus,
1404 3254 1487 3309 inerit
1504 3254 1529 3309 ei
1547 3254 1591 3309 vel
1609 3260 1747 3326 quatenus
1768 3261 1812 3310 est
1827 3273 1876 3312 co-

169 3349 246 3397 osrtc
267 3341 353 3395 verbo
376 3339 445 3404 allo,
469 3341 547 3410 qnod
555 3357 612 3408 pro
631 3340 708 3394 cobis
727 3343 825 3404 cistam,
850 3341 1008 3394 neccscorio
1037 3341 1105 3411 pula
1128 3340 1157 3395 in
1175 3359 1250 3409 sese,
1277 3341 1323 3395 rel
1341 3347 1478 3411 quatenus
1502 3341 1643 3412 quandam
1669 3340 1708 3396 rei
1735 3341 1875 3414 signifiea-

169 3435 198 3482 te
223 3426 277 3480 ine
301 3427 432 3497 adipum,
458 3433 490 3478 ut
519 3427 554 3479 dc
578 3426 644 3495 ipso
667 3428 796 3496 corporia
817 3434 842 3479 et
862 3427 1010 3495 conquiris
1035 3429 1137 3483 tionem
1161 3444 1211 3482 seu
1234 3432 1478 3500 προσκατηγορίαν
1504 3443 1522 3480 a
1545 3427 1706 3497 praedicato
1724 3446 1774 3484 sau
1791 3449 1877 3498 κατη-

173 3511 282 3568 onnon
303 3513 460 3567 animantia
477 3512 529 3565 hoc
546 3513 706 3581 intelliperc
723 3514 842 3581 coporis.
861 3514 923 3568 adv.
942 3514 1009 3585 Illy·
1036 3520 1120 3588 yoptq
1137 3512 1260 3568 habebit.
1296 3511 1358 3569 Non
1376 3512 1467 3582 prius,
1484 3530 1528 3567 res
1547 3514 1619 3569 enim
1639 3531 1696 3568 non
1714 3530 1747 3568 cx
1765 3517 1876 3588 copula,

171 3599 222 3656 rie.
238 3616 302 3672 pag.
323 3605 385 3655 127:
411 3602 473 3652 Non
491 3599 662 3667 dubitemne,
680 3600 748 3668 quin
766 3601 895 3668 corporis
912 3600 1009 3669 eppei
1037 3601 1086 3656 sed
1104 3600 1212 3654 ratione
1232 3598 1386 3670 praedicati
1408 3599 1503 3653 insunt
1521 3604 1549 3653 et
1567 3599 1750 3666 definiuntur,
1775 3607 1874 3674 tropus

168 3676 306 3741 tanmem
323 3685 357 3737 id
372 3685 466 3753 ipsum
479 3701 538 3752 pro
549 3685 629 3738 nobie
643 3693 797 3738 assumtum
809 3694 835 3739 et
847 3686 1008 3754 cmccijinum
1036 3694 1128 3742 autem
1146 3691 1189 3741 est
1205 3683 1372 3741 modificatio
1389 3685 1444 3752 (εἰς
1462 3702 1517 3740 non
1535 3685 1681 3756 posterius,
1699 3687 1800 3758 quiesi
1813 3688 1877 3759 hoc,

172 3789 275 3841 corpus
293 3771 463 3824 declaretur.
503 3769 581 3824 Idem
600 3774 755 3841 agnoscunt
775 3769 919 3839 Zanchius,
938 3769 1009 3842 Gry·
1035 3780 1104 3828 tunc
1120 3779 1193 3829 esset
1212 3773 1241 3825 in
1259 3770 1320 3842 ipso
1338 3771 1507 3841 praedicato,
1529 3771 1596 3843 quia
1614 3772 1716 3842 copnln
1733 3778 1777 3828 est
1794 3777 1876 3846 quasi

170 3872 271 3925 naeus,
296 3855 438 3920 Penelius,
455 3854 568 3924 Sadael,
588 3856 706 3910 Crellius
725 3862 753 3910 et
771 3855 902 3909 Paraous.
937 3862 958 3911 1.
976 3858 1009 3911 In
1036 3878 1100 3931 pars
1126 3865 1155 3914 et
1178 3855 1497 3932 προσκαιηγορούμενον
1520 3858 1683 3929 praedicati.
1730 3859 1876 3934 Quidquid

171 3941 264 3998 verbis
288 3941 371 3996 Pauli
398 3946 421 3996 1.
439 3939 502 3995 Cor.
524 3946 568 4009 10,
595 3957 621 3998 r.
643 3946 687 4020 iti:
708 3942 813 4010 Pania,
832 3959 911 4011 quem
922 3944 1010 4008 fron·
1036 3951 1128 4001 autem
1147 3961 1203 3999 non
1221 3949 1264 3999 est
1281 3943 1311 3997 in
1331 3947 1406 4010 toto,
1426 3943 1454 3996 id
1472 3960 1524 3998 nec
1543 3943 1572 3998 in
1592 3950 1679 4015 parte.
1719 3945 1760 4001 At
1777 3953 1876 4020 tropus

171 4029 275 4099 pimus,
305 4035 345 4081 ert
369 4027 584 4081 communicatio
611 4028 741 4096 corporis
769 4025 893 4094 C'ltrs'oti;
925 4028 1009 4090 calin,
1036 4048 1091 4086 non
1110 4031 1199 4086 estin
1218 4036 1277 4086 toto
1294 4029 1464 4100 praedicato,
1482 4037 1513 4083 ut
1530 4036 1677 4086 ostensum
1712 4032 1796 4106 Ergo.
1832 4035 1875 4090 Ex

171 4117 221 4171 cui
236 4114 430 4176 benedicimus,
450 4120 490 4166 est
508 4114 721 4168 communicatio
738 4114 884 4181 tenocinia
897 4113 1010 4183 Uhrehti,
1035 4118 1069 4172 iis
1095 4122 1205 4173 constat
1231 4134 1289 4187 res,
1317 4116 1346 4170 in
1373 4132 1446 4187 quae
1465 4115 1621 4173 resolvitur,
1657 4119 1744 4190 Atqui
1761 4122 1872 4190 praedi.

171 4218 224 4258 vox
246 4199 369 4271 corporis
387 4205 415 4254 et
435 4199 579 4270 sanguinis
597 4216 630 4255 ex
648 4200 771 4269 ipsorum
790 4201 1010 4255 adversariorum
1034 4205 1108 4259 catio
1133 4203 1281 4259 resolvitur
1303 4204 1333 4258 in
1350 4204 1419 4257 duos
1435 4202 1566 4258 terminos
1585 4203 1738 4274 simplices,
1763 4207 1812 4280 qui
1831 4208 1873 4263 in-

175 4287 350 4345 confessicne
366 4285 479 4356 proprie
496 4285 639 4357 accipitur.
675 4286 751 4358 Ergo
769 4287 852 4342 etiam
872 4287 902 4340 in
918 4286 1009 4341 verbis
1034 4290 1193 4347 serviebant
1220 4290 1346 4362 subjecto
1372 4296 1400 4346 et
1421 4288 1589 4360 praedicato.
1631 4290 1706 4363 Ergo
1728 4292 1810 4349 etiam
1837 4312 1872 4350 ex

173 4373 277 4430 Christi
306 4389 339 4428 eo
370 4373 453 4426 modo
483 4371 626 4441 accipitur,
656 4372 723 4443 quia
753 4390 786 4428 ex
820 4373 875 4427 illis
907 4371 1009 4428 locutio
1034 4376 1077 4431 his
1097 4382 1213 4434 constat.
1245 4375 1409 4432 Aristoteles
1421 4375 1469 4430 lib.
1483 4380 1506 4430 1.
1520 4376 1592 4429 anal.
1608 4382 1666 4444 t,c.
1681 4384 1817 4435 310131.
1830 4381 1873 4435 (11-

172 4460 327 4534 apostolica
343 4463 388 4514 est
406 4457 537 4514 deducta.
574 4464 598 4513 3.
616 4459 650 4512 Iu
669 4458 830 4529 praedicato
849 4459 1010 4529 exprimitur
1035 4462 1086 4531 cit,
1105 4464 1321 4534 propositionem
1339 4463 1369 4517 in
1387 4479 1440 4518 sua
1456 4466 1580 4518 exhema
1594 4463 1785 4520 resolvendam
1803 4482 1873 4524 esse.

171 4547 264 4619 ipsum
288 4545 429 4618 legatum,
454 4544 529 4616 quod
553 4543 679 4599 Christus
708 4544 736 4599 in
765 4544 819 4599 hoe
843 4549 1009 4600 testamento
1034 4550 1075 4605 At
1092 4549 1194 4621 copula
1210 4568 1266 4606 non
1285 4556 1328 4605 est
1341 4554 1500 4611 orhemum,
1515 4548 1565 4603 sed
1577 4554 1759 4606 euhemerum
1772 4554 1875 4624 copula

171 4631 254 4688 nohis
284 4631 384 4700 donat,
412 4631 471 4701 jam
500 4644 566 4685 vero
595 4635 712 4686 tentator
740 4631 853 4701 proprie
878 4630 1009 4702 loquitur,
1034 4642 1064 4692 et
1088 4635 1280 4707 ligamentum.
1329 4634 1401 4690 Vide
1431 4634 1523 4705 ipsum
1549 4634 1749 4708 Philosophum
1772 4637 1821 4695 lib.
1850 4645 1874 4695 1.

172 4718 284 4792 quando
307 4719 370 4791 ipsa
394 4716 551 4788 legatorum
575 4716 687 4771 nomina
710 4716 845 4788 exprimit.
890 4717 927 4771 Et
946 4716 1008 4787 quis
1035 4721 1108 4777 anal.
1134 4728 1162 4792 1,
1186 4738 1209 4777 c.
1230 4727 1253 4776 1.
1295 4721 1324 4777 Si
1347 4720 1437 4786 dicas,
1461 4738 1517 4777 non
1542 4739 1602 4778 esse
1628 4722 1741 4795 quidem
1766 4731 1874 4794 partem

172 4820 224 4876 per
241 4803 350 4874 fundos,
370 4803 472 4871 hortos,
490 4818 571 4873 agros
593 4807 645 4858 etc.
663 4801 769 4874 legatos
781 4803 863 4875 signa
875 4802 1009 4859 duntaxat
1034 4807 1221 4879 essentialem,
1258 4808 1307 4863 sed
1333 4813 1426 4862 tamen
1449 4807 1627 4880 integralem,
1655 4827 1728 4880 resp.
1751 4810 1876 4868 Kecher·

172 4890 337 4953 fundorum,
364 4889 505 4946 hortorum
534 4894 563 4943 et
589 4905 717 4959 agrorum
747 4888 801 4944 sibi
827 4888 923 4961 legata
947 4907 1008 4946 esse
1034 4911 1153 4949 mannus
1177 4911 1234 4949 non
1259 4910 1341 4965 posse
1359 4893 1411 4949 hoc
1430 4892 1503 4963 fieri,
1528 4896 1595 4967 quia
1613 4896 1702 4951 omnis
1722 4914 1786 4967 pars
1803 4899 1874 4957 inte·

172 4976 336 5048 persuaderi
352 4975 441 5032 velit'l
463 4974 549 5030 Plura
567 4973 621 5028 hac
639 4974 675 5029 de
692 4991 722 5030 re
740 4975 867 5031 dicentur
883 4975 1007 5046 inferius,
1034 4981 1120 5054 gralia
1145 4978 1294 5034 materialis
1312 4985 1371 5043 est,
1390 4980 1466 5050 quod
1484 4981 1520 5035 de
1537 4982 1639 5052 copula
1656 4981 1711 5037 dici
1729 4983 1874 5056 nequit*

172 5061 223 5118 uhi
248 5061 283 5117 de
312 5062 481 5135 metonymia
509 5060 717 5129 sacramentali,
748 5077 831 5132 quam
857 5061 1008 5116 adversarii
1035 5072 1060 5122 2.
1083 5054 1157 5130 Quia
1187 5071 1230 5120 est
1259 5065 1557 5139 συγκαιηγορούμενον
1580 5072 1608 5122 et
1629 5071 1874 5144 npcoanrqyopml—

175 5147 353 5220 confingunt,
376 5147 570 5218 disputabitur.
612 5145 718 5202 ii*Nou
741 5147 827 5218 igitur
850 5147 880 5201 in
900 5148 1008 5218 praedi·
1034 5169 1123 5227 μενον
1149 5150 1298 5221 quiddam,
1323 5156 1419 5222 tropus
1437 5158 1530 5206 autem
1548 5151 1641 5206 locum
1659 5157 1768 5210 tantum
1788 5156 1912 5213 habeta
1927 5166 1975 5210 m.

174 5240 237 5290 cato
262 5233 336 5303 ipso,
359 5250 411 5288 nee
433 5236 462 5288 in
485 5232 637 5305 praedicati
660 5231 845 5303 descriptione
870 5235 947 5289 locus
966 5240 1009 5290 est
1034 5238 1063 5291 in
1090 5236 1204 5291 vocibus
1224 5238 1474 5309 categorematicis,
1494 5236 1574 5309 {quae
1591 5243 1696 5295 certam
1710 5254 1769 5297 rem
1788 5240 1872 5313 signi-

173 5324 264 5392 trcpo.
307 5317 371 5374 Non
394 5317 422 5372 in
441 5318 616 5390 praedicato,
646 5318 713 5390 quia
729 5317 854 5373 Christus
871 5319 942 5374 falso
960 5320 1008 5374 ad·
1033 5322 1134 5392 licant,
1159 5340 1223 5377 cum
1247 5340 1342 5379 vocem
1361 5330 1385 5378 'a
1402 5324 1498 5379 nahra
1515 5321 1718 5395 significatione
1735 5332 1826 5383 vertat
1843 5327 1873 5382 in

177 5404 307 5471 didisset,
331 5404 402 5458 illud
420 5421 520 5477 corpus
540 5405 760 5461 manducandum
780 5404 860 5460 nohis
877 5405 1007 5476 exhiheri,
1035 5409 1161 5463 alienam.
1203 5414 1226 5463 3.
1246 5408 1318 5473 Quia
1341 5410 1372 5465 in
1395 5409 1487 5465 verbis
1505 5425 1608 5464 coenae
1626 5411 1700 5480 apud
1718 5409 1825 5467 Lucam
1845 5421 1874 5471 et

172 5490 252 5565 ¹quod
269 5505 321 5561 pro
335 5489 416 5546 nobis
436 5496 479 5544 est
496 5492 629 5547 nuditum
646 5497 698 5549 etc.
735 5491 794 5548 Noc
810 5490 839 5544 in
855 5491 1008 5561 praedicati
1034 5492 1154 5549 Paulum
1181 5508 1237 5549 non
1259 5494 1380 5551 habetur
1402 5494 1515 5565 copula,
1549 5495 1599 5550 sed
1622 5495 1784 5569 simpliciter
1806 5498 1873 5556 dici·
