4004 6022
834 158 1119 218 >masconius
1204 184 1233 206 υ
1769 176 1830 234 545

131 330 195 366 cum
210 315 294 367 rebus
311 315 441 368 bunonis
459 323 604 396 meretur,
627 316 655 368 si
671 316 753 369 multi
769 316 893 370 borsines
911 317 1173 411 tamlcondalebat,
1196 319 1317 382 interfici
1334 325 1492 388 mess.
1532 319 1653 389 statque
1669 322 1752 390 reqia
1770 323 1832 390 ejus

128 401 208 463 farti
219 408 334 469 pectore
355 401 545 455 invenirentur
552 419 609 471 pro
624 403 750 456 libertate
757 405 881 471 patriae,
893 402 967 454 ritae
994 404 1131 471 majestas
1152 421 1188 457 ee
1197 413 1337 474 paterna,
1355 407 1452 459 innato
1474 412 1501 459 et
1517 406 1656 460 radicitus
1673 407 1833 477 inhaerente

131 493 313 540 contemtores
325 497 350 541 et
362 488 472 543 salutm.
487 505 551 558 pag.
565 495 612 543 ts:
633 487 667 541 Si
678 489 843 556 hujusmodi
855 487 969 556 (sicarii)
994 488 1100 544 amaris
1122 492 1224 561 affectu
1242 509 1327 561 super
1345 493 1407 556 ‘flia
1420 509 1472 544 sno
1489 493 1554 544 neci
1571 494 1712 547 tradenda
1726 494 1834 562 inqenti

127 580 196 638 pan
214 573 391 640 desiqnatum
400 574 523 639 sasinus
541 575 688 643 erusmint,
709 574 969 628 inuerteroumin
995 575 1094 628 dolore
1119 594 1154 628 aa
1177 593 1304 630 manare
1324 578 1520 643 conficeretur,
1543 577 1683 643 judiciium
1703 580 1770 632 inde
1787 580 1831 643 fe·

131 658 210 710 amni
236 658 294 710 sita
319 658 529 727 suspiciuntur,·
564 660 590 712 si
616 676 696 713 semis
727 661 854 728 accidat,
883 667 970 728 prata
995 668 1099 723 cerunt,
1118 662 1208 729 ipsum
1228 677 1336 731 quoque
1349 669 1462 730 patrem
1476 662 1663 725 haitanane,
1682 671 1831 732 atrocem,

133 744 255 811 superis,
266 752 352 811 prata
364 745 520 797 bominibus
532 745 625 797 boetia
638 748 751 814 cadust,
763 746 853 799 nobili
867 753 969 798 conam
994 746 1142 800 bammeas
1161 747 1291 817 cantapia
1309 748 1444 811 infectum
1466 763 1539 815 asse,
1554 764 1700 816 repemque
1718 765 1750 802 ea
1767 765 1831 817 per·

132 831 175 881 ad
192 846 298 882 amnem
307 830 486 898 posteritatis
496 832 660 883 maneriam
672 832 816 885 illustrati
835 831 969 902 Magister
993 838 1154 901 traxerunt,
1172 841 1203 886 nt
1220 850 1318 886 aenam
1338 833 1393 886 sibi
1409 834 1441 886 in
1457 834 1555 898 fronte
1572 834 1664 887 incidi
1675 842 1832 901 paterstasr,

132 913 310 982 provincialis
333 914 399 968 huic
423 915 565 971 Marianae
590 917 668 988 operi
689 918 729 972 sic
747 916 904 987 praefatur:
937 919 971 971 Si
995 934 1048 985 quo
1075 918 1233 972 bemanus
1256 920 1307 972 ills
1329 920 1446 988 sanquis
1467 921 1519 973 tac
1539 922 1622 973 moda
1641 937 1656 973 e
1673 921 1754 988 sepia
1770 921 1832 988 ejus

52 1035 56 1041 -
132 1004 175 1053 ad
198 1001 271 1054 banc
291 1001 502 1069 praescriptam
520 1003 646 1066 formam
665 1004 789 1057 actiones
806 1012 831 1056 et
848 1003 969 1056 cansils'a
994 1004 1142 1071 majestate
1174 1006 1381 1069 ensorberetsm,
1413 1023 1462 1059 nee
1490 1006 1613 1075 amplius
1640 1006 1773 1073 afflueret
1805 1014 1831 1059 et

130 1088 309 1155 referamur,
334 1104 389 1140 nae
413 1105 542 1155 maqnum
570 1096 653 1157 atque
674 1089 841 1143 incredibile
866 1105 968 1158 operae
994 1090 1193 1157 adauqeretur.
1237 1093 1347 1144 Eodem
1374 1093 1457 1144 moda
1478 1092 1508 1143 in
1526 1091 1755 1145 Maaimilianum
1774 1093 1831 1147 llo·

128 1172 252 1238 pretium
281 1172 385 1228 coutet.
431 1173 543 1228 Scilicet
574 1174 616 1228 his
643 1175 741 1243 simu,
769 1174 823 1228 boc
849 1174 969 1244 denique
994 1192 1105 1228 manum
1131 1192 1223 1243 repam
1238 1168 1434 1230 ¹laudatissimi
1453 1178 1633 1245 imperatoris
1651 1178 1833 1232 sesamam·

132 1256 219 1311 milite
235 1255 340 1312 Christi
361 1276 404 1314 res
425 1260 544 1330 geritur!
562 1258 687 1314 Creswel.
705 1260 734 1312 iu
751 1276 823 1331 resp.
839 1261 875 1314 ad
888 1262 967 1316 edict.
988 1261 1083 1328 fllium
1108 1263 1316 1316 constituerant.
1354 1262 1461 1316 Procul
1484 1262 1569 1315 dubia
1598 1264 1672 1316 enim
1689 1265 1782 1316 adbuc
1800 1265 1831 1318 in

131 1359 191 1412 reg.
218 1345 303 1415 Augl.
328 1352 392 1402 sect
421 1352 445 1401 2.
468 1364 542 1400 num.
570 1352 626 1403 162.
647 1364 676 1417 p.
705 1353 768 1402 153:
809 1349 888 1401 Certe
913 1366 968 1400 non
994 1363 1144 1401 samareae
1167 1348 1326 1417 majestatis
1352 1348 1421 1402 aula
1446 1349 1627 1412 manifestum
1646 1355 1672 1400 et
1691 1350 1830 1417 capnitum

132 1437 242 1482 tantum
259 1431 332 1493 licet,
353 1434 407 1485 sed
422 1434 506 1486 etiam
523 1450 631 1486 mmma
644 1433 726 1500 juris
744 1432 835 1485 divini
851 1435 967 1487 messi-
994 1441 1047 1496 est,
1079 1435 1155 1502 quad
1178 1441 1243 1502 post
1270 1435 1423 1487 discessum
1451 1451 1484 1487 eu
1512 1434 1566 1487 isac
1593 1435 1653 1488 rita
1682 1451 1831 1489 caesareae

131 1521 190 1566 tate
216 1533 251 1568 ac
271 1525 442 1586 praecepto,
464 1519 520 1570 ima
545 1519 629 1571 etiam
651 1520 837 1572 concientiae
857 1520 968 1573 uincula
994 1520 1135 1586 quondam
1166 1519 1326 1587 majestatis
1355 1519 1652 1588 honorificentissimus
1682 1521 1831 1575 memoriae

131 1602 290 1654 arctissima
310 1610 335 1654 et
352 1611 471 1656 mirano
490 1604 650 1657 animarum
662 1622 779 1657 usurum
787 1605 918 1673 pericula
933 1621 967 1657 ac
995 1606 1176 1658 Ferdinandi
1191 1607 1317 1673 ejusdem
1336 1606 1500 1660 carissimus
1519 1606 1606 1670 filias,
1624 1607 1721 1659 baares
1740 1615 1766 1660 ct
1779 1607 1831 1661 ele·

131 1688 296 1742 discrimine
323 1688 494 1743 Curiatianis
525 1691 650 1744 omnibus
676 1692 729 1745 bac
756 1691 902 1757 incumbit,
935 1691 968 1743 ob
994 1692 1209 1744 ctusllomanus
1221 1691 1377 1759 imperator
1391 1692 1609 1746 Manimilianus
1626 1693 1714 1745 insui
1726 1682 1834 1747 damini

132 1774 256 1826 tumens
271 1776 452 1838 manifestum
471 1778 576 1830 mimam
588 1778 737 1846 principes
754 1778 910 1844 dmurbare,
924 1777 968 1830 acl
993 1777 1120 1844 parantis
1144 1778 1321 1830 beatissimas
1343 1777 1496 1831 memoriae
1514 1778 1620 1831 relictis
1637 1779 1832 1832 secretioribus

131 1861 274 1928 absistere,
291 1878 325 1914 ne
337 1863 531 1930 admittantur,
548 1865 867 1933 sipramtarepassunt.
891 1879 966 1916 num.
994 1862 1086 1916 literis
1104 1869 1131 1914 et
1149 1863 1334 1915 monumentis
1348 1863 1498 1930 epistolam
1513 1864 1658 1933 inuenerit,
1675 1882 1693 1916 a
1708 1867 1831 1932 wedam

133 1952 190 2000 157.
214 1961 281 2016 pag.
313 1951 374 2002 149:
414 1949 551 2002 Universa
571 1949 763 2016 tbealaqarum
779 1949 877 2003 ecbola
896 1957 967 2003 tenet
993 1948 1107 2001 Jesuita
1125 1948 1215 2002 Petro
1236 1948 1350 2006 Caninio
1370 1951 1411 2009 aa
1427 1967 1507 2002 mum
1528 1951 1670 2004 dominum
1685 1957 1832 2019 parentem

131 2040 157 2084 et
186 2040 225 2085 est
251 2040 355 2085 cenum
384 2051 419 2087 ac
447 2037 483 2088 de
505 2037 575 2101 fide,
607 2053 793 2104 quaemcunque
805 2037 966 2104 principem
994 2036 1105 2100 datam
1134 2036 1164 2086 in
1186 2051 1243 2101 qua
1268 2036 1341 2088 inter
1367 2036 1429 2089 alia
1453 2044 1480 2088 et
1505 2036 1573 2088 baec
1599 2038 1777 2101 referuntur,
1801 2053 1831 2089 se

132 2116 337 2182 Christianum,
362 2120 390 2172 si
407 2137 426 2172 a
445 2121 586 2174 catlsolica
608 2123 737 2175 Romana
754 2122 893 2190 reliqs'one
908 2139 966 2175 ma·
992 2119 1159 2188 (Cannium)
1178 2127 1254 2173 certo
1275 2121 1452 2188 deploratum
1470 2120 1582 2188 babere,
1600 2120 1831 2175 Maeimilianum
1873 2151 1879 2163 ·

130 2203 233 2265 nifaste
252 2205 396 2270 deflexerit
416 2212 443 2258 et
462 2207 537 2260 alios
556 2225 676 2261 auocare
691 2209 819 2272 uoluerit,
837 2209 965 2261 cecidere
986 2206 1083 2274 fllium
1107 2206 1279 2260 Lutberanis
1302 2206 1346 2260 ael
1362 2206 1541 2275 Auqnstanis
1569 2207 1778 2272 consessoribus
1801 2224 1831 2261 se

130 2293 225 2342 mutim
246 2292 323 2342 anmi
336 2299 476 2358 potestate
492 2301 518 2345 et
538 2295 690 2362 diqns'tats,
714 2311 749 2347 eu
765 2297 829 2364 ipsa
846 2297 875 2348 ri
887 2296 966 2364 juris
993 2291 1126 2344 addicere
1160 2292 1345 2345 constituisse.
1394 2292 1531 2354 Quoniam
1557 2291 1646 2360 iqitur
1673 2292 1725 2346 isac
1748 2295 1830 2348 mado

130 2375 223 2429 dirim
239 2384 265 2428 et
282 2376 406 2446 humani,
424 2379 529 2447 bneque
547 2387 571 2431 et
591 2388 657 2432 ante
678 2397 785 2434 omnem
800 2383 966 2434 sententiam
992 2377 1133 2430 eatbalica
1152 2379 1281 2431 Romana
1299 2378 1417 2431 ecclesia
1438 2378 1541 2445 (msam
1560 2382 1657 2441 uacat)
1674 2379 1702 2430 in
1715 2380 1829 2446 pericu·

127 2463 270 2530 pontificis
294 2480 329 2516 aa
344 2464 458 2531 judicis
476 2473 575 2518 cantra
592 2466 683 2532 ipsum
697 2466 843 2533 prolatam
864 2475 890 2518 et
903 2469 965 2536 euh-
992 2463 1050 2515 lum
1069 2470 1097 2515 et
1115 2481 1245 2532 maqnnm
1266 2464 1459 2517 detrimentum
1477 2463 1603 2516 incidere
1618 2464 1722 2532 possit,
1749 2483 1829 2520 mum

130 2548 205 2600 dites
228 2565 403 2618 quascunque
429 2549 534 2602 liberas
556 2566 615 2602 esse
642 2550 678 2602 ab
702 2552 777 2603 amni
795 2551 965 2622 ablipatiane
991 2565 1050 2602 esse
1067 2550 1227 2614 comediam,
1252 2557 1283 2602 ut
1301 2565 1437 2602 caesarea
1454 2549 1592 2615 majestas
1611 2556 1720 2602 mature
1739 2551 1827 2604 immi·

127 2635 290 2699 iuramenti,
311 2636 389 2701 quod
406 2636 441 2686 de
461 2635 622 2688 obedientia
635 2636 854 2704 praestitissent,
871 2655 966 2706 passe·
991 2637 1069 2689 nenti
1088 2635 1152 2688 buia
1174 2635 1250 2689 mala
1273 2634 1428 2688 remedium
1440 2643 1526 2703 paret
1544 2642 1569 2687 et
1587 2635 1630 2688 vel
1646 2635 1738 2700 filium
1755 2653 1828 2688 seve·

129 2737 182 2788 que
201 2725 227 2770 et
246 2720 345 2772 debere
364 2720 530 2788 hujusmodi
548 2722 686 2775 bominem
703 2730 840 2792 tanquam
852 2732 967 2792 aposta·
990 2719 1062 2774 riter
1080 2722 1111 2774 in
1129 2722 1229 2774 melias
1247 2721 1384 2789 emendet,
1404 2720 1448 2774 rel
1466 2720 1579 2773 omnino
1597 2736 1612 2772 e
1630 2721 1712 2787 reqni
1726 2722 1828 2786 finibus

130 2814 188 2857 tam
207 2813 233 2856 et
249 2806 418 2858 boemicum
437 2823 469 2859 ee
487 2807 635 2861 dominatu
653 2809 764 2876 ejicere,
781 2824 816 2861 ne
835 2810 909 2862 alias
923 2810 966 2861 in·
991 2807 1022 2859 in
1046 2808 1161 2861 anilium
1180 2808 1337 2877 propulset.
1380 2808 1461 2860 Haec
1486 2809 1570 2859 mado
1594 2815 1749 2861 memorata
1769 2808 1827 2876 epi·

128 2892 216 2955 ficiat.
252 2890 380 2946 Ceterum
407 2893 482 2963 qaod
508 2894 600 2949 verbis
628 2894 744 2963 docent,
774 2894 804 2948 id
827 2895 911 2950 otiam
936 2895 966 2949 in
992 2894 1067 2947 stola
1095 2912 1115 2946 a
1140 2908 1257 2947 caesare
1289 2893 1492 2946 Maaimiliana
1518 2892 1668 2960 praedicto
1699 2893 1828 2946 denatae

130 2975 209 3045 praxi
227 2976 457 3032 demonstrarunt.
494 2978 539 3033 De
558 2979 691 3034 monacho
708 2979 757 3033 illo
777 2978 884 3036 lacobo
904 2980 966 3035 Cle·
989 2987 1221 3048 praemonstrata
1243 2979 1314 3042 fuit,
1341 2978 1367 3031 is
1384 2977 1577 3047 adproprias
1593 2995 1692 3030 manus
1708 2978 1828 3030 sabem-

129 3068 235 3131 mente,
261 3064 309 3135 qui
332 3063 455 3118 Henrico
474 3065 524 3118 IIL
550 3064 660 3120 Galliae
677 3067 737 3137 regi
760 3066 874 3121 insidias
890 3068 966 3122 ritas
988 3067 1113 3134 ptionem
1148 3066 1366 3132 dipnascendam
1404 3063 1479 3116 seria
1511 3063 1748 3127 commonefactus
1777 3071 1826 3128 est,

130 3148 170 3203 sic
188 3151 296 3213 struxit,
315 3150 355 3203 sic
369 3157 523 3206 memorant
539 3151 654 3205 annales
672 3150 776 3206 Gallici
792 3152 822 3206 in
841 3152 965 3224 linguam
989 3160 1088 3221 pastea
1102 3152 1264 3220 praemissa
1281 3149 1451 3218 quaestione,
1470 3148 1540 3215 quid
1558 3148 1598 3214 is,
1616 3149 1666 3215 qui
1686 3149 1760 3201 inter
1772 3162 1827 3216 pa·

45 3251 68 3292 [1.
83 3248 116 3291 tt.
130 3234 325 3291 Germanicam
344 3238 472 3291 manslati
493 3238 689 3309 Mumpelgsrt.
714 3246 786 3309 part.
807 3246 831 3295 2.
854 3258 882 3309 p.
902 3247 965 3296 349:
992 3246 1061 3290 trem
1077 3237 1213 3299 etfilium,
1229 3234 1399 3304 praesertim
1414 3239 1508 3285 tantae
1521 3232 1670 3300 diqnitatis
1678 3249 1826 3300 personas,

131 3323 253 3391 Saepius
272 3324 489 3377 conserebatur
506 3341 567 3377 cum
583 3323 712 3393 Jcsnitis,
733 3325 782 3393 qui
788 3326 965 3393 peculiarem
992 3330 1071 3376 tanta
1091 3322 1216 3376 dmsidia
1234 3320 1361 3387 merim,
1379 3319 1585 3382 commeruerit,
1612 3318 1700 3371 eidem
1713 3319 1827 3386 praele-

128 3410 220 3462 loeum
238 3410 268 3461 in
283 3409 425 3479 paradiso
442 3410 502 3478 ipsi
509 3410 724 3479 pollicebantur,
743 3411 770 3465 si
779 3412 889 3477 sorsan
897 3430 965 3481 pra-
991 3418 1046 3464 cta.
1081 3405 1351 3475 Tmco-Papismus
1375 3403 1423 3459 lib.
1452 3411 1473 3458 1.
1495 3421 1517 3458 c.
1538 3408 1561 3458 8.
1579 3421 1606 3473 p.
1624 3410 1665 3458 59.
1687 3410 1829 3459 munierat

124 3504 192 3563 pter
216 3496 267 3548 isac
288 3497 404 3558 facinus
420 3497 556 3563 martyria
576 3504 767 3550 coronaretur.
806 3497 914 3553 Auctor
930 3500 966 3554 de
991 3495 1146 3565 complures
1163 3492 1289 3560 sicarios,
1312 3490 1360 3561 qui
1377 3507 1395 3545 a
1410 3489 1527 3545 lmuitis
1549 3489 1693 3544 subornati
1713 3506 1746 3544 ac
1764 3505 1826 3559 por-

123 3584 191 3651 jure
215 3581 281 3635 belli
305 3581 384 3651 Belg.
402 3587 533 3649 testatur,
559 3584 636 3650 quad
653 3582 782 3636 Jesuitae
801 3582 965 3638 Clementem
991 3582 1066 3636 suasi
1097 3579 1211 3650 reginae
1245 3576 1365 3648 Augilas
1394 3574 1575 3630 Elisabethae
1604 3576 1680 3629 vitas
1712 3575 1826 3631 iusidias

125 3669 209 3722 illum
226 3669 337 3720 minime
354 3669 824 3737 omniumclementemreqicidam,
843 3672 965 3724 merum
991 3666 1149 3721 sinuosius.
1189 3663 1263 3717 Vide
1286 3661 1368 3733 plura
1393 3660 1553 3730 hujusmodi
1572 3661 1698 3729 exempla
1715 3660 1743 3714 iu
1762 3677 1825 3715 cen·

126 3758 195 3809 Aael
216 3756 294 3823 reqis
311 3755 464 3808 Moabitiai
489 3757 699 3819 interfectorem
724 3758 897 3811 nominarint
928 3775 963 3811 aa
991 3752 1104 3807 tonatim
1124 3749 1222 3807 Wolffi
1248 3756 1277 3804 et
1294 3748 1323 3802 in
1340 3746 1506 3803 catechismo
1525 3747 1669 3802 lesuitico.
1707 3752 1732 3803 6.
1752 3749 1826 3801 Ανα-

126 3841 263 3894 horribile
282 3842 358 3894 illud
376 3842 469 3894 scelus
486 3842 613 3908 specioso
632 3842 711 3895 titula
730 3843 815 3896 ictum
834 3846 869 3897 de
886 3844 963 3898 coelo
991 3840 1083 3893 num.
1121 3838 1264 3894 Johauuss
1280 3833 1455 3889 Passeratius
1472 3834 1501 3886 in
1520 3832 1693 3903 praefatione
1712 3833 1775 3887 libri
1790 3833 1826 3889 de

127 3930 226 3980 datum
255 3926 428 3997 appellarint.
477 3926 626 3982 Homicida
654 3928 714 3998 ipse
744 3934 773 3983 ct
797 3929 868 3983 latro
894 3928 964 3999 regii
990 3925 1114 3980 ridiculis
1132 3924 1236 3988 scribit,
1252 3924 1299 3977 ria
1316 3938 1474 3992 quenquam
1493 3921 1550 3973 sibi
1565 3920 1641 3972 illud
1651 3921 1826 3989 persuadere

126 4014 226 4084 capitis
244 4014 274 4068 in
293 4030 437 4067 numerum
455 4020 613 4068 sanctorum
631 4013 750 4083 relatus,
768 4014 843 4069 illius
863 4014 963 4069 dfincs
987 4028 1086 4081 possa,
1112 4012 1189 4080 quad
1207 4009 1335 4063 Jesuitac
1359 4007 1450 4077 pratis
1469 4009 1602 4072 doceant,
1629 4007 1678 4073 qni
1697 4022 1743 4057 aas
1761 4006 1827 4058 bene

127 4108 156 4155 et
179 4099 328 4170 propinqui
351 4099 498 4169 spulrerc
516 4105 545 4154 et
563 4099 691 4153 sordibus
711 4101 806 4155 educti
825 4100 861 4154 ad
878 4100 963 4156 hono·
990 4098 1105 4154 nouerit.
1143 4098 1239 4149 Testes
1261 4093 1375 4164 (iuquit)
1394 4091 1604 4145 honestissimae
1621 4090 1826 4158 amplissimae·

126 4204 171 4242 res
195 4185 382 4240 cardinalitios
404 4185 528 4256 provecti
547 4192 618 4240 suut.
656 4184 778 4240 iohanni
795 4185 962 4254 Castellsuo,
991 4201 1044 4254 que
1060 4183 1201 4248 familiae,
1221 4198 1339 4249 quarum
1354 4178 1521 4246 sanquinem
1533 4193 1590 4245 pra
1609 4177 1706 4242 eaiqna
1725 4176 1826 4229 misser·

127 4273 176 4343 qui
200 4271 313 4327 Hemici
336 4270 388 4327 IV.
413 4270 487 4341 regis
505 4269 614 4326 Galliae
633 4271 708 4325 vitae
726 4271 840 4326 iusidias
858 4279 963 4327 surxe-
990 4271 1051 4323 aeli
1073 4270 1145 4322 istae
1169 4266 1316 4320 hirudines
1341 4263 1539 4317 seruauerint,
1582 4263 1673 4315 Testis
1697 4261 1932 4319 immorientes

127 4363 187 4425 rat,
225 4358 254 4411 in
286 4357 377 4412 locum
410 4356 521 4410 aedium
549 4363 727 4426 paternarum
758 4357 963 4413 destructarum
992 4373 1086 4411 eorum
1105 4371 1218 4421 cemus,
1239 4353 1289 4421 qui
1305 4368 1367 4404 cum
1384 4367 1480 4417 repam
1497 4365 1532 4401 ae
1548 4348 1712 4418 principum
1729 4348 1828 4416 opibus

127 4462 201 4500 anno
221 4450 294 4499 1597.
313 4443 436 4513 pyramis
456 4448 550 4498 erecta
567 4449 622 4512 snt,
646 4443 674 4496 in
695 4459 751 4514 qua
768 4443 838 4499 haec
858 4444 964 4498 haben·
992 4451 1101 4498 certare
1118 4442 1213 4512 parnt.
1251 4438 1359 4494 Ibidem
1384 4435 1469 4507 paulo
1487 4441 1553 4489 ants
1573 4439 1654 4490 vocat
1671 4434 1733 4488 illos
1751 4435 1829 4488 Har·

126 4538 181 4594 tur,
199 4531 273 4602 quad
292 4530 376 4583 malis
393 4530 538 4597 maqistrs's
556 4538 581 4583 et
598 4530 695 4583 soboba
714 4530 803 4599 impia
815 4531 965 4584 sotericsam
989 4531 1075 4601 ppias
1095 4532 1123 4583 ct
1139 4527 1231 4581 addit:
1262 4523 1427 4579 Meminisse
1445 4523 1587 4589 debemus,
1610 4538 1731 4589 quianam
1742 4528 1829 4588 pacto
1922 4587 1925 4591 ἡ

127 4633 202 4670 usus.
239 4617 273 4669 In
296 4616 396 4671 muto
421 4616 514 4670 curiae
539 4615 704 4670 Parisiemis
724 4624 823 4671 cauma
842 4616 964 4671 eundem
990 4616 1113 4688 prafuqi
1126 4612 1259 4680 homines,
1273 4628 1323 4664 nec
1337 4608 1506 4675 minusaaqi
1520 4624 1603 4676 quam
1618 4607 1737 4674 Scythae
1756 4623 1828 4663 nara

127 4702 317 4757 ΟυῐοΠιηιιω
340 4703 467 4758 besuitae
488 4707 622 4756 rocautm
639 4711 820 4773 cmnqrtores
832 4702 963 4770 jurentu-
992 4704 1137 4774 qratns'tae
1163 4701 1308 4754 dacninm
1327 4695 1509 4765 professione
1532 4693 1617 4760 oulqo
1641 4693 1830 4749 commendati

128 4791 181 4856 tis,
202 4789 337 4858 publicae
360 4789 578 4858 tranquillitatis
594 4792 822 4858 perturbatores,
846 4789 922 4856 reqis
940 4797 966 4842 et
992 4793 1045 4845 buc
1068 4787 1236 4856 irrepserint
1261 4792 1287 4837 et
1308 4781 1402 4848 ἀέκητι
1420 4783 1494 4834 θεῶν
1512 4781 1541 4832 in
1559 4779 1723 4832 academiae
1742 4779 1828 4844 (Pari-

126 4876 210 4945 requi
230 4877 328 4933 bones.
365 4875 497 4931 Wolllius
515 4876 544 4930 iu
558 4877 621 4931 lect.
640 4878 810 4932 memorabil.
830 4881 902 4932 cent.
926 4881 966 4930 16.
993 4875 1100 4938 aiensis)
1118 4880 1202 4944 parte
1225 4868 1414 4934 consederint,
1438 4865 1537 4934 quibrss
1559 4865 1668 4918 artibus
1688 4865 1829 4918 inbiantss

126 4980 202 5018 anno
229 4969 303 5019 1591.
327 4979 354 5032 p.
380 4966 454 5018 rote.
479 4977 513 5017 ex
533 4962 637 5033 scripta
657 4964 777 5034 quadam
798 4960 965 5017 Germanico
992 4962 1160 5031 locupletum
1174 4956 1307 5025 fortunis
1324 4954 1424 5007 diuites
1441 4952 1523 5004 orbos
1539 4951 1582 5002 uel
1595 4951 1712 5003 caelibes
1722 4951 1828 5004 deliras

126 5051 163 5105 de
182 5050 297 5105 occulus
313 5048 484 5103 lesuitarum
500 5048 652 5103 virtutibus
666 5056 871 5117 commemorat,
890 5051 967 5118 quad
993 5066 1079 5110 renea
1096 5044 1309 5116 usperstitiasas
1326 5037 1508 5093 mulierculas
1528 5043 1554 5088 et
1572 5037 1764 5090 adolescentes
1778 5036 1828 5096 im·

127 5136 295 5206 Philippum
318 5152 411 5203 reqem
433 5136 641 5204 Hispaniarum
660 5152 691 5189 eo
709 5136 911 5203 compulerint,
935 5142 966 5186 ut
991 5136 1100 5204 parlim
1124 5130 1285 5199 deceperint
1307 5134 1333 5180 et
1359 5125 1435 5179 uelut
1454 5121 1573 5175 Circaeo
1595 5120 1696 5190 poculo
1716 5130 1829 5190 repente

126 5242 208 5278 suum
233 5232 297 5276 tunc
321 5224 434 5276 unicum
461 5224 638 5292 superatam
668 5223 772 5287 flium,
804 5221 855 5288 qui
880 5237 966 5290 suaper
993 5220 1180 5286 immolarint,
1203 5224 1234 5270 ut
1258 5211 1404 5282 sclipianie
1427 5207 1535 5278 specie,
1561 5225 1646 5276 duam
1668 5207 1832 5276 ‘'baillia“

126 5310 230 5377 Belpia
245 5317 366 5377 propter
385 5309 575 5362 sammsimam
599 5310 630 5361 in
648 5325 681 5362 eo
700 5308 852 5361 maroilum
870 5315 965 5375 tyran·
994 5305 1132 5361 averniae
1150 5304 1262 5371 suisque
1278 5298 1434 5364 fraudibus
1453 5295 1618 5362 obtendunt,
1641 5309 1739 5361 equum
1761 5295 1830 5348 Tro·

126 5397 221 5450 nidem
237 5395 381 5465 sinqulari
397 5396 639 5450 commiseratione
655 5396 810 5449 ducebatur
829 5403 855 5447 et
867 5394 965 5446 intime
987 5396 1091 5463 janam
1110 5389 1252 5460 paulatim
1273 5381 1483 5439 introducerint
1501 5387 1553 5435 etc.
1588 5377 1701 5434 Vorent
1717 5379 1829 5451 quidem

180 5490 280 5530 aesino
295 5491 342 5531 iaci.
360 5490 384 5533 t.
1248 5525 1251 5529 .
1468 5489 1501 5540 35
