4004 6022
243 265 283 326 ti
845 255 970 315 LOCUS
989 254 1194 315 VICESIMUS
1213 256 1356 315 PRIMUS

241 413 270 468 in
287 413 369 469 reiut
392 412 439 468 lib.
467 412 502 467 dc
519 411 653 468 meantis
674 409 787 466 ermrib.
807 426 850 464 an.
872 416 946 468 1593.
966 428 999 468 ιο
1016 428 1078 483 pro·
1107 410 1188 476 Quod
1206 411 1391 469 Bellarminns
1409 410 1496 481 addit,
1516 409 1950 482 Obrietuminetituiesequs'dem

243 498 383 573 graditur,
413 504 445 554 ut
471 498 576 554 scribat
598 515 672 553 num.
696 501 757 554 aet.
800 498 940 553 Christum
958 506 1082 569 propter
1106 499 1307 554 eucharistiam
1332 499 1382 553 sub
1404 496 1516 568 duplici
1536 497 1643 566 specie,
1672 497 1724 550 sed
1750 515 1806 552 nan
1824 497 1950 567 jussisse

244 605 334 657 cam,
354 586 405 656 qui
421 587 535 640 tandem
554 586 585 638 in
602 585 728 638 ιιιιιιίίι
745 586 933 654 contiperunt,
956 603 1012 639 non
1026 602 1080 655 pa·
1107 586 1176 639 dari
1192 586 1318 641 amnibus
1336 586 1386 639 sub
1404 584 1521 655 duplici,
1538 589 1580 638 est
1597 583 1756 655 oppositum
1775 583 1805 638 in
1823 583 1946 656 adjecto,

245 674 332 726 tuirse
346 673 531 743 praecipere,
553 678 583 723 ut
606 687 714 741 semper
731 680 757 725 et
773 673 875 741 utique
892 672 943 724 sub
961 679 1080 742 utraque
1107 672 1173 742 quia
1189 671 1326 727 institutio
1339 670 1441 726 Christi
1452 676 1495 726 est
1506 687 1602 726 norma
1614 669 1756 742 legitimae
1769 669 1949 726 administru-

245 761 337 828 specie
355 760 406 814 irae
424 759 535 829 epulum
552 774 664 811 sacrum
682 757 939 827 administrarem,
960 758 1016 811 isna
1034 774 1080 810 ne·
1106 758 1196 812 tionis.
1232 757 1313 823 Quod
1332 756 1490 829 subjungit,
1508 766 1645 811 nascente
1665 758 1800 812 ecclesiae
1818 755 1948 813 multitu·

242 855 301 916 pat,
322 847 470 914 Clsrs'sstum,
489 845 517 899 si
532 845 616 900 hodie
635 846 726 898 denua
744 852 948 898 sacramentum
968 845 1079 914 dispen-
1107 846 1173 899 dine
1195 844 1365 915 apparuisse
1391 845 1595 898 incommodum
1621 851 1648 898 et
1670 844 1711 898 sic
1733 843 1880 916 pastiatim
1901 845 1948 899 ae

242 950 306 987 sare
332 935 457 1000 deberet,
482 939 630 1001 utramque
654 932 774 1000 speciem
802 931 1080 1001 dispensaturum*
1105 932 1186 985 siieee
1214 932 1358 1006 utriusque
1396 932 1501 1003 speciei
1533 949 1628 1001 usum,
1665 931 1693 985 id
1734 928 1947 1002 omnisapientir

243 1020 467 1091 Respondemus:
491 1019 562 1073 ratio
580 1018 651 1072 haec
670 1022 713 1073 est
729 1016 919 1087 particularis,
938 1034 994 1072 non
1012 1032 1079 1089 ergo
1106 1016 1208 1072 Christi
1230 1017 1397 1072 institutioni
1422 1025 1451 1072 et
1477 1016 1633 1089 primitivae
1656 1016 1789 1072 ecclesiae
1813 1015 1948 1072 historiae

242 1111 334 1177 potest
359 1106 478 1178 probare
502 1103 659 1159 universale
682 1102 778 1158 calicis
799 1103 989 1169 interdictum,
1014 1103 1080 1175 quia
1105 1113 1251 1178 repugnat.
1294 1105 1373 1161 Idem
1402 1105 1509 1161 scilicet
1532 1104 1717 1160 Bellarminus
1740 1103 1833 1159 verbis
1858 1103 1946 1175 paulo

242 1198 436 1265 argumentum
461 1209 518 1247 non
542 1190 626 1246 debet
649 1208 709 1246 esse
737 1190 882 1262 angustius
902 1190 1079 1245 conclusione
1105 1192 1317 1248 modestioribus
1335 1193 1426 1249 dicere
1444 1193 1545 1257 voluit,
1563 1191 1637 1264 quod
1655 1190 1787 1246 Matthias
1808 1189 1946 1246 Breiden·

242 1279 395 1350 probanda.
441 1276 524 1333 Adde
551 1278 626 1348 quod
656 1277 822 1333 antecedens
851 1276 946 1331 multis
971 1275 1079 1332 laboret
1105 1277 1221 1333 bachius
1244 1278 1304 1333 ludi
1328 1277 1513 1334 Embricensis
1540 1277 1697 1333 moderator
1714 1276 1841 1348 scripsit,
1864 1275 1946 1329 insti-

241 1364 331 1419 ritiis:
357 1364 528 1420 Ordinentnr
550 1364 644 1434 plures
667 1364 803 1431 ministri,
828 1364 944 1419 iteretur
967 1363 1078 1433 saepius
1105 1366 1234 1419 tutionem
1249 1365 1358 1419 larisa
1372 1365 1467 1419 nutris
1478 1363 1786 1418 modieincommodam
1798 1362 1946 1431 cestium,

243 1468 344 1506 coenae
381 1451 596 1515 administratio,
633 1449 773 1505 tribuatur
806 1455 916 1505 tantum
947 1449 1079 1520 temporis
1105 1452 1223 1520 ideoque
1249 1470 1306 1506 nan
1334 1451 1394 1504 sine
1420 1468 1508 1504 cassen
1533 1467 1552 1503 a
1576 1451 1682 1505 sanctis
1703 1449 1836 1520 patribus
1852 1448 1947 1513 fuisse

242 1538 364 1608 spatium
382 1535 582 1607 communioni,
606 1536 785 1607 quantumin
804 1551 951 1591 numeroso
974 1534 1078 1606 populo
1105 1545 1248 1595 mutatum.
1284 1541 1311 1591 3.
1333 1537 1458 1591 Tertium
1475 1537 1679 1592 incommodum
1698 1545 1746 1605 est,
1766 1536 1845 1607 quod
1861 1534 1947 1590 muiti
1957 1532 1993 1627 ξύ

242 1623 410 1696 requiritur;
448 1622 565 1694 quodvis
601 1623 694 1694 potius
732 1628 883 1693 quaeratur
917 1621 1079 1689 remedium,
1106 1622 1256 1680 abhorrent
1283 1645 1302 1680 a
1323 1625 1388 1680 uino
1412 1633 1439 1680 et
1460 1625 1505 1680 uel
1525 1632 1628 1678 natura
1656 1624 1785 1678 absumit
1809 1629 1876 1676 sunt
1899 1622 1946 1676 oei
1959 1648 1993 1678 eor

207 1783 212 1795 Ι
244 1727 327 1783 quam
345 1717 378 1765 ut
395 1715 493 1765 conha
509 1708 612 1764 Christi
631 1708 832 1764 institutionem
847 1708 952 1779 aliquid
970 1713 1078 1780 agatur.
1105 1714 1271 1767 educatione
1292 1711 1392 1781 quibus
1415 1719 1509 1767 tamen
1527 1729 1582 1782 per·
1601 1712 1676 1781 tepea
1696 1711 1810 1765 diuinas
1829 1729 1848 1764 a
1869 1691 1993 1783 com-{ig

246 1797 363 1854 Tertull.
380 1796 409 1850 in
427 1794 564 1868 apologet
583 1813 607 1850 c.
630 1801 671 1852 37.
690 1796 725 1850 de
736 1796 911 1851 incrementis
922 1795 1080 1866 primitivae
1106 1801 1234 1854 mamone
1261 1817 1317 1853 non
1343 1799 1409 1853 licet
1435 1799 1581 1854 abstinere.
1627 1797 1851 1867 Respondemuss
1871 1797 1943 1853 ratio
1957 1799 1993 1834 Μ

146 1883 380 1942 x.1ttecclesiae
396 1882 438 1937 sic
454 1882 562 1938 scribit:
584 1883 683 1936 Vestra
695 1883 788 1936 omnia
801 1882 975 1952 implevimus
988 1881 1079 1945 urbes,
1104 1885 1174 1941 haee
1191 1885 1288 1940 itidem
1305 1884 1481 1956 particularis
1493 1889 1542 1954 est,
1555 1884 1673 1956 proinde
1686 1902 1742 1940 non
1754 1888 1847 1954 potest
1860 1901 1895 1940 ex
1908 1900 1943 1940 ea

245 1969 368 2034 insulas,
394 1969 527 2038 ιιιιιιιι,
555 1968 724 2037 municipia,
752 1968 954 2036 conceliabula,
984 1974 1079 2021 caena
1104 1971 1259 2030 universale
1275 1971 1368 2027 calicis
1381 1971 1560 2027 interdictum
1578 1970 1686 2040 deduci,
1707 1989 1774 2025 num
1792 1971 1867 2026 enim
1879 1988 1944 2042 pro-

245 2057 317 2127 ipsa,
335 2054 430 2124 tribus,
448 2055 590 2121 demriaa
605 2053 756 2123 palatium,
770 2056 1013 2121 senatumsorum
1026 2059 1078 2109 ete.
1104 2066 1166 2129 pter
1190 2075 1293 2129 paucos
1312 2057 1461 2113 abstemios
1478 2063 1554 2114 totus
1570 2057 1695 2114 fidelium
1714 2059 1835 2130 populns
1853 2057 1944 2114 ιιιίιι

244 2141 421 2198 nihilominus
448 2146 541 2197 tamen
566 2139 710 2211 utriusque
732 2141 834 2211 speciei
854 2147 912 2195 tum
930 2139 985 2194 fuit
1002 2158 1079 2195 usne.
1104 2144 1288 2200 eucharistico
1316 2144 1489 2214 privandus?
1526 2144 1599 2200 adde
1629 2144 1704 2217 quod
1734 2144 1875 2200 rarissime
1902 2144 1943 2200 in·

149 2275 150 2280 ,
244 2229 427 2300 Proponimus
450 2234 544 2283 autern
565 2226 736 2283 Bellarmino
764 2227 818 2282 hoc
841 2227 1076 2298 perpendendum.
1103 2233 1265 2301 veniuntur,
1297 2232 1345 2303 qui
1376 2248 1432 2286 non
1461 2230 1568 2301 possint
1596 2235 1705 2285 tantum
1736 2230 1793 2284 vini
1821 2230 1943 2300 haurire,

243 2315 273 2385 Si
297 2316 326 2372 iu
343 2331 447 2388 magna
469 2313 566 2386 populi
584 2313 741 2386 frequentia
757 2314 932 2369 sacerdotum
948 2331 1078 2369 numerus
1103 2324 1239 2390 quantum
1261 2317 1366 2372 sufficit
1390 2317 1427 2372 ad
1450 2333 1531 2370 nsum
1549 2316 1790 2385 sacramentalem,
1805 2332 1839 2372 as
1856 2321 1944 2373 testa·

243 2402 280 2458 ad
300 2402 453 2458 audiendas
472 2401 649 2475 ennemase,
660 2401 846 2458 consessiones
859 2400 971 2467 sufficit,
990 2400 1078 2455 multo
1103 2408 1149 2458 tur
1173 2404 1355 2476 experientia,
1380 2402 1463 2459 etiam
1489 2402 1564 2466 illos,
1590 2402 1639 2474 qui
1661 2407 1762 2457 natura
1780 2401 1825 2459 vel
1840 2402 1944 2458 educa-

244 2489 332 2563 magis
366 2490 403 2545 ad
432 2486 527 2545 cahcis
551 2489 816 2545 administrationem
847 2487 988 2545 sufficiens
1018 2502 1078 2544 esse
1103 2491 1179 2546 tione
1202 2490 1332 2547 abstemii
1349 2496 1425 2559 sunt,
1450 2488 1574 2562 guttulas
1593 2487 1700 2561 aliquas
1715 2487 1774 2543 vini
1791 2489 1821 2544 in
1839 2489 1943 2546 eucha-

243 2579 343 2648 potest
384 2576 526 2633 Connedo
543 2582 585 2633 est
601 2575 762 2645 manifesta,
781 2575 848 2647 quia
866 2576 930 2646 plus
948 2574 1079 2647 temporis
1104 2577 1183 2632 ristia
1206 2576 1266 2633 sine
1290 2575 1414 2648 periculo
1436 2576 1592 2632 vomitionis
1616 2591 1763 2631 ιιιιιιιιι.
1806 2575 1882 2642 Quid
1901 2592 1944 2632 re·

244 2661 395 2735 requiritur
428 2664 465 2717 ad
501 2662 670 2718 audiendam
701 2661 872 2734 singulorum
901 2667 1078 2733 peccatorum
1105 2663 1188 2736 liquis
1205 2663 1364 2719 iaciendum
1381 2662 1426 2731 sit,
1443 2662 1558 2718 inferius
1572 2661 1766 2718 declarabitur.
1802 2666 1836 2718 tr
1850 2659 1993 2751 omiti

245 2749 494 2818 enumerationem,
525 2767 608 2820 qnam
639 2750 675 2803 ad
704 2748 799 2803 calicis
827 2747 1000 2803 eucharistici
1030 2747 1078 2802 ad·
1104 2759 1161 2803 tuns
1180 2749 1384 2804 incommodum
1400 2757 1440 2802 est
1453 2750 1578 2817 penrsria
1588 2749 1655 2814 uini,
1674 2748 1813 2819 siquidem
1827 2749 1858 2802 in
1870 2750 1941 2803 mul·
1956 2765 1992 2811 ont

115 2851 233 2894 nrmvs·
245 2834 483 2890 ministrationem.
518 2838 545 2890 2.
561 2835 719 2890 Semurium
735 2834 938 2888 incommodum
956 2835 1079 2888 eatirre·
1104 2838 1142 2890 tis
1166 2836 1327 2905 ropionibus
1351 2835 1444 2889 uinum
1465 2853 1520 2889 nan
1545 2837 1660 2906 crucit,
1684 2843 1710 2889 et
1728 2837 1806 2906 quod
1824 2816 1993 2917 aliundegss

79 2911 81 2919 γ
117 2905 194 2996 ,¹:222
245 2922 372 2976 terentm
394 2920 564 2974 amentissimi
586 2921 768 2988 eamamenti,
794 2937 865 2990 quae
893 2921 922 2974 in
944 2921 1079 2992 effrsmone
1106 2925 1240 2994 affertur,
1256 2921 1365 2992 partim
1390 2938 1496 2975 smnma
1509 2921 1603 2991 pretio
1623 2922 1736 2992 emitur,
1758 2923 1870 2993 partim
1886 2940 1944 2978 non

117 3007 196 3048 Μ*
245 3000 391 3078 sanp'ssim's
405 3006 562 3061 metuenda.
597 3006 680 3060 Fieri
696 3006 769 3060 enim
786 3024 842 3061 nan
852 3014 952 3076 potest,
968 3014 1000 3061 ut
1016 3026 1079 3061 san·
1106 3011 1157 3064 diu
1174 3016 1363 3072 conservatur,
1382 3024 1415 3060 en
1433 3025 1487 3078 quo
1505 3016 1646 3078 oporteret
1657 3009 1799 3079 plurimos
1811 3018 1861 3064 aut
1872 3029 1943 3065 nun-

244 3097 309 3166 puis
334 3093 454 3149 Domini
477 3093 652 3147 ministretur
681 3093 767 3147 tantis
786 3093 959 3163 populorum
982 3094 1080 3159 turbis,
1106 3114 1189 3167 quam
1208 3095 1415 3151 autres-issima
1429 3095 1642 3164 communicare,
1660 3097 1753 3151 sinon
1765 3105 1863 3167 posset
1873 3097 1946 3165 fieri

244 3189 365 3255 qrsantae
392 3181 423 3263 ip
453 3179 591 3251 paschate
623 3181 666 3234 ad
695 3180 912 3234 communionem
937 3183 1079 3250 coemunt,
1106 3184 1260 3239 communio
1277 3183 1397 3236 subuna
1409 3182 1507 3252 specie.
1532 3181 1756 3254 Respondemus:
1772 3183 1945 3255 nonpoterit

244 3270 313 3340 quin
331 3266 447 3338 saepius
465 3269 639 3339 effundatur,
663 3284 725 3322 eum
738 3267 909 3337 pracsertim
926 3268 1009 3322 muti
1023 3268 1089 3322 sint
1106 3269 1179 3326 ullus
1202 3274 1338 3326 ιιιιιιιιιι
1356 3268 1502 3325 monstrari
1519 3267 1612 3338 locus,
1635 3267 1665 3323 iu
1683 3285 1765 3340 quem
1783 3285 1840 3325 non
1858 3271 1944 3327 adre-

244 3358 331 3426 s'enes,
350 3355 465 3425 debries,
483 3353 591 3419 malici,
612 3353 663 3424 qui
672 3356 718 3408 uin
732 3353 930 3409 adhibendum
945 3356 981 3408 de
995 3373 1080 3409 manu
1105 3357 1188 3413 ιιιιιι
1204 3363 1312 3412 mutum
1328 3356 1393 3426 vini,
1415 3361 1549 3429 quantum
1568 3355 1605 3409 ad
1623 3355 1807 3411 eucharistiae
1824 3357 1944 3412 admini

245 3444 364 3499 uberius
388 3458 418 3496 se
441 3444 654 3497 accommodare
677 3449 788 3499 nomm.
829 3443 866 3497 In
884 3443 1079 3512 deportatione
1105 3443 1266 3499 ιιιιιίοιιιι
1284 3443 1442 3515 requiritur.
1477 3443 1515 3496 Et
1531 3441 1669 3514 quomodo
1683 3442 1753 3499 haec
1771 3443 1829 3497 vini
1846 3443 1945 3517 inopia

246 3531 330 3586 etiam
347 3530 390 3584 ad
406 3537 537 3608 aeprotoe
547 3529 726 3597 sacimmum
741 3537 826 3599 uret,
844 3536 874 3583 ut
891 3530 1080 3599 effunderetur
1106 3530 1219 3604 reliquis
1244 3530 1337 3599 terris,
1360 3529 1454 3602 regnis
1477 3534 1505 3584 et
1524 3527 1688 3600 provinciis,
1711 3528 1741 3583 in
1760 3530 1861 3600 quibus
1883 3547 1941 3586 ma-

244 3616 290 3671 eel
315 3633 348 3670 en
374 3616 429 3670 elia
455 3614 609 3684 epitatione
635 3616 775 3668 turbidum
800 3621 825 3669 et
850 3615 974 3684 ineptum
986 3616 1080 3683 fieret.
1106 3636 1163 3691 gna
1187 3617 1268 3690 copia
1290 3616 1348 3671 vini
1370 3615 1484 3684 crescit,
1513 3615 1705 3686 praejudicare
1734 3622 1842 3686 potest,
1873 3636 1940 3689 quo·
1954 3623 1978 3667 ι

245 3701 466 3774 Respondemus:
485 3699 639 3767 metuenda
660 3700 753 3772 potins
771 3700 949 3756 irreverentia
969 3701 1079 3774 Christi,
1106 3705 1196 3760 minus
1223 3703 1379 3759 communio
1401 3702 1453 3758 sub
1478 3705 1597 3772 utraque
1623 3702 1715 3772 specie
1734 3702 1816 3772 juxta
1838 3702 1944 3759 Christi

246 3788 325 3844 siah
342 3788 403 3860 ejus
422 3787 508 3843 verbo
525 3786 680 3843 ιιιιᾱιιιι.
714 3786 904 3842 Tertullianus
924 3787 960 3843 de
979 3805 1081 3845 corona
1107 3791 1306 3847 institutionem
1323 3791 1390 3862 ipsis
1410 3787 1597 3845 concedatur?
1621 3788 1714 3843 ”illa
1732 3789 1832 3845 ultim
1843 3789 1943 3856 Thule,

247 3874 342 3930 militis
360 3891 384 3929 c.
403 3880 427 3932 3.
466 3872 600 3946 Origenes
619 3871 714 3930 homil
732 3878 773 3929 33.
793 3873 822 3926 in
837 3871 924 3929 Exod,
958 3871 1081 3946 Cyrillus
1107 3895 1190 3951 quum
1213 3877 1296 3933 hodie
1317 3876 1467 3932 islandiam
1490 3880 1604 3944 vocant,
1629 3875 1724 3930 vinnm
1746 3894 1802 3932 non
1820 3876 1946 3933 admittit

245 3960 514 4033 Hierosolymitanus
532 3958 637 4014 catech.
656 3964 775 4030 mystug.
794 3965 818 4014 5.
837 3958 872 4015 de
890 3975 962 4030 pane
982 3961 1081 4018 eucha-
1107 3965 1201 4034 modo,
1230 3980 1327 4018 verum
1357 3963 1440 4019 etiam
1471 3962 1500 4017 in
1535 3979 1603 4016 usus
1626 3962 1795 4018 necessarios
1826 3963 1944 4035 reponit,

245 4048 339 4104 ristico
365 4049 439 4105 idem
461 4046 649 4119 praecipiunt:
679 4045 747 4100 Cum
765 4064 867 4116 corpus
885 4048 1006 4102 Domini
1021 4068 1080 4103 sua-
1107 4051 1182 4124 qnod
1208 4056 1345 4106 ιιιιιιιιιι
1371 4057 1487 4118 ιιιιιι,
1517 4049 1565 4122 qui
1589 4049 1785 4105 remotissimas
1813 4050 1877 4105 illas
1903 4069 1946 4107 ee-

246 4136 340 4207 eipits's
357 4134 521 4207 (inquiunt),
550 4152 611 4188 essm
635 4135 712 4188 omni
732 4135 843 4189 cautela
862 4142 888 4188 et
904 4137 1080 4191 ueneratione
1107 4136 1271 4209 ptentrionis
1295 4138 1394 4210 plagae
1415 4135 1605 4208 pernavigant.
1648 4135 1708 4193 Nec
1738 4153 1819 4191 sacra
1843 4139 1946 4194 eucha-

246 4223 379 4292 seruatis,
402 4238 437 4277 ne
460 4239 493 4276 ec
510 4238 542 4275 eo
553 4237 661 4291 parum
681 4221 751 4290 quid
768 4222 890 4279 deciam.
925 4220 1082 4293 Utrobique
1107 4223 1186 4279 ristia
1213 4224 1242 4279 in
1270 4223 1319 4278 illa
1345 4223 1457 4294 regione
1485 4220 1566 4276 aliter
1593 4222 1761 4290 celebratur,
1786 4240 1870 4294 qnam
1891 4226 1944 4282 sub

247 4309 333 4382 igitur
367 4309 532 4364 adhibeatur
567 4306 673 4374 cautio,
708 4323 884 4380 nequaquam
919 4324 984 4364 rero
1015 4326 1082 4364 usus
1108 4311 1188 4382 panis
1217 4317 1245 4365 et
1270 4311 1328 4366 vini
1354 4311 1454 4383 specie,
1499 4309 1594 4373 Quid?
1618 4315 1746 4381 potestne
1770 4311 1854 4366 missa
1874 4312 1946 4370 cele·

247 4393 406 4450 alterutrius
431 4395 534 4466 speciei
559 4395 642 4466 plane
665 4393 787 4449 tollatur.
829 4394 885 4449 Sed
911 4411 964 4450 nec
981 4397 1083 4452 militat
1108 4398 1182 4454 brari
1210 4397 1286 4469 apud
1309 4396 1482 4453 Pontificioi‘
1496 4396 1554 4450 sine
1570 4396 1654 4451 vino?
1678 4395 1831 4467 dispensari
1850 4405 1944 4454 autem

247 4481 315 4538 haee
343 4480 429 4546 ratio,
467 4481 490 4536 si
523 4479 606 4552 pauci
644 4480 737 4536 adsint
768 4479 841 4538 laici.
888 4481 922 4537 ln
958 4483 1082 4553 periculo
1108 4485 1183 4557 apud
1216 4484 1326 4540 cosdem
1354 4500 1442 4539 coena
1471 4499 1526 4537 non
1554 4488 1646 4554 potest
1675 4483 1731 4536 nisi
1757 4483 1842 4538 missa
1867 4494 1944 4541 ante·

225 4612 228 4619 ι
248 4568 391 4626 effusionis
409 4585 464 4623 non
481 4573 622 4640 spectatur
639 4585 769 4624 numerus
787 4567 1015 4641 Christianorum,
1032 4571 1082 4626 sed
1108 4573 1250 4644 grassati*
1284 4569 1484 4626 Volaterranus
1503 4568 1550 4625 lib.
1570 4576 1593 4624 7.
1611 4569 1762 4640 geograph.
1781 4570 1879 4637 refert,
1897 4572 1943 4628 In·

160 4708 166 4729 ‚
203 4718 206 4722 μ
240 4653 526 4723 ‚communicantium
564 4655 624 4726 jum
660 4671 726 4710 vero
758 4653 915 4726 primitivae
949 4656 1082 4712 ecclesiae
1107 4658 1266 4713 nocentium
1284 4656 1364 4713 Vlll.
1387 4656 1556 4711 concessisse
1574 4654 1725 4726 Norvegis,
1750 4665 1780 4710 ut
1799 4658 1860 4712 sine
1878 4659 1943 4713 uino

250 4742 327 4798 aelus
351 4741 381 4796 in
404 4739 541 4811 stequenti
560 4739 643 4812 hujus
661 4742 825 4796 sacramenti
842 4758 895 4796 usu
913 4744 1003 4814 major
1020 4744 1082 4810 fuit,
1108 4745 1312 4813 sacrificarent,
1337 4744 1415 4813 quod
1437 4745 1530 4797 uinum
1554 4744 1583 4797 in
1601 4741 1745 4812 Noruepia
1761 4761 1817 4798 nan
1835 4755 1944 4801 creseat

250 4844 334 4902 qnam
351 4825 547 4900 posterioribus
563 4827 677 4897 seculis,
696 4833 725 4883 ιι
741 4826 919 4883 nihilominus
938 4830 990 4885 sub
1008 4838 1082 4887 ntra·
1107 4839 1133 4886 et
1154 4832 1271 4885 aliunde
1293 4831 1475 4901 importatum
1499 4838 1617 4884 acescat.
1658 4829 1698 4885 At
1715 4847 1778 4885 cum
1797 4831 1851 4902 ipsi
1869 4832 1943 4888 Pon·

249 4932 304 4988 que
320 4914 412 4988 specie
432 4915 462 4969 iu
478 4912 618 4985 primitiva
635 4913 752 4970 ecclesia
768 4913 823 4969 fuit
840 4917 1079 4974 communicatum.
1106 4916 1185 4972 tilicii
1208 4917 1261 4972 hoc
1278 4934 1334 4972 non
1352 4917 1518 4987 concedant,
1544 4917 1641 4971 misere
1660 4915 1690 4970 in
1707 4916 1756 4971 illo
1771 4917 1847 4973 iacto
1861 4936 1942 4974 excu-

246 5002 324 5058 Idem
362 5000 499 5074 judicium
532 4998 567 5055 de
602 4999 783 5055 eucharistiae
819 5001 1009 5071 deportatione
1044 5003 1080 5058 ad
1106 5003 1194 5058 sande
1219 5021 1280 5060 sese
1309 5009 1421 5075 torquet
1445 5002 1644 5058 Bellarminus:
1677 5002 1718 5056 ld
1736 5005 1868 5073 pontifex
1891 5006 1941 5060 sile

247 5093 389 5159 aegrotos,
413 5102 487 5160 quae
504 5085 634 5161 publicae
652 5092 680 5142 et
697 5086 804 5143 solenni
824 5088 1008 5145 communioni
1026 5106 1081 5144 uon
1105 5091 1170 5144 ideo
1192 5091 1338 5158 canumet,
1356 5089 1383 5142 ei
1400 5098 1491 5143 tanen
1508 5087 1643 5143 concessit
1661 5087 1783 5160 (lnquit),
1802 5091 1847 5144 uel
1863 5095 1941 5160 quod

247 5179 339 5244 potest
357 5173 558 5247 prssjndicsre,
576 5172 642 5244 quin
660 5172 716 5229 imo
732 5181 826 5245 posset
843 5175 927 5231 etiam
944 5177 972 5230 in
990 5177 1080 5248 priva·
1107 5177 1169 5246 ejus
1192 5176 1328 5230 sententia
1353 5183 1435 5246 esset,
1469 5195 1525 5230 nou
1549 5191 1607 5229 esse
1632 5177 1667 5230 de
1689 5177 1754 5244 iure
1778 5177 1896 5244 diuino,
1910 5185 1952 5232 ut·

247 5260 283 5315 tis
314 5260 432 5316 aedibus
463 5258 631 5317 amoenae
659 5257 727 5314 fieri.
777 5261 881 5318 Justini
911 5268 1004 5319 aetate
1024 5279 1081 5333 per
1105 5264 1276 5328 sacrificium
1309 5264 1339 5316 in
1367 5272 1485 5332 utraque
1513 5263 1602 5332 specie
1629 5264 1731 5328 confici
1755 5264 1868 5330 debeat,
1896 5267 1942 5320 oei

186 5391 188 5395 Α
248 5347 385 5402 &conoe
409 5346 593 5414 mansueto,
614 5346 649 5399 id
664 5353 703 5399 est
715 5347 818 5416 panis,
841 5346 934 5402 uinum
952 5358 980 5403 et
997 5367 1080 5419 aqua,
1105 5351 1183 5421 quod
1208 5349 1394 5419 indicauerit,
1413 5349 1466 5418 jus
1490 5348 1616 5402 diuinum
1633 5349 1674 5404 ita
1695 5351 1941 5420 interpretandum

248 5435 280 5489 in
297 5433 396 5504 maius
414 5434 524 5501 pratiae
543 5440 630 5498 actae,
650 5432 805 5487 absmtibus
824 5435 1002 5490 ms'ttebantur
1020 5434 1079 5490 sine
1105 5453 1177 5506 esse,
1201 5443 1233 5488 ut
1256 5436 1413 5505 eccipts'atur
1437 5451 1519 5488 casus
1540 5436 1721 5491 necessitatis.
1753 5436 1793 5492 At
1810 5437 1834 5491 si
1850 5438 1941 5509 ponti·

250 5519 320 5579 uno
334 5518 528 5576 imercrentiae
546 5525 582 5575 ιι
602 5519 741 5577 ιιιιιιοιιιι
758 5519 898 5592 periculo,
924 5521 1034 5594 apolog.
1052 5527 1078 5580 2.
1098 5522 1151 5610 ¹iex
1175 5521 1205 5577 in
1227 5521 1345 5579 decmtis
1374 5521 1432 5577 suis
1462 5535 1554 5576 errare
1584 5538 1640 5578 non
1663 5527 1767 5594 potest,
1808 5528 1841 5578 ιι
1871 5522 1953 5582 alibi'
