4004 6022
791 259 1135 320 mmm
1769 274 1829 335 888

125 418 323 488 dumam
309 435 370 489 Jam
395 433 461 475 vero
482 424 546 491 post
568 419 667 476 initum
691 372 790 475 feodus
814 416 922 490 gratiae
940 420 969 472 et
995 419 1118 473 81818811.
1164 421 1241 474 Nom
1264 423 1365 476 Aaron
1391 440 1513 477 88888888
1532 424 1666 495 pontifex
1681 424 1834 494 8888888811
1842 427 1949 470 88111188

124 504 327 578 promissiones
356 505 393 561 de
419 505 552 562 ecelesiae
583 505 772 577 perpetuitate
802 505 881 560 datas
912 519 968 558 non
993 503 1108 559 81181888
1128 480 1936 581 88188888888118188888818881888881181118111818,

125 591 251 664 amplius
270 579 466 662 metuendum,
491 599 523 647 ut
541 591 569 646 in
588 598 729 663 postemm
749 591 833 648 etiam
850 596 910 647 tota
925 606 967 646 eo·
993 580 1957 668 8881818818818888181888111,8,8.11888888Β811888ι1888,Μ’(Ηι

124 678 217 735 clesia
234 676 354 733 deficiat.
391 677 447 735 Sed
466 678 551 734 88888
569 678 756 734 Bellarminus
774 677 865 747 aliud,
891 675 967 747 quod
994 692 1026 730 88
1044 685 1167 747 tempora
1180 696 1230 733 ase
1243 690 1337 751 caput,
1355 699 1404 736 aer
1417 700 1520 753 corpus
1534 683 1668 738 8881881888
1682 684 1830 753 8181881888,

122 764 197 820 huic
220 770 384 835 argumento
402 769 533 835 opponat.
576 764 684 835 Negat,
707 765 818 845 primos
832 769 968 833 parentes
993 781 1060 817 8888
1078 774 1163 835 caput
1182 775 1245 820 erat
1262 767 1340 822 88188
1352 770 1476 837 Moyses,
1496 787 1577 839 quem
1596 779 1700 824 certum
1718 778 1759 825 881
1774 786 1831 826 soa

113 851 221 920 susara
239 851 400 920 8881881888,
417 868 479 904 cum
495 849 605 915 fuerint
624 852 681 904 duo
698 858 806 904 1881888
824 850 948 905 bominac
955 871 967 920 ,-
993 866 1112 919 8888888,
1129 853 1230 907 Aaron
1247 854 1387 924 siquidem
1401 857 1526 909 noudum
1538 864 1601 910 8881
1607 857 1749 926 pestifer,
1763 874 1832 912 88888

124 937 229 994 statuit
245 943 352 1001 autem,
371 937 470 1005 fuisse
488 953 535 990 eos
553 935 665 989 18111888
684 936 817 990 acclesiae
835 943 892 990 tom
909 951 966 987 ma·
990 944 1091 1006 posteo
1116 940 1209 1001 188188
1234 947 1287 1008 881,
1315 949 1346 994 ut
1366 949 1447 1010 potet
1472 943 1627 999 11888110.
1661 943 1728 996 Nos
1747 942 1831 998 811888

124 1023 238 1090 1881818,
256 1040 340 1092 orsam
355 1023 490 1087 formale.
530 1021 755 1092 Respondemus:
779 1023 833 1077 Ubi
850 1021 968 1076 8188881
994 1040 1097 1092 corpas
1115 1025 1226 1094 81818818,
1246 1044 1311 1079 aum
1330 1043 1423 1080 888888
1436 1029 1551 1081 Acritas
1568 1029 1702 1081 immunes
1712 1029 1832 1095 fueruat

124 1118 187 1165 1888
205 1108 371 1179 8888888811
387 1117 450 1163 suot
467 1109 496 1162 ia
514 1107 715 1172 semisismo,
741 1108 782 1162 ibi
795 1124 845 1178 epo
862 1125 922 1161 som
938 1108 968 1160 io
994 1109 1029 1161 ab
1047 1125 1079 1162 eo
1091 1118 1226 1179 peccato,
1250 1119 1428 1181 8818818188
1448 1116 1544 1166 eodem
1562 1131 1585 1166 8.
1605 1116 1652 1169 32.
1671 1112 1832 1168 1188818881

126 1196 223 1250 medio
244 1211 349 1265 eorum,
366 1193 459 1266 inquit
477 1192 603 1248 Christus
618 1193 717 1248 Matth.
739 1199 784 1258 18,
802 1212 828 1251 v.
848 1200 890 1250 20.
906 1194 967 1264 jam
994 1196 1110 1262 Moyses
1120 1196 1206 1249 dicit:
1227 1196 1664 1269 siqoamDmniatjoapasar
1676 1200 1752 1266 888181,
1764 1216 1827 1256 coss·

125 1298 194 1337 8888
211 1280 260 1336 ubi
277 1280 404 1336 Christus
425 1286 468 1336 est
484 1297 517 1336 88
535 1279 570 1335 (18
588 1297 644 1352 quo
664 1279 788 1351 loquitur
806 1280 902 1349 modo,
927 1279 967 1334 ibi
992 1281 1159 1350 properique
1171 1290 1235 1336 8881
1248 1284 1363 1337 8818888
1375 1286 1533 1351 8888881111
1542 1287 1619 1342 Iasi.
1638 1286 1716 1341 idem
1728 1284 1829 1358 repedt

47 1386 57 1402 ⁴
127 1373 174 1422 est
196 1366 321 1426 ecclesia.
358 1367 511 1437 Apostolus
532 1366 648 1421 Roman.
675 1371 721 1436 111,
744 1384 769 1422 v.
789 1373 813 1422 5.
858 1373 881 1422 1.
904 1365 966 1421 Cor.
992 1366 1119 1422 Bscanus
1130 1374 1211 1426 tract.
1226 1369 1261 1423 de
1274 1370 1392 1426 88818818
1404 1389 1430 1443 q.
1446 1378 1468 1427 1.
1481 1372 1569 1428 concl.
1582 1379 1606 1430 4.
1618 1390 1693 1428 num.
1709 1377 1750 1428 82.
1774 1371 1828 1428 Re·

132 1461 179 1523 16,
199 1472 225 1511 v.
249 1459 288 1513 19.
317 1453 420 1510 Coloss.
440 1460 470 1518 1,
496 1471 522 1510 8.
547 1459 587 1510 15,
609 1452 689 1523 epist
708 1452 744 1506 ad
763 1451 879 1509 Philem.
897 1471 925 1507 r.
941 1458 966 1508 2.
993 1453 1173 1522 spondemus:
1197 1460 1219 1511 l.
1234 1455 1312 1510 locus
1327 1456 1373 1510 818
1385 1457 1528 1512 evidenter
1538 1458 1668 1524 ostendit,
1682 1458 1827 1514 ecclesiam
1839 1469 1878 1512 xa
1894 1468 1939 1513 112

127 1542 214 1594 888188
239 1542 339 1594 &mae
356 1538 491 1594 familiam
507 1536 694 1594 Christianam
711 1544 794 1594 vocat
813 1531 966 1594 acclamarit.
992 1554 1026 1592 eo
1043 1555 1099 1611 quo
1119 1540 1283 1595 dictumest
1301 1542 1383 1597 modo
1401 1543 1519 1601 deiicere
1533 1551 1562 1600 88
1579 1543 1745 1600 invisibilem
1765 1543 1826 1600 tleri

127 1629 194 1684 Jam
213 1643 279 1681 vero
303 1626 358 1681 duo
385 1624 510 1681 homines
529 1625 644 1679 maritum
662 1631 691 1680 et
707 1641 776 1679 uxor
795 1624 967 1680 constituunt
992 1639 1081 1694 posse.
1101 1625 1189 1680 Totus
1202 1626 1274 1682 euim
1289 1630 1588 1698 populuslsrailiticus
1599 1637 1667 1686 tunc
1681 1629 1829 1687 exercebat

127 1713 270 1770 familiam.
308 1712 384 1783 Ergo
401 1711 485 1767 etiam
503 1711 670 1766 constituere
686 1718 802 1782 possunt
813 1711 967 1768 eeclesiam.
992 1709 1191 1781 idololatriam,
1218 1729 1309 1783 neque
1329 1720 1423 1770 temen
1449 1721 1508 1771 erat
1530 1717 1630 1788 aliquis
1646 1722 1741 1773 coetus
1757 1717 1827 1772 inte·

126 1802 161 1855 In
185 1817 250 1856 arca
269 1800 348 1856 Noae
369 1808 431 1853 8888
450 1807 558 1854 tactum
578 1799 688 1852 animae
704 1798 830 1869 1888881,
856 1799 886 1853 in
905 1799 966 1871 qui·
993 1813 1043 1868 ger
1059 1802 1088 1852 88
1105 1799 1280 1870 conspicuus,
1296 1801 1324 1854 in
1344 1819 1399 1873 quo
1418 1801 1541 1858 sincerus
1561 1810 1589 1858 88
1605 1820 1692 1873 purus
1703 1801 1828 1858 1181881-

128 1886 181 1943 bus
200 1886 318 1942 ecclesis
335 1891 498 1941 conservata
515 1889 566 1951 est,
590 1884 848 1954 1.Ρ818.3,8.20.
867 1885 966 1955 quodsi
992 1887 1038 1936 tus
1064 1883 1176 1953 publice
1199 1885 1322 1957 rigebat.
1369 1887 1494 1943 Fuerunt
1519 1890 1615 1960 procul
1643 1888 1729 1944 dubio
1755 1888 1829 1945 arar

127 1975 184 2028 duo
205 1979 313 2029 tantum
331 1972 360 2027 in
377 1988 442 2027 8888
453 1972 555 2027 serrati
567 1970 694 2040 inissent,
709 1976 784 2026 88818
795 1969 837 2025 illi
849 1971 967 2027 fuissent
992 1969 1131 2023 1888111188
1143 1969 1238 2042 aliqui,
1257 1971 1359 2042 quibus
1373 1972 1531 2029 idololatria
1542 1975 1590 2029 illa
1601 1973 1750 2045 displicuit,
1762 1972 1828 2044 quia

127 2059 245 2115 ecclesia
271 2064 300 2113 et
317 2059 346 2112 in
363 2058 419 2112 11118
439 2057 557 2113 88818818
574 2057 673 2112 fnisset
690 2062 860 2112 conservata.
900 2056 964 2111 Bel·
996 2053 1097 2110 icor.
1120 2055 1827 2128 1118,188881888888888,88Ἰ888111818181818-

125 2146 260 2201 larmirus
282 2146 343 2216 ipse
365 2162 426 2215 cap.
451 2144 548 2199 ultimo
572 2142 656 2214 hujus
674 2143 739 2199 libri
757 2143 872 2198 adducit
889 2143 967 2198 teeti-
991 2140 1076 2194 latras
1100 2140 1187 2196 fuisse
1205 2142 1310 2198 asserit.
1347 2144 1402 2198 Sed
1418 2144 1459 2198 illi
1480 2152 1559 2199 erant
1574 2147 1676 2201 occulti
1692 2162 1744 2200 neo
1763 2162 1828 2202 con·

126 2231 221 2287 monia
243 2230 418 2304 quorundam
438 2229 657 2299 catholicorum,
683 2229 837 2286 Alexandri
855 2228 965 2284 Alensis
991 2226 1145 2282 stituebant
1162 2228 1299 2284 visibilem
1316 2229 1437 2301 aliquem
1455 2238 1572 2288 coetum.
1607 2238 1631 2289 2.
1652 2230 1829 2301 Moysesiuit

126 2322 199 2390 part.
220 2323 243 2373 8.
265 2334 292 2388 q.
313 2317 363 2372 ult.
383 2323 436 2371 art.
456 2322 480 2371 2.
501 2324 530 2372 et
546 2315 682 2372 Johannis
701 2316 736 2370 de
754 2315 967 2370 uunoeremrts
992 2311 1163 2383 gubernetur
1185 2320 1213 2368 81
1232 2314 1368 2370 mediator
1384 2316 1494 2387 populi,
1519 2335 1575 2371 non
1593 2324 1687 2373 eutem
1704 2332 1828 2373 summus

125 2404 176 2460 lib.
193 2409 214 2459 l.
230 2402 265 2458 de
285 2403 381 2458 eccles.
403 2408 483 2460 838.
501 2401 596 2457 81118.
617 2407 642 2458 8.
660 2419 684 2458 c.
706 2408 747 2457 61.
766 2401 814 2472 qui
832 2405 965 2464 statuunt,
990 2397 1128 2468 pontifex,
1154 2400 1204 2454 sed
1228 2400 1297 2456 haec
1320 2401 1442 2473 dignitas
1459 2394 1565 2457 Aaroui
1584 2403 1677 2457 divino
1695 2402 1826 2458 mandato

126 2492 157 2544 in
176 2490 313 2560 passione
331 2489 453 2544 Domini
468 2507 524 2544 888
542 2488 678 2542 8888881888
693 2504 790 2542 veram
802 2489 891 2557 fldem
908 2486 966 2539 8181
991 2490 1051 2539 erat
1076 2485 1226 2556 assignata
1267 2485 1348 2551 Quod
1367 2489 1508 2543 Aaronem
1533 2488 1720 2556 consecravit,
1741 2504 1826 2559 pecu·

126 2577 158 2629 ia
176 2576 355 2630 sanctissimo
373 2576 482 2645 8189188
500 2575 611 2643 Morio,
629 2575 715 2643 idque
732 2573 891 2643 8188118881
906 2589 965 2626 888-
988 2568 1051 2623 11881
1069 2569 1125 2625 Dei
1148 2572 1278 2627 mandato
1302 2572 1422 2643 1888888,
1448 2591 1499 2629 nec
1527 2593 1560 2630 ex
1578 2590 1612 2629 eo
1631 2573 1705 2630 811181
1724 2577 1825 2645 potest,

130 2666 277 2718 81881888
296 2662 351 2717 silo
371 2663 506 2727 candala,
531 2679 603 2732 qaae
620 2662 684 2716 8818
702 2667 965 2715 8888888888188
990 2656 1065 2727 quod
1087 2655 1172 2713 fuerit
1189 2675 1313 2713 summas
1329 2662 1468 2715 sacerdos.
1502 2660 1605 2715 Psalm.
1622 2666 1670 2725 99,
1695 2678 1722 2715 8.
1741 2665 1766 2716 d.
1783 2659 1826 2717 di-

128 2752 159 2803 iss
176 2750 274 2804 triduo
292 2756 357 2802 8818
372 2749 483 2818 parebo
501 2748 532 2801 18
555 2748 653 2818 officio
678 2755 824 2803 88818888,
859 2744 965 2810 Quodsi
990 2748 1091 2798 cuntur
1116 2743 1227 2815 Moyses
1256 2749 1285 2799 et
1314 2745 1408 2800 Aaron
1431 2747 1462 2800 ia
1488 2748 1696 2816 sacerdotibus,
1721 2747 1772 2803 sed
1796 2747 1827 2803 in

127 2839 157 2891 in
184 2834 243 2891 sola
264 2834 354 2888 Man‘a
378 2851 446 2889 vera
467 2834 537 2890 tides
562 2840 630 2889 tunc
648 2839 758 2890 8888818
774 2832 839 2899 1818,
868 2831 965 2902 utique
989 2826 1119 2883 Hebraeo
1144 2818 1360 2903 8888881118,
1390 2849 1461 2903 quae
1489 2832 1628 2904 significat
1655 2832 1746 2888 virum
1769 2833 1826 2904 pri-

127 2923 211 2978 etiam
229 2923 259 2977 in
275 2921 323 2976 1118
342 2921 401 2977 sola
420 2921 539 2977 eeclesia
557 2927 666 2977 servata
686 2926 737 2977 888
773 2920 861 2975 Recte
878 2918 965 2991 igitur
988 2913 1106 2969 marium
1131 2921 1155 2971 2.
1174 2916 1245 2989 Reg.
1275 2923 1308 2987 8,
1332 2923 1419 2974 818.
1454 2919 1587 2991 (18888818
1611 2937 1677 2976 8888
1702 2927 1827 2993 tempore

126 3008 318 3064 Tertullianus
339 3008 370 3062 in
394 3008 441 3064 lib.
465 3009 501 3064 de
523 3008 625 3079 poenit
653 3006 763 3073 scribit,
792 3007 822 3060 ia
841 3024 897 3060 888
915 3013 964 3059 out
989 3004 1208 3076 μοσχολατρείας
1242 3003 1385 3060 1881188188
1415 3003 1511 3060 Aaron
1543 3006 1667 3061 nondum
1696 3006 1782 3062 188818
1809 3023 1828 3063 a

127 3096 220 3149 811888
236 3095 382 3149 ecclesiam
400 3111 458 3148 8888
473 3110 573 3164 posse,
593 3100 622 3149 et
639 3092 668 3147 in
686 3092 819 3148 exhortat
831 3092 867 3146 ad
882 3097 963 3148 cast:
989 3087 1087 3159 Moyse
1105 3095 1297 3158 consecratus,
1322 3094 1415 3144 tamen
1434 3091 1544 3145 vocatio
1561 3091 1679 3147 aaronis
1699 3093 1735 3146 ad
1753 3110 1827 3149 sum·

132 3182 186 3236 Ubi
202 3189 259 3234 tres
275 3189 348 3249 aaut,
369 3181 488 3236 88818818
507 3188 561 3245 881,
587 3180 653 3234 licet
673 3179 744 3232 laici
754 3178 876 3246 fuerint.
909 3178 963 3235 Ne
990 3191 1065 3228 mum
1084 3174 1267 3229 sacerdotium
1285 3191 1346 3230 eam
1366 3176 1518 3247 praecessit
1534 3176 1622 3232 and.
1641 3184 1682 3234 28.
1696 3179 1825 3248 jamdum

126 3269 188 3341 gari
220 3272 294 3322 88818
320 3266 430 3338 nequit,
463 3266 566 3337 primos
592 3270 720 3335 parentes
751 3263 787 3319 ad
814 3263 963 3335 imaginem
990 3260 1062 3315 enim
1080 3261 1177 3315 Aaron
1195 3276 1251 3314 uon
1269 3262 1358 3315 solum
1374 3261 1531 3317 nominatus
1550 3270 1577 3317 88
1595 3263 1689 3318 divina
1705 3264 1825 3321 auctori-

125 3355 180 3408 Dei
205 3352 330 3407 conditos
351 3352 438 3408 inisse
465 3352 526 3424 pios
548 3358 576 3407 88
594 3349 690 3406 fideles
707 3366 741 3404 88
757 3348 849 3404 Deum
868 3356 962 3404 sancte
989 3353 1047 3403 tate
1074 3346 1228 3401 destinatus
1257 3352 1317 3401 erat
1344 3365 1466 3401 summus
1493 3349 1635 3413 sacerdos,
1664 3350 1713 3405 sed
1740 3349 1824 3406 ctiam

126 3438 258 3506 coluisse3
282 3439 342 3507 jam
367 3455 432 3493 vero
457 3437 618 3508 ubieunque
643 3440 685 3490 est
706 3451 836 3490 numerus
862 3435 962 3507 aliquis
988 3432 1102 3504 publica
1124 3432 1289 3488 auctoritate
1311 3432 1506 3506 gubernationi
1529 3435 1625 3505 populi
1650 3436 1823 3506 praefectua3

126 3526 235 3596 piorum
260 3540 293 3577 ac
317 3522 441 3578 fidelium
458 3522 550 3576 Deum
573 3527 649 3576 recte
672 3520 833 3584 colentium,
862 3520 902 3574 ibi
920 3525 963 3574 est
984 3519 1045 3589 jam
1061 3535 1127 3573 vero
1147 3518 1265 3589 epistola
1286 3519 1322 3573 ad
1340 3519 1482 3575 Hebraeos
1498 3537 1522 3578 c.
1537 3527 1561 3590 5,
1580 3540 1606 3576 8.
1623 3527 1647 3580 4,
1661 3522 1749 3586 docet,
1766 3538 1823 3579 non

127 3610 222 3682 aliqua
241 3609 370 3677 ecclesia,
398 3610 456 3663 sive
476 3625 607 3663 numerus
625 3607 671 3662 ille
689 3607 726 3661 818
743 3607 875 3678 exiguus,
904 3606 962 3662 8188
988 3604 1016 3658 81
1038 3604 1262 3676 inaugurationis,
1286 3611 1315 3660 et
1340 3607 1570 3676 consecrationis,
1595 3608 1643 3663 sed
1667 3609 1824 3663 vocationis

127 3714 253 3769 magnus.
289 3696 429 3751 Adamum
452 3694 538 3750 fuisse
563 3693 730 3765 principium
756 3693 888 3748 eeclesiae
905 3710 961 3748 ma·
988 3691 1127 3747 Aaronem
1145 3690 1250 3746 facturn
1268 3709 1327 3748 esse
1346 3710 1483 3747 summum
1496 3695 1676 3760 sacerdotem,
1695 3703 1723 3751 88
1734 3711 1824 3751 sacer·

126 3783 222 3838 8881818
239 3799 295 3836 non
310 3798 453 3853 negamus,
473 3779 583 3835 interim
594 3785 687 3834 tamen
699 3779 866 3848 addendum,
886 3778 961 3851 quod
988 3778 1082 3834 dotale
1100 3796 1201 3833 munus
1220 3795 1276 3834 non
1295 3780 1332 3835 ab
1345 3779 1557 3852 inauguratione
1570 3787 1598 3836 et
1610 3781 1823 3853 consecratione,

125 3886 182 3924 non
203 3868 293 3924 solum
311 3867 476 3938 principium
496 3873 524 3921 et
544 3866 621 3936 origo
641 3865 775 3921 ecclesiae
790 3865 887 3934 fuerit,
912 3865 961 3922 sed
989 3865 1037 3920 sed
1062 3865 1237 3921 avocatione
1256 3866 1409 3938 dependet,
1432 3866 1501 3922 8888
1520 3867 1593 3922 enim
1611 3856 1681 3923 iacit
1696 3868 1824 3924 sacerdo·

125 3955 209 4010 etiam
234 3972 299 4025 pars
323 3953 462 4023 ejusdem,
492 3952 558 4024 quia
580 3969 637 4007 una
661 3968 723 4006 cum
742 3951 804 4007 Era
819 3952 963 4008 constituit
988 3961 1044 4009 tem
1063 3957 1092 4008 et
1106 3954 1344 4009 donisadmunus
1356 3954 1516 4010 obeundum
1528 3955 1690 4010 necessariis
1704 3954 1824 4024 18818811,

125 4041 279 4098 ecclesiam.
324 4039 405 4104 Quod
423 4037 608 4094 Bellarminus
634 4036 728 4106 addit,
753 4039 897 4093 Adamana
908 4040 962 4107 fu·
988 4040 1037 4094 illa
1060 4056 1127 4095 rero
1152 4040 1235 4096 certis
1255 4041 1355 4096 ritibus
1374 4040 1511 4111 declarat,
1535 4057 1682 4111 personam
1702 4041 1824 4112 aliquam

125 4128 180 4181 1888
198 4126 373 4196 principium
396 4124 530 4179 8881881888
547 4124 691 4193 formale,
714 4125 783 4194 puio
793 4125 858 4191 suit
876 4133 963 4194 caput
988 4127 1024 4181 ad
1055 4126 1241 4181 sacerdotium
1269 4131 1396 4181 vocatam
1423 4143 1491 4183 esse.
1534 4133 1558 4181 3.
1585 4125 1716 4191 Quamvis
1740 4127 1826 4198 igitur

124 4214 182 4268 8188
208 4215 307 4268 doctor
328 4221 354 4266 81
376 4221 469 4267 rector
484 4213 589 4282 popuii
605 4213 666 4266 Dei
682 4213 749 4265 dum
766 4213 849 4281 81811,
875 4214 961 4282 qaod·
988 4212 1100 4283 Moyses
1127 4212 1219 4267 officio
1237 4212 1398 4284 prophetico
1415 4219 1444 4269 et
1461 4213 1626 4269 auctoritate
1644 4214 1824 4286 magistratus

126 4316 179 4369 que
202 4308 287 4370 eaput
306 4300 439 4354 8881888188
457 4317 513 4354 888
528 4299 622 4368 possit
640 4313 738 4351 888888
757 4299 884 4353 docendo
899 4299 962 4365 foi·
988 4298 1100 4355 Aarone
1125 4299 1249 4370 superior
1272 4299 1369 4368 fuerit,
1392 4304 1485 4355 tamen
1503 4300 1532 4354 in
1549 4300 1642 4355 officio
1660 4299 1825 4356 sacerdotali

126 4404 187 4439 sam
215 4386 382 4451 (1881818888,
411 4387 476 4441 11881
501 4393 575 4440 erret
600 4384 674 4438 mole
698 4384 816 4438 oivsado
840 4392 866 4438 81
888 4385 963 4439 mole
988 4385 1032 4440 vel
1049 4376 1186 4456 collegani
1202 4385 1331 4453 Aaronis,
1347 4386 1393 4441 881
1413 4403 1445 4441 88
1465 4386 1633 4457 superiorem
1647 4386 1734 4442 181888
1750 4385 1822 4442 Seri·

127 4473 212 4527 etiom
228 4473 383 4543 8888188818,
402 4472 432 4527 id
450 4473 487 4527 ad
506 4471 580 4527 hunc
598 4471 691 4527 locum
704 4471 818 4542 proprie
834 4487 962 4542 nonper-
988 4477 1071 4542 ptura
1096 4471 1225 4542 nuspiam
1251 4472 1365 4542 asserit,
1390 4472 1439 4528 sed
1456 4472 1612 4528 Leviticum
1639 4473 1824 4529 sacerdotium

127 4559 204 4615 tinet.
253 4559 332 4614 Dura
360 4558 510 4614 admodum
540 4557 707 4614 catachresis
735 4564 792 4627 est,
821 4558 962 4613 doctorem
988 4574 1097 4627 semper
1115 4557 1241 4628 appellat
1252 4558 1422 4614 Aaronicum
1440 4560 1476 4615 ab
1493 4559 1553 4630 ejus
1564 4560 1690 4630 principe
1703 4560 1823 4616 Aarons.

127 4644 260 4700 ecclesiae
283 4645 426 4721 appellare
447 4643 614 4716 principium
634 4645 695 4715 ejus
714 4643 844 4711 formale,
866 4643 961 4699 81181-
988 4642 1163 4715 Nicephorus
1184 4644 1267 4699 etiarn
1289 4644 1335 4701 lib.
1363 4651 1386 4700 2.
1411 4645 1473 4701 hist
1500 4646 1598 4701 eccles.
1624 4663 1649 4703 c.
1676 4651 1699 4700 4.
1726 4644 1825 4700 seriem

127 4730 236 4786 sissima
260 4731 354 4802 opinio
378 4735 421 4786 est
444 4729 596 4801 Scripturis
620 4732 707 4787 sacris
732 4730 901 4787 ediametro
920 4746 962 4784 re·
989 4735 1018 4785 et
1044 4730 1244 4785 successionem
1266 4730 1429 4801 pontificum
1447 4731 1628 4788 Judaicorum
1649 4736 1825 4787 enumeratu-

127 4834 271 4889 pugnans,
301 4819 377 4889 quod
402 4816 499 4872 doctor
526 4817 659 4874 ecelesiae
682 4835 737 4872 non
759 4818 848 4890 possit
871 4833 962 4873 errare
989 4834 1035 4870 rus
1053 4816 1161 4871 orditur
1179 4816 1215 4871 ab
1234 4818 1353 4882 Acrone,
1374 4834 1456 4888 quem
1474 4823 1556 4873 vocat
1570 4819 1694 4887 primam
1709 4818 1825 4888 postiti-

127 4903 225 4958 ialsam
248 4904 402 4961 doctrinam
420 4903 608 4975 proponendo.
646 4903 676 4960 Si
693 4904 765 4960 euim
779 4911 873 4974 potest
890 4905 964 4958 mate
989 4920 1047 4957 eam
1071 4920 1089 4958 a
1110 4903 1196 4958 fratre
1222 4903 1320 4975 Moyse
1343 4911 1466 4960 unctum.
1503 4903 1670 4975 Cumprimis
1693 4902 1825 4960 hocloco

126 4992 245 5060 8881188,
264 4991 339 5062 quod
357 4989 543 5047 Bellarminus
561 4990 614 5044 hoc
632 4990 842 5060 lococoucedit,
859 4991 963 5063 poterit
989 4990 1154 5055 notandum,
1187 4990 1262 5063 quod
1292 4991 1405 5062 Moyses
1433 4991 1462 5046 in
1489 4997 1583 5047 monte
1610 4997 1670 5045 tum
1694 4991 1825 5064 temporis

127 5077 211 5132 etiam
236 5094 328 5133 errare
352 5085 380 5134 et
402 5093 517 5135 erronea
533 5078 644 5134 docere.
687 5077 881 5150 Recognoscat
898 5078 962 5133 Bel·
990 5078 1212 5132 commorabatur
1232 5083 1260 5132 et
1283 5094 1333 5131 sno
1356 5077 1417 5132 loco
1437 5077 1576 5133 Aaronem
1600 5084 1629 5132 et
1644 5077 1707 5132 Hur
1725 5077 1825 5134 consti·

127 5163 259 5219 larminus
288 5181 339 5219 sua
360 5165 446 5220 verba
466 5164 516 5222 lib.
543 5170 568 5220 2.
591 5164 626 5219 de
647 5163 746 5218 concil.
769 5181 832 5235 cap.
853 5172 877 5220 2.
909 5166 962 5221 sub
990 5169 1091 5228 tuerat,
1111 5163 1213 5234 quibus
1232 5164 1353 5234 populus
1370 5181 1469 5232 parere
1486 5164 1595 5229 debeat,
1613 5165 1687 5220 unde
1704 5165 1825 5237 populns

127 5251 223 5307 linem:
262 5250 378 5321 8189811
400 5252 525 5322 episcopi
546 5251 607 5305 8188
629 5251 715 5305 dubio
733 5265 832 5305 888888
844 5261 963 5322 possunt
991 5250 1059 5305 dicit
1073 5250 1160 5305 Exod.
1175 5254 1216 5318 32,
1228 5266 1254 5304 8.
1271 5256 1298 5304 l:
1314 5252 1360 5303 De
1372 5250 1473 5318 Moyse
1483 5250 1543 5317 8118,
1556 5251 1606 5319 qai
1617 5253 1714 5305 88188811
1728 5270 1779 5307 sos
1792 5268 1826 5307 88

128 5345 154 5392 81
178 5337 336 5406 aliqnando
359 5346 455 5392 888888
477 5346 504 5392 81
528 5339 603 5391 inter
622 5354 652 5391 88
670 5338 837 5406 parendoque
855 5340 962 5393 disses·
991 5337 1209 5407 terrerpypti,
1230 5337 1419 5406 qaidfootum
1432 5338 1468 5390 811
1479 5335 1651 5404 1888888888
1681 5338 1745 5395 Non
1759 5354 1827 5412 ergo

126 5424 206 5481 118881.
990 5425 1117 5497 Moyses,
1141 5424 1191 5479 sed
1214 5424 1310 5479 Aaron
1333 5429 1362 5478 et
1380 5423 1442 5478 Hur
1466 5422 1580 5479 luerunt
1596 5424 1690 5496 capita
1708 5425 1826 5482 risibilis

10 5498 65 5589 'ff‘
48 5496 114 5588 „3⁴¹⁸
163 5509 544 5582 88118888881188818
560 5517 622 5567 1818
640 5509 759 5567 88818818
776 5529 796 5566 8
813 5513 878 5567 Deo
893 5530 962 5583 apo·
990 5510 1138 5637 ecclesiae3
1155 5511 1395 5583 proindeAarone
1413 5509 1617 5569 idololatricam
1628 5512 1827 5570 ritulicultum
