3998 6024
199 282 258 338 aas
752 267 873 328 Locus
892 266 1096 328 mutamus
1114 267 1312 328 SECUNDUS

197 428 353 500 theologiae
377 427 518 491 studiosis,
546 426 646 482 tutans
671 426 736 482 olim
754 425 942 483 sacerdotibus
959 440 1023 480 con·
1053 425 1216 494 viperarum
1240 422 1383 499 appellati
1413 423 1493 489 Quod
1514 424 1614 481 Matth.
1640 429 1691 494 21,
1712 442 1737 479 v.
1763 429 1803 480 25.
1829 440 1879 478 aon

199 513 295 569 stituta
314 518 393 569 mant
411 513 474 569 Act.
492 521 516 577 6,
535 531 560 570 v.
578 520 603 569 9.
621 520 654 569 ut
670 513 709 568 ibi
727 514 812 570 literis
829 513 1025 580 institueretur,
1051 512 1155 567 audent
1183 510 1318 567 iohannis
1347 509 1515 582 baptismum
1545 510 1715 582 improbare,
1751 511 1813 581 ejus
1845 509 1880 564 rei

199 618 251 656 uec
275 605 416 671 cooptatus
435 599 489 654 fuit
505 599 535 653 in
554 599 700 671 collegium
718 601 905 667 sacerdotum,
929 607 961 655 ut
977 616 1026 670 pa·
1052 615 1136 655 causa
1159 597 1262 654 ibidem
1286 597 1322 652 ab
1346 598 1516 670 evangelista
1540 599 1703 668 exponitur,
1728 613 1787 651 non
1811 595 1880 667 quud

199 687 284 742 sentis
307 687 366 741 loco
391 686 420 740 in
446 685 548 755 templo
573 687 753 757 ministraret,
778 687 828 742 sed
845 686 913 742 vixit
931 686 959 741 in
980 686 1026 740 de·
1053 685 1088 740 de
1110 700 1227 756 persona
1249 684 1294 738 vel
1318 685 1353 739 de
1376 684 1513 756 baptismo
1535 683 1623 756 ipsius
1648 681 1802 738 honorifice
1824 698 1879 736 sen-

199 779 271 827 serto
298 779 326 827 et
347 771 562 826 extramdinario
586 772 667 828 modo
684 773 762 829 Deus
784 773 875 844 ipsum
898 771 1026 827 idoneum
1052 771 1148 841 ment,
1175 770 1223 826 sed
1244 770 1311 841 quia
1327 770 1437 824 turbam
1454 771 1599 840 timebant,
1622 787 1641 823 a
1659 786 1717 838 qua
1737 767 1880 822 lohannes

199 858 319 914 reddidit
345 857 381 910 ad
404 863 512 912 tautum
538 857 731 927 ministerium,
757 859 829 914 sicut
846 860 929 914 ctiam
947 865 1029 913 antea
1053 858 1206 912 habebatur
1224 874 1278 925 pro
1290 855 1445 927 propheta,
1464 856 1498 911 de
1517 872 1573 927 quo
1586 854 1695 926 judicio
1712 853 1881 927 promiscuae

202 945 312 1009 iecerat,
334 943 443 1015 quando
462 942 623 1014 religionem
645 945 795 1017 collapsam
813 944 915 1000 illustri
935 944 1029 1015 alique
1053 943 1151 998 turbae
1176 941 1258 998 etiam
1282 941 1405 1014 loquitur
1421 942 1561 1014 iosephus
1583 941 1630 997 lib.
1651 946 1689 996 lu
1716 940 1798 1011 antiq
1823 956 1881 1010 cap.

201 1038 229 1086 et
255 1029 414 1085 immediata
446 1030 591 1085 vocatione
617 1031 706 1086 voluit
735 1032 902 1100 instaurare,
936 1037 968 1085 ut
995 1047 1028 1085 ex
1056 1037 1095 1086 10.
1121 1029 1195 1101 quod
1221 1027 1294 1083 enim
1320 1026 1483 1084 Pharisaeos
1508 1027 1623 1090 attinet,
1648 1027 1683 1083 da
1709 1026 1766 1081 illia
1793 1024 1930 1083 scribitm

199 1117 294 1170 Amos.
326 1122 359 1184 t,
388 1133 414 1170 v.
441 1121 480 1171 15.
513 1116 703 1183 manifestum,
741 1134 812 1189 quae
847 1123 912 1172 sunt
945 1115 1029 1170 verba
1053 1114 1239 1186 Hieronymus
1261 1113 1290 1168 in
1316 1130 1377 1185 cap.
1404 1120 1443 1169 li.
1470 1112 1567 1167 Matth.
1590 1115 1667 1182 quod
1690 1111 1720 1164 in
1745 1111 1883 1165 Johonnis

202 1200 354 1256 Chemnicii
379 1201 451 1255 loco·
465 1200 547 1256 dicto.
589 1201 728 1274 Urgemus
748 1202 843 1275 igitur
869 1203 921 1258 hoc
948 1217 1029 1273 argu·
1054 1218 1145 1258 necem
1170 1200 1370 1269 consenserint,
1393 1199 1423 1254 id
1443 1199 1518 1272 quod
1536 1216 1569 1254 ex
1587 1197 1750 1270 evangelica
1770 1195 1881 1252 histous

201 1293 331 1342 mentum.
377 1284 515 1341 Ordinarii
539 1289 695 1343 sacerdotes
719 1289 837 1344 Levitici
864 1288 893 1343 in
917 1287 1029 1358 templo,
1055 1304 1109 1341 nou
1139 1286 1256 1341 obscure
1283 1284 1437 1357 colligitur,
1468 1283 1642 1338 dissimulant
1666 1283 1742 1338 enim
1766 1281 1881 1338 Herodis

115 1360 124 1375 ’
198 1388 253 1426 non
292 1377 368 1426 extra
404 1371 552 1442 templum,
590 1373 710 1428 officium
745 1392 826 1428 suum
856 1373 1028 1429 administra·
1055 1373 1212 1427 violentiam
1230 1371 1293 1427 odio
1311 1370 1447 1426 Johanuis
1467 1370 1620 1441 baptistae,
1638 1373 1723 1440 atque
1744 1367 1815 1423 adeo
1833 1367 1883 1421 illis

200 1458 277 1513 bant
315 1456 455 1512 iohannes
472 1456 601 1528 Baptista
624 1477 680 1514 non
698 1460 726 1514 in
743 1460 860 1531 templo,
885 1460 935 1514 sed
952 1465 1030 1514 extra
1055 1460 1107 1514 hcc
1126 1459 1230 1514 factum
1250 1475 1306 1512 non
1319 1456 1454 1528 displicet,
1475 1455 1614 1512 utstatim
1627 1454 1766 1525 incipiant
1783 1454 1885 1526 agitare

202 1542 336 1614 templum
365 1543 393 1597 iu
423 1542 531 1598 deserto
561 1544 679 1599 officinm
711 1563 791 1600 suum
819 1545 1028 1600 administravit
1055 1545 1170 1601 consilia
1188 1545 1223 1600 de
1240 1542 1419 1614 opprimendo
1439 1543 1522 1598 etiam
1538 1542 1622 1611 Jesu,
1641 1558 1725 1614 quem
1747 1539 1885 1596 aalma

203 1630 278 1702 Ergo
301 1646 355 1683 non
380 1629 435 1684 tuit
452 1630 605 1685 ordinarius
623 1632 751 1687 sacerdos
767 1631 916 1687 Lenaeus.
951 1633 1029 1695 Item,
1056 1629 1294 1687 commendaverat
1318 1628 1381 1684 Joh.
1410 1635 1439 1698 1,
1465 1646 1533 1684 vera
1559 1634 1598 1683 15.
1623 1627 1698 1682 unde
1722 1625 1824 1683 Matth.
1849 1632 1886 1693 tt,

203 1716 296 1770 nullus
316 1715 443 1771 sacerdos
461 1716 599 1771 Leviticae
619 1735 717 1773 novam
733 1724 762 1774 et
780 1719 939 1773 inusitatam
957 1734 1029 1773 cese-
1056 1735 1125 1774 vers.
1152 1722 1191 1773 12.
1226 1715 1352 1771 Christum
1388 1714 1491 1787 iuquit,
1522 1714 1613 1779 litium
1639 1711 1762 1766 hominis
1789 1712 1824 1764 ab
1853 1714 1886 1765 iic

201 1801 329 1869 moniam,
348 1801 478 1872 baptismi
495 1809 571 1872 puta,
590 1802 799 1861 administravit.
825 1803 901 1875 Ergo
912 1802 1031 1859 nonfuit
1052 1822 1218 1874 passurum,
1237 1802 1286 1874 qui
1305 1802 1335 1856 iu
1354 1801 1482 1872 Baptista
1499 1799 1572 1855 idem
1593 1803 1676 1854 antea
1693 1797 1827 1854 fecerant.

204 1887 358 1944 ordinarius
370 1888 498 1943 sacerdos
511 1888 659 1944 Leudcus.
689 1889 812 1945 Christus
830 1890 937 1961 deipso
946 1894 1030 1945 tosta·
1091 1895 1148 1945 282.
1176 1888 1302 1944 Alterum
1320 1905 1400 1943 suum
1417 1885 1634 1950 fundamentum,
1653 1885 1733 1952 qaod
1751 1878 1932 1971 rniraouloss:⁰

203 1980 263 2041 tur,
284 1974 359 2045 quod
378 1973 463 2030 fuerit
477 1975 547 2044 plur
565 1994 648 2044 quam
662 1977 804 2045 propheta
822 1975 920 2031 Matth.
942 1981 986 2045 il,
1005 1980 1029 2032 8.
1056 1976 1111 2029 sint
1136 1976 1268 2044 efficacia
1293 1982 1320 2029 et
1346 1972 1519 2041 sufficientia
1538 1971 1607 2037 fidei
1623 1969 1801 2037 testimonia,
1827 1968 1932 2044 Bel-sm

203 2061 339 2131 quomodo
352 2059 601 2131 igituriucensum
612 2063 785 2118 sacerdotum
802 2062 986 2118 Inviticorum
1003 2067 1032 2117 et
1057 2059 1188 2116 terminus
1212 2059 1356 2116 confimat
1380 2059 1433 2115 hoc
1455 2057 1549 2112 modo:
1579 2057 1653 2111 Vero
1675 2055 1820 2111 miracula
1837 2033 1932 2125 nonffl

205 2144 405 2201 ordinariorum
428 2145 612 2204 ministrorum
635 2148 774 2220 compingi
791 2148 903 2219 potest?
936 2153 962 2205 5.
979 2149 1030 2203 Jo
1054 2155 1173 2216 possunt
1191 2147 1254 2213 fieri
1273 2147 1331 2201 nisi
1350 2145 1408 2200 Dei
1424 2145 1531 2211 uirtute,
1551 2142 1657 2196 dieitur
1677 2142 1753 2196 enim
1770 2137 1932 2196 miracu-¹⁸¹

203 2232 321 2284 hannem
338 2232 410 2286 nuit
427 2234 555 2288 docuim
571 2240 668 2288 contra
682 2252 849 2289 communem
867 2234 1031 2303 doctrinm,
1057 2234 1129 2303 tum,
1155 2235 1232 2303 quod
1256 2239 1370 2303 superat
1396 2230 1471 2284 uires
1497 2230 1617 2284 omnium
1639 2237 1839 2282 ereaturarum
1865 2235 1890 2281 et

203 2335 289 2387 neqm
307 2335 336 2370 se
356 2337 375 2372 a
393 2319 490 2374 ceteris
507 2321 699 2375 eucmdotibur
716 2329 741 2374 et
755 2322 1030 2392 populoseparasse.
1059 2319 1122 2373 ideo
1147 2319 1271 2372 omnibus
1295 2316 1433 2372 cremaris
1456 2324 1496 2369 est
1519 2314 1663 2384 miratae,
1686 2321 1712 2368 ct
1734 2322 1888 2385 propterea

205 2405 378 2474 Quamquam
404 2406 476 2459 enim
496 2406 643 2477 principes
661 2415 687 2461 et
705 2407 857 2462 Pharbaet
873 2423 936 2461 eum
958 2408 1031 2462 odis·
1059 2407 1088 2460 in
1104 2404 1258 2474 Scripturis
1276 2404 1407 2458 dicamur
1427 2401 1584 2456 testimonia
1598 2401 1663 2454 Dei.
1702 2399 1800 2462 Quare
1817 2401 1890 2470 quod

202 2497 274 2558 sent,
296 2490 364 2560 quia
383 2489 525 2546 Christum
537 2493 740 2561 praedicabat,
759 2500 850 2547 tomen
869 2493 1034 2563 interrogati
1059 2491 1196 2546 miraculo
1220 2491 1413 2557 confirmatur,
1442 2487 1598 2542 testimonio
1620 2486 1679 2540 Dei
1701 2488 1890 2552 confirmatur,

202 2596 221 2630 a
241 2577 352 2632 Christo
363 2579 465 2632 Mani.
478 2581 521 2633 21.
541 2581 612 2649 quid
627 2581 761 2635 sentirent
779 2583 815 2634 de
834 2581 1032 2651 baptismoJo·
1061 2580 1139 2632 Deae
1157 2584 1249 2630 autem
1266 2593 1321 2630 non
1339 2581 1432 2644 potest
1452 2590 1510 2627 esse
1530 2572 1606 2626 tastis
1624 2572 1786 2644 amassia
1818 2574 1890 2642 quod

203 2662 317 2730 hanam,
343 2681 399 2717 non
420 2672 484 2717 sunt
506 2666 572 2718 ausi
592 2667 673 2721 silum
692 2667 858 2736 improbare.
892 2667 1033 2737 Josephus
1060 2683 1124 2734 erqo
1150 2663 1289 2717 miracsslo
1312 2662 1502 2728 confirmatur,
1529 2678 1623 2715 uerum
1647 2660 1684 2714 eit
1706 2675 1819 2713 amesae
1845 2668 1889 2713 est.

203 2749 1033 2822 etiamiib.18.antiq.Ju‹tc.10.testatur,.lohannem
1059 2750 1281 2821 Respondemus:
1311 2753 1331 2802 1.
1355 2744 1547 2816 concedimus,
1569 2761 1635 2800 vera
1658 2744 1796 2801 miracula
1817 2743 1889 2799 nulla

205 2854 223 2888 a
250 2835 374 2888 ,ludaeis
398 2837 490 2901 fuisse
519 2837 643 2891 habitum
670 2839 742 2892 inter
764 2839 933 2908 praecipuos
958 2840 1034 2895 uires
1060 2836 1088 2890 vi
1111 2835 1164 2891 uisi
1182 2834 1275 2889 divina
1291 2832 1351 2888 fieri
1367 2848 1461 2904 posse3
1485 2830 1562 2905 atqui
1580 2829 1690 2903 saepius
1708 2831 1887 2886 aestimantur

199 2919 330 2990 justitiae
355 2929 381 2974 et
401 2920 550 2991 probitatis
573 2941 673 2992 causa,
698 2927 772 2978 unde
793 2927 968 2980 mendacium
986 2935 1034 2997 est,
1060 2939 1125 2978 vera
1148 2920 1292 2990 mmacula,
1316 2936 1387 2992 quae
1408 2924 1515 2974 tantum
1541 2924 1606 2972 sunt
1623 2916 1765 2972 mirabilia
1781 2934 1815 2972 ac
1833 2916 1887 2971 dis·

204 3007 281 3074 quod
308 3007 510 3060 centuriatores
538 3008 650 3077 diescat,
680 3010 838 3065 Johannem
864 3012 989 3066 hobitum
1015 3031 1033 3065 a
1060 3010 1116 3066 boli
1141 3024 1226 3080 opera
1249 3005 1327 3062 fiunt.
1367 3005 1488 3062 Externo
1513 3005 1646 3074 adspectu
1671 3020 1739 3058 vcra
1762 3003 1889 3058 miracula

203 3092 394 3144 cacerdotibus
417 3100 443 3145 et
459 3093 625 3148 Pharisaeus
644 3114 702 3164 pro
725 3098 874 3154 haeretico.
912 3098 1034 3169 Respcn-
1060 3093 1180 3160 assisis,
1199 3093 1293 3148 dimna
1308 3110 1327 3149 a
1344 3090 1487 3147 diabolicis
1506 3088 1625 3144 discerni
1642 3096 1796 3160 nequeunt,
1816 3106 1888 3146 accc·

206 3178 314 3232 demus:
342 3177 398 3232 imo
425 3195 489 3233 vero
516 3178 700 3236 Bellarminus
728 3182 780 3238 hoc
806 3200 911 3256 negans
939 3191 1034 3256 aperte
1061 3181 1110 3236 dat
1120 3180 1205 3251 igitur
1216 3183 1324 3252 oportet
1332 3177 1468 3250 judicium
1479 3174 1606 3248 Spiritus,
1626 3174 1700 3248 quod
1716 3193 1750 3230 es
1763 3176 1888 3232 doctrina

204 3263 319 3329 fallitur,
336 3263 405 3318 Luc.
425 3270 449 3328 7,
467 3283 494 3322 v.
507 3271 554 3321 30:
581 3267 733 3322 Pharisaei
749 3278 775 3322 et
792 3270 947 3341 legisperiti
959 3287 1035 3340 spre-
1061 3268 1096 3323 de
1106 3266 1244 3321 miraculis
1253 3264 1347 3320 femur.
1372 3261 1646 3317 ”Bellarminuslib
1653 3266 1678 3319 3.
1687 3261 1887 3334 deRompont

204 3357 302 3405 uerunt
324 3350 471 3404 consitium
489 3353 549 3405 Dei
572 3355 708 3408 aduersus
730 3372 760 3409 sa
779 3356 854 3425 ipsos
874 3375 929 3411 non
947 3358 1035 3428 bapti-
1061 3371 1124 3425 cap.
1144 3359 1183 3409 15.
1202 3351 1340 3423 disputat,
1361 3351 1439 3420 quod
1455 3349 1593 3403 miracula
1610 3365 1677 3402 scra
1694 3366 1714 3403 a
1732 3349 1822 3415 saissa
1839 3367 1888 3402 nor

205 3437 261 3490 sati
279 3453 297 3488 a
314 3436 564 3494 taliamento:
587 3439 666 3493 Venit
681 3440 826 3494 Johannes
838 3443 973 3513 Baptista
989 3462 1035 3496 ne·
1059 3441 1169 3510 possint
1189 3438 1332 3508 dianoni,
1355 3437 1411 3491 imo
1429 3437 1506 3506 quod
1523 3435 1633 3490 occidte
1652 3435 1689 3488 sit
1705 3435 1799 3503 ratio,
1824 3451 1888 3506 quat

206 3539 259 3591 que
277 3524 451 3575 manducans
467 3541 577 3592 panem,
597 3541 684 3594 neque
703 3526 795 3580 hiberae
811 3529 905 3582 uinum
924 3537 950 3583 et
967 3531 1036 3584 diei·
1062 3527 1118 3580 siret
1136 3543 1204 3578 uera
1222 3531 1247 3578 ct
1263 3523 1345 3590 falsa
1362 3522 1544 3577 miracuta&
1578 3528 1603 3578 2.
1621 3520 1698 3576 Deus
1718 3521 1803 3578 etiam
1820 3521 1888 3577 falsis

206 3608 258 3672 tis,
277 3608 454 3662 memorium
470 3610 564 3677 habet,
586 3610 714 3682 inquam
732 3612 823 3666 locum
843 3613 883 3668 sic
902 3631 1037 3670 commcn-
1064 3611 1222 3669 doctoribus
1239 3615 1405 3681 potestatem
1424 3609 1524 3665 edendi
1542 3607 1675 3664 mhacula
1686 3608 1824 3679 coneedit,
1839 3625 1889 3664 noa

207 3696 283 3746 tatur
301 3692 431 3748 Toletus:
455 3695 610 3749 Pharisaei
631 3704 656 3750 et
678 3697 787 3751 sarium
809 3716 859 3753 seu
880 3700 970 3769 mcum
988 3705 1037 3756 do·
1064 3699 1099 3752 ad
1117 3697 1308 3769 probationem
1326 3696 1487 3770 dogmatum
1503 3696 1713 3766 haereticorum,
1733 3695 1784 3751 sed
1801 3695 1844 3751 vel
1857 3695 1888 3750 ad

207 3786 296 3832 stores
319 3779 478 3834 adlatenus
500 3782 650 3836 eredebant
667 3784 824 3838 Johonnem
847 3804 866 3838 a
885 3788 948 3841 Deo
973 3789 1037 3841 mis·
1063 3784 1253 3854 probationem
1272 3786 1395 3856 piorum,
1418 3783 1502 3839 Dent.
1524 3789 1568 3849 13,
1587 3802 1612 3840 v.
1630 3788 1655 3839 2.
1677 3783 1722 3838 vel
1742 3784 1779 3838 ad
1800 3782 1887 3839 confir

206 3882 279 3931 ram,
303 3866 355 3918 sed
377 3866 428 3919 hoe
448 3867 594 3922 connitum
612 3870 672 3923 Dei
689 3872 894 3926 contemnebant
912 3881 937 3926 et
955 3874 1038 3927 inter·
1064 3869 1210 3925 mationem
1227 3870 1344 3932 illorum,
1363 3887 1434 3942 quae
1452 3869 1544 3924 adhuc
1561 3885 1629 3923 sana
1647 3873 1675 3924 et
1690 3868 1805 3942 integra
1821 3867 1888 3940 apud

203 3950 389 4021 protelantur
413 3953 573 4007 Jotannem
597 3954 699 4010 uirtute
727 3959 870 4012 doemonis
895 3968 1035 4014 amteram
1063 3957 1216 4012 haereticos
1234 3956 1378 4021 habentur,
1396 3955 1468 4011 sicut
1485 3955 1544 4026 ipse
1561 3955 1748 4010 Bellarminus
1767 3957 1803 4012 de
1816 3956 1889 4010 mira

205 4038 292 4091 uitam
317 4038 424 4093 amase.
464 4039 526 4105 Quo
545 4039 629 4095 etiam
647 4040 770 4112 pertinet
787 4044 970 4114 expostulatio
989 4046 1038 4101 illa
1064 4044 1125 4099 culo
1144 4042 1225 4098 Pauli
1242 4042 1460 4098 Novatianorum
1482 4042 1605 4114 episcopi
1628 4041 1680 4097 sub
1703 4041 1789 4098 finem
1813 4042 1889 4114 hujus

205 4122 271 4182 Joh.
295 4130 322 4189 i,
347 4142 371 4177 v.
390 4130 436 4181 25:
466 4127 541 4190 Quiri
560 4128 698 4198 baptizas,
724 4131 751 4183 si
773 4149 828 4185 non
848 4148 876 4184 es
903 4132 1038 4203 Christro,
1063 4128 1163 4200 capitis
1180 4128 1293 4197 scribit,
1312 4127 1387 4200 quod
1403 4130 1511 4194 factum
1532 4129 1569 4180 sit
1585 4146 1641 4181 non
1658 4129 1688 4181 in
1708 4130 1889 4198 confirmatio

209 4228 257 4263 nec
278 4211 379 4280 Elias,
402 4229 452 4265 nec
471 4214 636 4283 prophetui
664 4214 694 4270 si
718 4232 781 4271 eum
805 4234 859 4272 uon
876 4217 1039 4275 habuissent
1064 4233 1125 4269 nem
1138 4216 1213 4286 fidei
1230 4216 1422 4278 Nouatiunoe,
1450 4216 1501 4268 ted
1519 4215 1652 4269 taihOlt'Ct'
1672 4216 1820 4286 baptisimi,
1843 4231 1891 4288 (111⁸

209 4314 260 4367 pro
283 4296 437 4364 haeretico,
461 4316 511 4352 our
527 4299 694 4370 baptismum
719 4301 755 4355 ab
778 4318 810 4357 co
830 4320 885 4358 non
904 4306 1037 4377 suscepis·
1065 4303 1099 4357 de
1122 4319 1152 4358 re
1176 4301 1259 4372 plura
1280 4301 1415 4371 superius.
1452 4304 1475 4356 3.
1493 4300 1574 4365 Quod
1600 4300 1790 4356 Bellarmiuus
1811 4303 1890 4368 addit,

207 4388 283 4453 sent,
308 4401 358 4438 cur
384 4384 558 4440 daemonium
580 4385 621 4440 illi
644 4386 816 4454 tribuissent,
840 4405 889 4443 cur
907 4391 942 4446 de
956 4409 1036 4447 voca·
1064 4389 1203 4445 miracula
1223 4389 1289 4456 fieri
1313 4387 1355 4440 vet
1375 4389 1417 4440 ad
1434 4387 1655 4456 confirmandam
1672 4387 1773 4456 fidem,
1797 4389 1892 4443 uelud

206 4468 282 4524 tione
309 4468 522 4524 controversiam
553 4470 606 4542 ipsi
631 4472 800 4527 movissent?
834 4474 932 4548 Neque
958 4477 1037 4548 quid·
1063 4476 1265 4530 illustrandam
1290 4473 1412 4543 alicujus
1429 4472 1522 4525 sancti
1537 4472 1674 4542 pieriam,
1699 4473 1742 4527 ita
1756 4482 1792 4545 pt
1811 4482 1890 4529 ostas-

207 4571 290 4626 quam
316 4560 427 4625 poterat
443 4555 591 4611 absurdius
610 4557 676 4625 dici,
701 4578 783 4631 quam
803 4561 876 4633 quod
896 4562 1036 4618 Bellarmi-
1065 4564 1147 4626 dant,
1167 4578 1227 4614 cum
1245 4559 1380 4614 hominem
1397 4575 1460 4612 vere
1478 4575 1535 4610 csse
1554 4566 1689 4626 sanetum,
1708 4559 1781 4614 illud
1805 4561 1891 4617 itidem

205 4641 1037 4711 nusasseritJohannemnihiidocuirseeontracommunem
1064 4665 1120 4702 nou
1144 4651 1236 4718 potest
1261 4644 1387 4700 absolute
1413 4652 1440 4698 et
1466 4642 1626 4714 simpliciter
1653 4646 1786 4710 conceffi,
1815 4665 1891 4720 quaa·

207 4729 379 4796 doctrinam,
402 4747 489 4800 neque
511 4747 540 4783 se
563 4749 581 4784 a
604 4732 703 4785 ceteras
725 4735 918 4788 sacerdotibus
941 4744 966 4789 et
985 4755 1037 4806 po·
1065 4736 1155 4807 doque
1175 4731 1248 4787 enim
1265 4731 1306 4785 illi
1323 4731 1411 4786 edunt
1428 4730 1573 4799 miracula,
1603 4729 1704 4802 quibus
1723 4732 1891 4790 christun

202 4815 276 4885 pulo
301 4831 459 4884 separasse.
503 4820 549 4870 An
576 4833 631 4872 non
659 4824 720 4873 erat
745 4826 842 4874 contra
867 4837 1037 4878 communem
1065 4821 1109 4876 die
1127 4819 1227 4891 judicii
1246 4818 1332 4882 meet,
1359 4834 1414 4872 non
1439 4816 1503 4871 novi
1520 4834 1568 4871 vos
1586 4816 1685 4872 Matth.
1704 4826 1736 4888 i,
1751 4838 1778 4877 v.
1795 4826 1836 4879 22.
1853 4826 1891 4877 23.

208 4899 372 4970 docuinam,
389 4907 477 4956 totum
496 4902 600 4957 cultum
616 4903 768 4960 Leviticum
787 4905 953 4962 abolendum
970 4925 1038 4978 esse,
1065 4905 1207 4974 Quomodo
1231 4920 1295 4960 vero
1318 4903 1353 4958 de
1374 4903 1428 4957 illis
1451 4902 1507 4958 dici
1529 4910 1635 4975 potest,
1660 4907 1737 4976 quod
1755 4924 1821 4964 vere
1840 4908 1890 4963 siut

207 4987 342 5043 sacrificia
371 5005 430 5043 esse
456 4996 538 5060 typos
567 4990 641 5044 unici
672 4989 745 5045 illius
776 4990 901 5046 sacrificii
930 4993 959 5047 in
989 5011 1039 5049 ara
1064 4991 1171 5048 sancti?
1190 4991 1273 5049 Unde
1284 4995 1359 5045 recte
1371 4989 1468 5046 statuit
1478 4988 1571 5062 glossa
1584 4990 1613 5044 in
1623 4992 1709 5047 verbo
1722 4992 1860 5050 Miracula
1871 5010 1891 5048 c.

207 5073 298 5139 crucis
315 5091 365 5144 per
383 5072 513 5130 Messium
533 5073 675 5143 offerendi,
696 5095 777 5147 quem
794 5083 941 5149 propterea
958 5087 1038 5135 vocat
1064 5078 1228 5132 Audivimus
1247 5082 1313 5132 extr.
1337 5076 1372 5129 de
1391 5075 1469 5147 reliq.
1488 5081 1517 5130 et
1534 5082 1655 5131 venerat.
1677 5085 1812 5134 sanctor:
1833 5081 1892 5134 Nos

208 5177 310 5232 agnum
329 5159 391 5230 Dei,
409 5177 441 5215 ac
459 5160 589 5215 Messium
604 5162 802 5235 illumpraesto
815 5163 894 5221 esse?
918 5165 964 5220 An
982 5183 1036 5220 non
1064 5165 1193 5220 continuo
1212 5182 1281 5227 eum,
1302 5163 1352 5232 qui
1370 5163 1507 5218 miracula
1523 5164 1612 5230 facit,
1631 5182 1681 5219 nos
1699 5169 1834 5221 uenerari
1851 5169 1892 5220 de·

207 5263 225 5299 a
249 5246 348 5302 ceteris
370 5246 560 5304 sacerdotibus
580 5265 614 5303 ac
633 5251 736 5321 populo
752 5251 894 5307 «Iohannes
914 5269 974 5308 sese
995 5269 1036 5306 se·
1064 5253 1126 5306 bere
1146 5269 1203 5321 pro
1226 5258 1337 5319 sancto,
1364 5267 1428 5303 eum
1449 5250 1602 5305 secundum
1626 5268 1649 5305 c.
1689 5251 1848 5309 Teneamus
1874 5260 1892 5309 1.

205 5333 326 5401 paravit,
356 5333 467 5407 quando
495 5333 524 5387 in
551 5334 659 5391 decemo
682 5341 759 5392 extra
781 5336 913 5407 templum
937 5355 1037 5394 novam
1063 5344 1170 5410 quaest
1201 5344 1223 5393 1.
1259 5338 1329 5400 fiant
1366 5337 1505 5391 miracuta
1536 5339 1703 5407 quantisque
1733 5340 1820 5394 etiam
1844 5357 1895 5412 per

194 5416 335 5487 ‚baptismi
354 5418 536 5476 ceremoniam
555 5419 669 5477 inchoat
687 5439 719 5477 ac
736 5423 900 5478 Pharisaeos
923 5429 950 5480 et
969 5424 1037 5479 Sad-
1064 5425 1160 5480 malos.
1194 5423 1300 5478 Audiat
1318 5423 1371 5478 hac
1391 5423 1425 5479 de
1444 5441 1474 5479 re
1492 5422 1676 5484 Bellarminus
1695 5443 1727 5481 se
1745 5426 1851 5498 ipsum,
1874 5427 1895 5481 si

205 5502 325 5559 ducams
348 5504 384 5558 ad
409 5505 576 5578 baptismum
600 5524 684 5572 sautu
707 5508 850 5591 vanientes
868 5510 1035 5582 moganum
1065 5509 1139 5575 euim
1156 5509 1280 5582 disputat
1295 5508 1358 5565 libr.
1375 5515 1396 5566 t.
1415 5508 1449 5566 de
1466 5514 1585 5583 gretei
1601 5509 1698 5586 libero
1710 5511 1894 5587 arbitriocap.
