4004 6022
735 181 788 237 Du
806 179 931 239 SACRA
950 179 1085 239 OOENA.
1743 192 1762 249 2

53 336 174 407 populo,
196 334 247 405 assi
265 335 413 389 deserunt:
432 336 527 390 omnia
541 336 735 405 praelocutus
748 339 897 392 eatDoni
927 328 1153 404 semilc‘corpus
1181 334 1291 403 induit5
1319 333 1384 390 inde
1408 333 1623 406 chrysostomus
1642 336 1720 399 hom.
1741 343 1765 393 2.

54 443 115 487 aus,
135 424 278 485 faciemus
298 429 325 475 st
343 422 446 475 661666
465 422 640 490 obedientss;
668 442 695 480 v.
716 429 744 479 8:
764 424 813 478 1116
832 441 898 478 aero
926 420 962 474 66
986 440 1050 493 pop.
1069 419 1212 477 Antioch.:
1241 420 1481 483 Quemadmodum
1501 421 1600 490 Elios,
1623 440 1766 477 6661666·

55 519 177 562 sumtum
197 509 361 576 sanguinem
376 508 510 576 respersit
528 509 557 560 in
571 511 711 579 populum
730 519 755 564 st
768 513 826 564 ait:
844 512 900 564 Hic
922 523 994 574 pore
1012 508 1197 560 adscenderet
1215 507 1245 560 in
1259 506 1374 573 coelum,
1392 507 1518 561 melotem
1530 508 1638 562 dimisit
1647 508 1765 563 Elisaeo

55 604 94 649 set
112 595 234 663 sanguia
247 595 389 662 foederis,
408 597 485 663 quod
499 596 611 664 pepigit
621 596 900 650 debonaiuobiscum
928 593 1069 663 6116616616
1076 593 1150 656 uita
1176 591 1317 661 Christus,
1340 609 1402 645 oum
1421 594 1622 663 adscenderet,
1653 612 1765 649 comem

53 698 142 751 super
160 682 271 734 cunctis
289 681 462 734 ammonitus
476 680 526 736 116.
552 680 801 748 (Quemadmodum
814 683 899 736 16666-
927 697 1007 733 suam
1031 679 1111 732 nobis
1135 678 1262 744 dimisit.)
1298 677 1377 733 Esth.
1402 684 1424 747 1,
1444 696 1471 735 6.
1492 685 1516 735 3.
1537 686 1862 738 commemoraturconu·

54 768 123 822 litae
152 785 207 837 per
236 767 443 836 adspersionem
473 767 616 839 sanguinis
646 767 841 823 sacrificiorum
872 768 901 822 in
929 764 963 817 de
981 782 1047 835 rege
1058 765 1210 832 Ahssvero,
1229 764 1303 836 quod
1315 766 1424 834 prande
1438 765 1593 819 conuiuium
1609 768 1766 832 instituerit,
1777 747 1898 841 ffl„„

54 855 157 910 foedus
179 854 232 908 Dei
252 853 470 924 recipiebantur,
494 855 535 908 ita
554 872 664 926 quoque
684 854 810 910 Christus
828 873 900 910 com·
925 852 1049 920 primam
1066 852 1177 921 quidem
1187 852 1375 921 principibus,
1389 853 1549 919 praesectis
1563 854 1686 906 stscrois
1699 853 1766 916 auis,

54 941 253 995 manicatione
280 941 424 1012 sanguinis
441 941 486 995 sui
504 958 607 995 novum
624 941 722 997 foedus
742 942 771 996 in
789 960 841 997 usu
859 959 900 996 sa·
926 946 1027 1005 postea
1051 956 1115 992 asro
1140 938 1193 992 tati
1210 938 1330 1007 populo.
1372 936 1428 1006 (Sic
1452 937 1578 992 Christus
1594 955 1642 992 rex
1660 938 1767 1010 gloriae

52 1043 122 1080 erae
148 1044 256 1082 coenae
280 1026 361 1082 nobis
387 1025 531 1081 confirmat
549 1033 634 1097 atquc
653 1027 793 1099 obsignat.
828 1025 902 1084 Vide
928 1023 1048 1079 instituit
1070 1041 1180 1079 sacrum
1203 1023 1255 1079 hoc
1279 1023 1435 1079 convivium
1457 1040 1489 1078 ac
1508 1023 1626 1079 coeleste
1643 1025 1765 1094 epulum,

49 1113 180 1183 Rupert.
208 1112 257 1166 lib.
284 1118 306 1168 3.
335 1113 370 1167 66
397 1113 481 1168 trinit.
512 1120 540 1168 et
566 1114 627 1183 ejus
651 1114 781 1184 operibus
805 1132 828 1169 6.
849 1119 901 1182 te.)
929 1110 965 1163 ad
983 1111 1057 1181 quod
1076 1111 1196 1181 primum
1214 1110 1326 1182 quidem
1340 1109 1489 1180 discipulos
1502 1128 1574 1179 suos,
1592 1117 1689 1180 666166
1700 1127 1766 1166 vero

10 1226 29 1273 3,
48 1198 147 1254 Exod.
170 1205 213 1268 25,
233 1216 257 1253 v.
271 1204 313 1253 33.
330 1198 495 1269 proponitur
512 1204 646 1253 statutum
665 1200 700 1253 de
716 1201 839 1270 panibus
849 1203 902 1268 sa·
929 1213 1024 1251 omnes
1036 1197 1207 1252 Christianos
1221 1197 1349 1266 6666611.)
1381 1196 1571 1252 Damascenus
1589 1197 1636 1252 lib.
1657 1203 1681 1252 t.
1694 1196 1765 1254 orth.

49 1287 168 1339 ciernm
191 1286 250 1339 6166
263 1286 485 1354 propositionis,
504 1287 551 1357 qui
571 1286 600 1340 in
619 1304 715 1341 mensa
730 1288 902 1343 tabernaculi
929 1281 975 1338 fid.
1002 1299 1026 1340 c.
1055 1289 1094 1339 14.
1118 1284 1204 1339 refert
1221 1283 1276 1337 huc
1295 1282 1415 1354 figuram
1435 1285 1565 1338 carbonis
1580 1283 1677 1353 igniti,
1700 1282 1764 1338 Esa.
1778 1292 1850 1336 carso

48 1372 191 1444 qnotidie
215 1389 309 1427 coram
333 1371 453 1427 Domino
479 1373 712 1444 proponebantur.
750 1373 798 1441 (Hi
817 1392 902 1445 panes
931 1376 955 1436 6,
974 1387 1000 1425 v.
1022 1375 1046 1424 6.
1065 1368 1305 1433 Quemadmodum
1325 1370 1410 1425 carbo
1429 1388 1485 1426 non
1505 1376 1549 1426 661
1568 1369 1697 1439 simplex,
1715 1346 1865 1438 sedffl‘ff

43 1465 121 1512 sunt
140 1457 238 1528 figura
256 1456 447 1522 eucharistiae,
465 1458 495 1512 in
515 1475 571 1529 qua
589 1459 759 1529 6661661166
777 1459 902 1514 Christus
929 1455 988 1526 igni
1012 1455 1119 1525 unitus,
1144 1456 1184 1511 sic
1207 1456 1287 1527 punis
1305 1455 1505 1511 communionis
1531 1472 1587 1510 non
1604 1455 1684 1526 panis
1702 1456 1766 1511 sim-

43 1562 110 1599 666
132 1544 284 1607 videndus,
305 1543 354 1598 sed
374 1543 560 1599 comedendus
580 1544 661 1599 nohis
682 1546 852 1616 proponitur,
872 1554 903 1601 ut
930 1542 993 1611 plez
1012 1547 1063 1606 est,
1082 1541 1131 1597 ted
1147 1541 1370 1612 unitlsscorpori,
1388 1541 1418 1597 in
1431 1560 1486 1614 quo
1499 1541 1639 1597 divinitu·
1665 1541 1766 1606 Quem·

43 1640 219 1699 gustemus,
246 1647 330 1698 quam
355 1630 450 1683 sstaois
480 1630 518 1682 611
546 1631 699 1699 Dominus,
725 1630 828 1686 Psalm.
862 1638 902 1699 31,
930 1628 1080 1683 admodum
1109 1628 1194 1682 etiam
1224 1628 1344 1684 carbone
1371 1628 1425 1684 isto
1455 1628 1531 1684 labia
1551 1628 1622 1684 vatis
1648 1634 1768 1700 purgata

43 1735 72 1770 v.
105 1724 132 1772 6.
183 1716 266 1772 Unde
293 1716 416 1771 Isidorus
438 1715 582 1771 pelusiota
606 1716 655 1774 lib.
688 1724 710 1773 1.
736 1719 816 1788 epist.
845 1726 901 1775 im.
930 1722 1009 1779 sunt.
1029 1715 1070 1769 iu
1088 1731 1202 1785 corpore
1222 1714 1325 1769 cursu
1344 1714 1428 1770 etiam
1446 1715 1556 1771 enimse
1574 1720 1686 1770 nostrae
1703 1732 1767 1785 pur·

45 1803 164 1858 Christi
190 1820 291 1872 corpus
316 1801 345 1856 in
363 1802 444 1858 altari
464 1809 545 1857 vocat
562 1805 611 1858 rin
629 1802 713 1873 «ipson
731 1809 776 1869 τῆς
798 1810 902 1876 66631-
929 1807 1033 1871 guntur
1051 1806 1080 1856 et
1098 1801 1275 1857 mundanum.

46 1908 136 1950 σεως.
176 1889 211 1942 In
231 1887 265 1944 V.
279 1889 313 1943 T.
332 1889 399 1943 solis
417 1890 609 1945 sacerdotibus
626 1890 732 1946 licitum
745 1900 805 1946 6661
816 1911 902 1963 panes

46 1978 120 2031 illos
139 1974 322 2044 manducare,
338 1975 436 2029 Matth.
460 1981 499 2040 12,
517 1994 542 2030 6.
554 1983 579 2032 4.
599 1977 685 2033 11666.
706 1984 732 2046 2,
750 1995 775 2035 6.
790 1984 830 2034 26.
852 1980 901 2033 sed
1246 1993 1453 2002 “—

47 2063 81 2116 in
102 2062 141 2117 N.
157 2062 194 2115 Τ.
212 2061 339 2117 Christus
354 2079 406 2117 nos
421 2063 493 2127 fecit
506 2080 585 2130 repes
598 2072 623 2118 et
636 2067 796 2118 sacerdotes
807 2083 903 2120 coram

51 2153 141 2216 Deo,
168 2148 261 2218 Apoc.
289 2154 316 2217 1,
344 2165 371 2204 6.
391 2153 416 2203 6.
447 2155 479 2202 61
507 2148 634 2205 omnibus
659 2151 766 2207 adhoc
790 2153 901 2221 epulum
1198 2159 1399 2219 οΛΡῐῙΤ
1433 2160 1500 2221 ῙῙῙ,

48 2233 183 2288 eoeleste
211 2238 308 2303 pateat
331 2233 431 2287 661166.
477 2233 717 2297 Quemadmodum
738 2236 901 2292 Abimelech

53 2320 195 2374 ...666
223 2319 308 2373 ...n
325 2319 443 2373 nnus
469 2325 528 2374 t...
547 2321 657 2376 nm...
676 2338 763 2392 p...
781 2323 842 2378 ffl..
859 2342 901 2378 ,,.
929 2298 995 2365 66
1027 2297 1194 2364 cluss
1220 2299 1538 2366 6661616666
1565 2296 1766 2369 Paludi-

53 2424 120 2460 eros
158 2404 260 2473 6666,
295 2422 358 2459 cum
382 2404 564 2476 nubigeras,
591 2406 665 2477 ipsos
694 2426 754 2463 aa
784 2416 901 2479 sucus,
979 2399 1103 2467 PALI
1130 2398 1248 2466 SIVE
1277 2400 1518 2468 AUCTORE
1547 2399 1710 2468 HUJUS

57 2501 79 2548 1.
107 2493 185 2548 Sam
206 2497 253 2559 21,
277 2499 346 2547 ub.
368 2492 408 2547 116
435 2510 546 2564 quoque
570 2494 679 2581 profani
703 2495 902 2566 6116611666
1174 2501 1522 2569 SAORAMENTL

57 2584 127 2632 sunt
147 2578 187 2632 ad
205 2595 313 2633 sacram
331 2594 445 2634 666666
465 2579 640 2649 admittendi,
659 2580 708 2635 666
725 2587 822 2637 sancta
840 2600 903 2637 san·

57 2666 112 2719 ctis
133 2665 313 2720 reservanda.
358 2664 433 2721 Vide
457 2659 663 2720 Damascehum
688 2666 735 2720 lib.
762 2674 786 2724 4.
813 2685 836 2722 6.
864 2675 902 2724 14.
972 2676 1011 2727 13.
1047 2671 1178 2726 Ceterum
1202 2670 1277 2742 quod
1302 2671 1439 2726 6611616116
1463 2677 1491 2726 61
1513 2670 1589 2742 typis
1614 2671 1644 2724 in
1668 2669 1705 2728 V.
1729 2670 1764 2726 T.
1777 2680 1878 2723 susus·

58 2751 221 2820 aunuum
241 2751 289 2808 ns.
303 2758 327 2807 s.
348 2751 383 2806 cc
395 2751 471 2808 urin.
491 2756 519 2806 u
536 2752 596 2821 eus
615 2752 743 2823 operibus
762 2770 786 2809 c.
802 2759 826 2811 6.
839 2756 903 2822 eu.)
929 2758 983 2813 66
1000 2759 1233 2829 pronumtiatum,
1253 2758 1282 2813 u
1300 2757 1330 2813 tn
1348 2757 1384 2815 u.
1400 2757 1435 2812 u.
1456 2757 1511 2812 fuis
1527 2757 1680 2829 implemur,
1700 2774 1765 2813 enm
1777 2742 1864 2827 22⁰.ss

59 2837 574 2908 116611663116166666666166
590 2837 654 2893 filiis
672 2839 767 2895 Aaron
785 2841 905 2897 dabatur
930 2844 1065 2899 Dominus
1087 2845 1284 2900 6666616666
1309 2843 1434 2900 Christus
1460 2861 1532 2900 auno
1563 2844 1659 2898 mundi
1687 2851 1763 2902 4004.
1776 2834 1877 2932 &mm

60 2942 112 2996 per
131 2924 265 2994 Moysen:
292 2923 409 2993 Cognito
431 2934 609 2979 coruscante
628 2929 709 2992 fores
729 2928 906 2983 tabernaculi
928 2949 1001 2987 anno
1018 2938 1082 3002 post
1098 2931 1301 2986 institutionem
1324 2931 1390 3003 agni
1410 2930 1549 3002 paschalis
1580 2938 1655 2988 1550.
1691 2947 1766 2987 anno

61 3021 88 3066 et
120 3012 166 3064 ibi
192 3011 330 3064 comedite
350 3027 413 3074 666,
439 3027 532 3078 panes
559 3029 666 3082 auoque
685 3017 904 3070 consecrationis
929 3018 1253 3087 66161163166666616,
1279 3017 1325 3073 616
1346 3025 1370 3074 3.
1388 3018 1496 3088 Aprilis
1522 3018 1597 3073 61666
1623 3017 1719 3074 horam
1741 3026 1764 3074 ’1.

64 3100 146 3165 odite,
168 3099 220 3166 661
233 3097 324 3167 positi
339 3098 451 3151 suntin
464 3100 654 3167 6666661666.
684 3100 729 3166 (16
746 3099 904 3173 Hesychius
929 3105 1127 3175 vespertinam,
1154 3104 1230 3159 66161
1246 3103 1352 3158 Paulus
1370 3103 1508 3174 loquitur,
1533 3112 1612 3158 nocte
1630 3122 1676 3174 ea,
1708 3122 1765 3174 aua

64 3184 108 3240 lib.
128 3190 172 3239 26.
191 3184 223 3237 16
241 3182 332 3240 166611.
349 3200 374 3240 o.
395 3189 418 3239 8.
439 3184 476 3238 ad
495 3200 602 3239 sacram
619 3202 734 3241 coenam
751 3204 904 3245 accommo·
929 3192 1051 3245 traditus
1069 3198 1117 3258 eat,
1134 3188 1332 3260 Hierosolymis
1352 3189 1382 3243 in
1399 3188 1515 3260 privatis
1533 3189 1601 3244 61616
1619 3190 1765 3260 cujusdam

65 3270 120 3338 dut,
140 3271 173 3324 in
192 3286 250 3341 qua
269 3269 408 3325 mediante
424 3287 497 3340 pane
515 3270 662 3327 benedicto
680 3290 790 3328 carnem
802 3275 905 3331 Christi
928 3276 1059 3340 aedibus,
1084 3281 1148 3347 post
1166 3276 1232 3348 agni
1249 3274 1390 3346 paschalis
1410 3291 1500 3340 esum,
1523 3291 1630 3329 sacram
1651 3292 1765 3330 coenam

65 3356 289 3422 manducamus.)
312 3361 337 3411 2.
355 3355 429 3413 Sam.
447 3363 479 3422 6,
502 3375 528 3413 v.
552 3365 591 3414 19.
607 3359 642 3413 66
658 3359 768 3416 Ι)66166
786 3380 903 3418 66666-
929 3363 1054 3432 ejusdem
1071 3360 1221 3416 destruam
1239 3361 1359 3416 instituit
1377 3378 1410 3415 ac
1429 3361 1535 3430 primus
1551 3360 1693 3431 discipulis
1708 3362 1765 3416 6616

66 3449 202 3507 moratur,
229 3441 305 3514 quod
322 3443 466 3513 completis
487 3443 629 3499 6666116116
642 3449 770 3515 partitas
788 3451 826 3504 sit
843 3451 903 3504 uni·
929 3448 1149 3518 administravit,
1176 3454 1207 3503 61
1235 3466 1268 3503 ex
1296 3446 1388 3502 verbis
1412 3446 1606 3511 institutionis,
1629 3463 1648 3500 6
1675 3445 1764 3500 tribus

68 3548 161 3585 casce
187 3530 368 3583 multitudini
384 3531 493 3600 lanati,
518 3540 577 3585 tam
601 3533 764 3602 61666666
781 3536 904 3606 mulieri,
930 3534 1108 3606 evangelistis
1127 3542 1156 3589 et
1175 3534 1301 3604 apostolo
1312 3532 1402 3588 Paulo
1420 3532 1594 3587 uniformiter
1611 3532 1765 3603 descriptis,

67 3618 186 3687 singuliis
205 3617 377 3684 collyridam
393 3618 478 3686 panes
495 3637 580 3671 unam
600 3627 625 3672 st
636 3628 795 3674 mouturam
808 3623 903 3676 carncis
929 3620 1074 3676 manifeste
1104 3625 1228 3692 apparet.
1270 3619 1371 3677 Msuh.
1396 3625 1436 3687 26,
1457 3623 1552 3679 6261
1579 3617 1766 3672 domantem

68 3722 147 3756 snam
180 3711 206 3755 st
234 3720 320 3756 unam
351 3703 481 3774 lagenam
505 3706 572 3761 uini.
615 3704 752 3774 (Christus
778 3708 903 3762 coelestis
930 3718 1021 3762 aretem
1046 3708 1107 3761 11116
1131 3708 1240 3777 accepit
1267 3707 1353 3761 Jesas
1382 3723 1489 3776 panem
1513 3714 1539 3759 et
1564 3693 1703 3759 benedicit
1731 3720 1765 3759 aa

68 3788 155 3843 David
178 3806 228 3843 rex
246 3794 276 3842 et
292 3787 429 3859 propheta
447 3796 540 3846 noster
558 3792 695 3861 completo
709 3791 738 3845 in
751 3810 799 3847 ara
814 3795 903 3849 666616
923 3794 1031 3862 fregit,
1057 3794 1189 3863 deditque
1216 3792 1367 3863 6166166116
1384 3791 1602 3846 6616666161.ι
1630 3791 1767 3858 Accipite,

71 3876 203 3929 sacrificio
222 3875 357 3930 eeclesiae
374 3892 442 3931 suae
458 3894 514 3931 non
530 3878 619 3932 solum
635 3895 736 3948 panem
754 3886 782 3934 et
801 3880 903 3951 vinum,
930 3881 1073 3949 comedite,
1093 3881 1144 3934 boc
1163 3887 1203 3933 est
1223 3896 1327 3948 corpses
1345 3895 1450 3947 meum,·
1468 3896 1493 3931 6.
1514 3882 1560 3933 216
1582 3884 1607 3930 61
1626 3877 1767 3946 accipisne

71 3962 115 4016 sed
143 3968 173 4015 et
193 3961 382 4017 mediantibus
399 3962 454 4017 illis
474 3980 574 4034 corpus
594 3964 804 4034 ctsanguinem
823 3985 903 4021 suum
930 3966 1046 4020 calicem
1071 3966 1182 4034 gratias
1208 3965 1264 4034 epit
1292 3982 1328 4018 ac
1350 3966 1431 4018 dedit
1453 3962 1513 4017 illia
1532 3961 1643 4016 dicens:
1671 3962 1767 4016 Bibits

73 4048 230 4116 distribuit.)
260 4055 282 4104 2.
307 4048 379 4106 sam.
405 4054 435 4117 9,
461 4067 486 4104 6.
510 4057 549 4106 13.
579 4051 674 4122 magni
699 4050 827 4108 beneficii
843 4054 904 4109 loco
930 4069 963 4105 ea
988 4053 1039 4106 166
1063 4068 1173 4120 66666,·
1208 4069 1233 4105 6.
1258 4055 1304 4106 ie:
1330 4050 1382 4104 hoc
1404 4058 1444 4104 sat
1468 4049 1542 4102 onim
1559 4048 1674 4116 sanguis
1691 4066 1768 4102 mesu
1819 4086 1822 4091 -

72 4140 311 4200 commemoratur,
343 4134 417 4205 quod
440 4135 633 4206 Mephiboseth
657 4137 748 4193 Saulis
771 4138 846 4193 filius
869 4140 904 4194 de
931 4141 967 4194 N.
992 4141 1024 4192 Τ.
1050 4140 1100 4209 qai
1127 4156 1180 4207 pro
1210 4138 1306 4191 multis
1338 4138 1491 4207 offunditur
1519 4136 1550 4189 in
1574 4135 1766 4189 remissionem

72 4239 161 4276 mensa
178 4220 256 4292 regis
274 4220 391 4275 Doridis
409 4222 532 4292 quotidie
552 4222 723 4280 vescebatur.
755 4225 805 4294 (At
821 4226 904 4298 longe
928 4233 1113 4295 peccatorum.
1156 4223 1243 4277 Mero.
1268 4229 1312 4292 14,
1343 4240 1370 4279 6.
1395 4228 1441 4278 221
1471 4224 1511 4275 Ε1
1535 4222 1767 4276 manducantibus

73 4308 178 4379 majoris
198 4307 329 4364 beneficii
348 4308 409 4364 loco
426 4308 593 4378 habendum,
616 4312 691 4381 quod
709 4312 836 4368 coelestis
849 4313 904 4368 Da·
931 4313 991 4366 iltis
1009 4313 1118 4381 accepit
1130 4310 1216 4363 desua
1229 4327 1333 4380 panem
1353 4316 1379 4363 61
1396 4308 1559 4362 benedicens
1575 4308 1707 4378 trepitat
1720 4310 1768 4362 de·

73 4396 113 4448 616
138 4394 267 4450 Christus
282 4394 368 4450 iesui
388 4412 455 4451 suae
479 4413 590 4452 mensae
613 4414 664 4452 noa
691 4398 824 4454 adhibens
846 4416 905 4455 cor·
931 4400 974 4453 dit
993 4399 1033 4452 eia
1051 4415 1085 4451 ac
1103 4399 1160 4451 ait:
1179 4396 1322 4466 Accipite,
1347 4397 1482 4450 comedite
1489 4417 1501 4466 ,·
1528 4396 1578 4451 boc
1602 4404 1641 4449 est
1666 4412 1768 4466 corpus

74 4497 132 4551 pore
150 4488 180 4536 et
199 4481 336 4553 sanguine
362 4497 412 4535 suo
431 4499 482 4536 nos
498 4483 607 4553 pascit.)
637 4490 657 4538 1.
673 4483 744 4556 Reg.
767 4492 811 4554 19,
834 4505 860 4541 v.
880 4492 904 4541 6.
930 4502 1038 4555 meum,·
1070 4501 1096 4538 v.
1113 4488 1159 4538 2³:
1177 4490 1203 4537 et
1222 4490 1335 4551 accepto
1356 4481 1444 4536 calice
1462 4480 1572 4552 gratias
1591 4499 1675 4550 66666
1688 4482 1769 4537 dedit

74 4568 195 4640 Angelus
214 4567 327 4622 Domini
350 4568 501 4638 prophetae
520 4568 599 4624 Eliae
618 4569 648 4623 in
666 4569 805 4626 desertum
824 4572 908 4628 affert
931 4574 980 4640 eia,
999 4580 1024 4625 61
1042 4571 1167 4624 biberunt
1189 4585 1222 4623 ea
1240 4587 1271 4623 eo
1288 4585 1398 4637 omnes,·
1417 4586 1441 4624 6.
1455 4574 1504 4624 tt:
1522 4577 1549 4621 et
1566 4569 1607 4621 ait
1624 4568 1700 4622 iltis:
1717 4570 1768 4623 hoe

72 4673 166 4724 passm
190 4653 408 4708 subcinericium
423 4663 459 4708 —et
481 4673 531 4708 aas
552 4673 652 4726 aquae.
685 4674 710 4713 6.
729 4663 753 4713 8.
778 4660 807 4712 16
826 4662 906 4729 cujus
932 4666 971 4711 set
993 4658 1109 4725 sanguis
1133 4674 1208 4710 6666
1233 4657 1270 4709 Ν.
1295 4658 1327 4711 T.
1350 4656 1400 4724 aui
1410 4673 1468 4725 pro
1487 4655 1583 4708 multis
1603 4657 1768 4726 effunditur.

75 4743 123 4793 siti
156 4741 329 4808 fortitudine
361 4741 487 4795 ambulat
517 4760 603 4811 usque
631 4745 673 4795 ad
699 4750 817 4797 montem
848 4747 908 4799 Dei
932 4744 1162 4810 Luc.22,v.19:
1182 4742 1768 4811 1316666616666666611666661161116·

76 4827 170 4881 Horeb.
211 4824 347 4895 (Chunus
377 4825 495 4898 angelus
530 4827 594 4882 novi
623 4829 742 4883 foederis
768 4829 798 4884 in
827 4848 907 4886 sacra
931 4832 973 4899 611
990 4837 1016 4883 61
1033 4829 1113 4882 dedit
1130 4828 1191 4882 11116
1210 4828 1318 4881 duona:
1337 4827 1453 4881 Hoceat
1466 4846 1569 4898 corpus
1578 4845 1674 4894 maim,
1693 4828 1770 4898 quod

76 4928 153 4967 auena
169 4927 287 4982 corpore
303 4919 331 4967 et
349 4912 485 4984 sanguine
503 4929 553 4967 suo
572 4930 621 4967 nos
640 4915 738 4985 pascit,
761 4922 792 4970 61
811 4915 906 4971 16116-
927 4935 985 4986 pro
1007 4915 1083 4970 66116
1108 4916 1207 4982 datur,
1233 4916 1285 4969 boc
1299 4915 1390 4980 facite
1410 4916 1440 4969 in
1458 4917 1515 4969 mei
1532 4915 1769 4970 commemoratio·

74 4998 112 5067 jus
127 4998 184 5053 cibi
204 4997 369 5053 fortitudine
385 5014 436 5068 per
453 4999 592 5054 desertum
604 5000 700 5054 mundi
710 5002 746 5056 ad
759 5003 905 5057 coelestem
920 4974 1010 5072 lnam,
1029 5019 1055 5057 v.
1073 5007 1121 5056 20:
1139 5001 1271 5055 similiter
1291 5009 1316 5054 et
1329 5002 1453 5070 calicem,
1469 5010 1619 5072 postquam
1644 5001 1769 5056 coenaoit

76 5082 300 5156 Hierosolymam,
319 5084 400 5154 cujus
416 5088 502 5156 typus
519 5084 574 5141 fuit
591 5103 669 5141 mons
684 5088 744 5154 iste,
762 5089 906 5159 pervenire
933 5092 1043 5144 dicens:
1063 5088 1120 5142 Hic
1137 5096 1178 5142 est
1192 5088 1267 5142 cotia
1280 5088 1367 5166 NQT.
1382 5088 1412 5142 in
1424 5105 1484 5143 meo
1496 5090 1643 5158 canonias,
1655 5087 1768 5157 guipso

77 5172 226 5239 66661666.)
264 5176 290 5226 2.
308 5169 379 5242 ung.
400 5176 430 5240 2,
452 5190 479 5227 v.
504 5179 544 5229 13.
567 5172 645 5228 Elius
670 5191 753 5229 curru
777 5176 859 5248 igneo
877 5176 906 5231 in
933 5177 1009 5232 66116
1026 5174 1166 5238 funditis.
1194 5181 1214 5230 1.
1228 5173 1289 5230 Cor.
1307 5181 1384 5239 11,6.
1396 5180 1442 5231 236
1463 5178 1525 5245 Epo
1543 5175 1616 5229 enim
1633 5174 1769 5244 accepia
1863 5230 1868 5240 ,

76 5258 173 5313 coslum
202 5256 354 5313 subrectus
377 5256 489 5314 Elissaeo
508 5258 644 5330 discipulo
662 5262 845 5332 6666611166
863 5280 906 5319 re·
934 5264 1074 5330 Domino,
1099 5264 1176 5330 quod
1193 5270 1219 5316 et
1236 5261 1349 5315 tradidi
1364 5262 1456 5331 66616,
1476 5261 1609 5332 quoniam
1627 5261 1769 5316 Dominus

76 5339 172 5415 linquit
205 5343 348 5413 (Humana
364 5342 468 5399 Christi
485 5351 586 5401 natura
603 5352 718 5406 vocatur
739 5347 825 5418 ipsius
839 5350 906 5419 pal·
931 5353 1016 5408 Jssus
1033 5350 1064 5403 in
1081 5365 1115 5403 ea
1132 5355 1224 5416 nocte,
1249 5364 1306 5417 qua
1323 5349 1502 5416 tradebatur,
1525 5348 1632 5417 accepit
1653 5365 1769 5419 ponem,

77 5427 143 5498 1166,
160 5431 234 5490 Gen.
255 5438 306 5502 13,
323 5449 350 5488 6.
371 5436 411 5488 11.
438 5431 574 5504 siquidem
593 5434 688 5489 beatus
702 5442 802 5488 auctor
818 5436 906 5493 666611
931 5451 958 5492 6.
986 5442 1032 5493 24:
1063 5442 1089 5490 et
1110 5435 1220 5505 gratias
1243 5451 1330 5502 66666
1351 5435 1441 5505 fregit
1465 5441 1491 5487 st
1516 5433 1603 5489 dieite
1628 5434 1779 5506 Accipite
