4004 6022
778 253 831 317 Du
848 253 1039 313 secessu.
1701 276 1762 332 599

63 409 115 480 opi
130 409 260 479 reliquid
278 424 410 478 sponsum
428 416 468 463 est
481 408 635 479 aemiliique
648 411 796 475 decretum,
816 409 896 480 quin·
927 409 1050 481 Scimus,
1068 411 1181 468 Josicm
1198 431 1291 482 repem
1310 413 1374 471 Deo
1394 416 1571 472 carissimum
1581 417 1691 487 fuisse,
1710 423 1761 490 qui

62 496 139 549 nimo
162 496 255 550 edocti
275 513 383 560 000000,
410 495 501 549 minus
526 513 618 549 omnes
637 512 815 565 quaecunque
834 502 898 548 sunt
924 505 1015 552 tamen
1041 501 1141 554 misere
1162 502 1249 570 periit
1273 502 1303 554 in
1327 519 1360 557 eo
1377 503 1622 559 calamitosissima
1634 507 1755 576 0000110,

58 581 148 651 parui
179 583 281 635 ducem
311 590 395 652 atque
428 582 577 634 aestimor-e
604 583 748 645 fortunae.
794 580 898 637 Oontrs
924 587 1001 651 quod
1021 586 1208 656 intempestiue
1229 590 1365 643 commisit
1379 607 1440 644 cum
1454 591 1604 646 Nechaone
1617 593 1758 662 Aepyptio
1772 599 1887 644 110100

63 673 158 722 sutem
190 684 272 722 verse
297 668 430 724 ecclesius
456 667 643 723 conditionem
666 668 706 722 sic
730 667 898 736 describunt,
923 686 996 737 repe,
1013 672 1062 740 qui
1079 690 1161 724 arina
1178 690 1235 726 non
1253 674 1394 739 inferebat
1410 676 1476 743 ipsi,
1494 679 1546 730 sed
1558 678 1694 746 Assyriis.
1713 679 1760 731 Ec

62 753 139 824 quod
157 753 397 824 persecutionibus
414 771 447 810 sc
465 754 601 826 pressuris
616 754 699 809 seriis
715 754 897 825 sitsubjectu.
924 756 1027 808 nostris
1051 757 1135 809 etiam
1159 759 1318 812 Dudomcus
1342 777 1406 830 ree,
1430 762 1511 829 cujus
1535 765 1649 832 sprepia
1664 764 1761 832 pietas

61 838 255 895 Tertullianus
284 858 345 896 eum
373 847 516 911 comperet
542 841 638 909 splene
662 843 799 910 caeduae,
826 859 898 910 quoe
925 843 1046 895 omnium
1071 843 1182 897 vocibus
1206 845 1376 911 celebratur,
1404 847 1583 903 Christianae
1609 850 1757 917 reliqionis

61 935 212 994 amputata
236 927 324 982 altior
350 927 418 991 ecit,
445 927 520 997 quod
543 925 712 982 Prudentius
729 927 769 982 sic
790 944 898 998 expres·
920 930 1130 996 propepandae
1148 931 1242 984 studio
1266 931 1308 984 bis
1331 935 1452 987 adema
1475 936 1593 998 fortuna
1616 953 1677 988 cum
1708 934 1761 989 Sa·

61 1010 114 1064 sit:
924 1015 1034 1068 racenis
1053 1031 1216 1083 conpressus
1233 1018 1299 1080 fuit.
1339 1019 1416 1072 Nam
1432 1020 1524 1088 primo
1540 1020 1652 1088 proelio
1668 1021 1754 1083 susus

916 1100 1093 1170 supetusque
1111 1109 1151 1154 est
1169 1109 1194 1154 et
1206 1102 1322 1172 insuper
1340 1113 1457 1174 captus,·
1476 1106 1567 1160 altero
1576 1105 1757 1174 pestilentiae

96 1183 224 1238 Perdere
241 1201 292 1236 nos
302 1185 420 1251 frustra
439 1185 537 1238 consul
554 1185 689 1247 Romane,
708 1185 832 1254 laboras,
924 1185 954 1238 ri
976 1203 1105 1255 mapnnm
1129 1189 1264 1241 coercitus
1284 1197 1394 1259 portem
1421 1198 1447 1244 et
1469 1192 1556 1245 eitam
1580 1191 1681 1247 amisit.
1719 1190 1758 1244 Es

96 1271 174 1324 Nam
193 1270 318 1324 velutin
336 1269 422 1337 sylvis
439 1270 536 1323 000100
553 1271 710 1339 repullulat
728 1270 815 1324 arbor
924 1279 1035 1343 postes:
1069 1275 1239 1344 Plerumque
1264 1277 1314 1340 iis,
1347 1295 1416 1346 quos
1445 1280 1524 1332 Deus
1551 1278 1758 1347 acceptissimos

97 1356 139 1409 Et
157 1356 239 1409 multi
257 1356 294 1408 es*
305 1372 363 1408 una
381 1356 494 1410 ueniunt
512 1357 612 1410 radice
632 1365 761 1426 nepotes,·
925 1358 1008 1412 hahet
1040 1368 1066 1413 et
1095 1362 1253 1430 praecipuo
1286 1365 1408 1430 quodam
1432 1364 1636 1417 beneuolentiae
1659 1377 1759 1431 ponere

100 1440 151 1495 Sic
168 1449 328 1497 nostrornm
346 1459 403 1494 uno
423 1450 531 1496 centmn
548 1444 703 1509 010ίο0οτ0
722 1449 846 1510 surqunt.
925 1445 1123 1514 complectitur,
1142 1463 1189 1500 res
1210 1464 1242 1501 00
1259 1456 1322 1501 0000
1333 1448 1445 1501 minime
1457 1450 1616 1517 succedunt,
1633 1449 1689 1502 imo
1705 1450 1756 1502 ad·

552 1514 579 1592 ⁵,
923 1548 1006 1584 uersa
1032 1533 1191 1601 insertaque
1214 1533 1344 1588 videntur
1368 1535 1476 1598 omnia,
1499 1542 1530 1587 ut
1553 1550 1586 1587 00
1608 1535 1660 1602 iis,
1687 1550 1760 1602 quae

60 1612 142 1667 Idem
162 1612 362 1668 Tertullianus:
391 1615 494 1668 Plures
514 1615 668 1682 efficimur,
693 1614 801 1684 quoties
819 1614 896 1667 meti·
925 1618 1080 1670 hominibus
1101 1619 1131 1670 in
1149 1619 1202 1672 hcc
1219 1619 1277 1672 aito
1296 1620 1405 1672 0000100
1426 1620 1533 1688 solent,
1552 1620 1759 1688 qualiacunque

60 1717 127 1752 mur
146 1699 268 1767 000110,
288 1716 381 1753 semen
402 1708 442 1755 est
459 1702 573 1767 sanquis
594 1699 826 1756 Christianorum.
861 1699 898 1754 Et
924 1706 987 1765 sint,
1006 1713 1134 1758 constare
1152 1706 1230 1760 nullo
1250 1708 1333 1759 modo
1351 1706 1450 1775 possit,
1471 1708 1595 1760 actiones
1613 1713 1758 1774 scisceptae

60 1784 149 1854 psulo
167 1791 246 1839 ente:
273 1786 451 1854 Esquisitsor
476 1804 600 1856 quaeque
624 1787 781 1840 cmtdelitos
806 1794 898 1840 cestra
925 1790 961 1842 ab
985 1790 1022 1842 iis
1041 1790 1175 1858 justusne
1199 1809 1237 1842 en
1257 1792 1372 1860 iniquae
1391 1792 1446 1844 sint
1463 1796 1513 1846 000.
1549 1790 1678 1854 Quinimo
1695 1789 1758 1844 Bel-

61 1870 198 1923 illecebra
221 1878 261 1924 est
279 1873 369 1940 mapis
384 1880 474 1925 sectae
495 1879 548 1926 000.
585 1872 771 1943 Hieronymus
791 1871 897 1926 advers.
924 1875 1056 1928 lurminus
1082 1891 1112 1931 se
1135 1875 1227 1945 ipsum
1251 1876 1361 1944 sudist,
1390 1877 1429 1930 sic
1453 1876 1526 1930 enim
1551 1875 1756 1932 sensistine.

62 1954 896 2029 000001011Η1000001γω.001Τ11οορ1111.0000.0101050
925 1960 960 2014 de
986 1962 1082 2015 eccles.
1110 1978 1135 2017 c.
1163 1966 1186 2016 6.
1212 1957 1241 2034 ξ.
1276 1959 1341 2016 Jsm
1364 1976 1443 2015 vero:
1480 1962 1514 2015 Ut
1537 1979 1628 2031 aquas
1655 1961 1760 2015 diluuii

61 2044 223 2097 iunmnoo
246 2044 411 2110 sanquinem
435 2050 461 2097 et
477 2044 616 2113 patiendo
640 2045 732 2112 mapis
750 2063 835 2114 quam
850 2047 898 2109 sa·
925 2064 1021 2100 arcam
1039 2049 1121 2100 Noae
1139 2046 1312 2111 attollebant,
1331 2048 1372 2101 ita
1386 2048 1596 2117 persecutiones
1610 2048 1758 2101 ecclesiam

61 2130 164 2184 ciendo
182 2129 366 2183 contumelias
385 2128 493 2182 01001011
509 2130 544 2182 01
562 2131 644 2184 initio
656 2148 765 2199 semper
772 2132 899 2194 fundato
923 2151 979 2186 non
992 2134 1076 2187 niodo
1087 2151 1143 2187 non
1155 2135 1312 2199 destruunt,
1322 2135 1375 2186 sed
1387 2133 1472 2186 etiam
1486 2132 1640 2187 illustrant.
1661 2132 1759 2203 (Atqui

61 2212 198 2282 ecclesia,
223 2215 310 2268 000010
328 2215 579 2284 persecutoribus,
597 2216 742 2284 martyriis
762 2226 897 2270 coronata
923 2219 947 2271 si
964 2220 1170 2288 pemecutiones
1188 2219 1328 2274 illustrent
1345 2219 1505 2288 ecclesium,
1530 2219 1669 2290 quomodo
1688 2226 1757 2274 tem·

61 2309 112 2356 est.
148 2299 361 2371 Chrysostomus
387 2299 544 2356 homiliis.
570 2301 599 2353 in
619 2307 640 2355 1.
661 2300 723 2356 Cor.
741 2319 852 2358 crucem
871 2309 899 2358 et
923 2305 1026 2374 perulis
1045 2304 1162 2360 felicitas
1182 2304 1284 2374 poterit
1302 2321 1363 2360 0000
1381 2305 1513 2360 ecclesius
1534 2304 1620 2359 00001
1655 2304 1758 2360 Confer

60 2386 270 2459 persecutiones
287 2381 356 2441 dicit
375 2403 435 2440 esse
454 2387 632 2440 characteres
647 2388 791 2456 eranqelii.
821 2387 897 2443 Idem
924 2391 1005 2445 eund.
1026 2390 1226 2445 Bellnrminum
1238 2390 1286 2445 lib.
1301 2396 1326 2448 1.
1344 2391 1378 2446 (10
1395 2391 1491 2447 eccles.
1510 2408 1534 2447 c.
1553 2397 1575 2447 2.
1595 2388 1623 2464 §-
1652 2390 1758 2453 Quurts

60 2489 149 2544 super
167 2472 273 2527 dictum
293 2470 439 2527 (100003.
473 2471 643 2525 Inimicitias
668 2490 774 2541 ponam
793 2479 857 2527 tom.
876 2480 897 2528 1.
924 2479 1008 2543 note.)
1036 2475 1134 2547 Pergit
1149 2475 1348 2530 Bellsrminust
1368 2478 1469 2546 Itaque
1487 2477 1618 2531 Jssstinus
1633 2477 1664 2530 in
1687 2477 1757 2545 Try-

61 2559 195 2615 001553.
220 2557 331 2626 scribit,
354 2558 501 2613 ecclesiam
520 2559 549 2611 in
566 2559 773 2623 consessoribus
790 2561 899 2630 uicisse,
920 2564 1013 2630 phone
1037 2563 1124 2627 dicit,
1145 2562 1364 2630 persecutionem
1386 2564 1420 2615 id
1434 2580 1493 2617 esse
1510 2563 1658 2631 ecclesiae,
1682 2565 1760 2632 quod

60 2647 94 2700 in
121 2645 291 2715 martyribus
318 2645 558 2713 triumphatricem
584 2645 728 2701 0001101000.
776 2645 898 2718 Vigilius
924 2656 964 2701 est
979 2648 1067 2700 uineis
1079 2649 1201 2717 putatio,
1219 2656 1250 2701 ut
1269 2648 1342 2700 enim
1360 2649 1444 2701 uinea
1456 2650 1602 2718 putatione
1620 2651 1662 2702 ad
1678 2649 1756 2701 uber·

59 2730 112 2788 lib.
145 2735 167 2786 1.
195 2730 302 2786 sdvers.
339 2729 459 2801 Eutych.
487 2731 516 2784 in
542 2730 646 2801 princ:
681 2732 764 2786 Nihil
790 2751 898 2801 norum,
922 2741 1196 2803 tatemprosocatur,
1214 2732 1377 2804 itaquoque
1391 2735 1509 2788 ecclesia
1517 2735 1757 2803 perseuerantem

59 2817 137 2873 nihil
152 2818 333 2885 pereqrinum
352 2816 485 2871 ecclesiae
495 2817 641 2882 fortitudo
660 2819 812 2885 superitur,
832 2820 897 2873 tali·
923 2820 1028 2873 crescit.
1056 2820 1095 2873 Et
1111 2819 1302 2873 Tertullianus
1322 2836 1346 2875 0.
1365 2820 1415 2874 ult.
1436 2820 1576 2890 apolopet.
1594 2821 1758 2888 sanquinem

60 2904 114 2958 100
128 2919 223 2973 paene
241 2904 277 2957 01
295 2904 433 2958 universis
456 2903 602 2956 haereticis
628 2905 819 2972 quaestionum
839 2914 896 2959 tur·
922 2913 1076 2975 martyrum
1096 2905 1238 2972 elepanter
1256 2921 1348 2958 semen
1368 2903 1595 2959 sirmiensem
1611 2912 1755 2962 eooatetc.
1791 2930 1792 2935 ¹

59 2989 172 3044 hinihru
196 2989 306 3057 epitatus
330 2989 499 3058 triumphum
526 2990 562 3042 de
586 2991 739 3044 contrariis
757 3000 782 3044 et
800 2993 895 3046 immo·
922 2992 1010 3063 Atqui
1035 2992 1058 3045 si
1082 2991 1202 3047 ecclesis
1223 2991 1463 3062 persecutionibus
1489 2992 1603 3062 crescit,
1630 3008 1757 3062 persecu-

59 3073 198 3128 bilitatem
220 3073 321 3128 sortita
350 3081 391 3127 est
407 3076 443 3127 de
461 3075 597 3129 adversis.
636 3082 660 3132 ’1.
681 3076 807 3131 Accedet
822 3077 895 3149 ipso·
922 3078 1011 3131 tiones
1034 3077 1127 3147 potius
1151 3093 1235 3146 quum
1260 3076 1419 3147 temporalis
1441 3076 1560 3132 felicitas
1585 3077 1638 3147 ipsi
1659 3093 1756 3132 conre-

58 3177 124 3216 rum
144 3158 361 3214 adversariorum
382 3157 525 3213 0010100010.
544 3176 568 3217 c.
598 3160 628 3214 Si
646 3161 763 3216 00010010
778 3168 820 3219 23.
832 3181 857 3234 q.
871 3171 895 3221 3.
921 3164 1007 3219 nient

58 3261 96 3302 ex
114 3245 286 3317 Augustino:
318 3244 354 3298 Si
369 3245 488 3299 ecclesio
507 3262 573 3299 uera
592 3253 645 3313 est,
668 3247 733 3315 ipsa
753 3256 806 3317 est,
824 3268 896 3318 quae
958 3254 1016 3304 300.
1053 3248 1219 3314 Videamus,
1247 3247 1384 3319 quomodo
1408 3245 1591 3302 Bellsrminus
1616 3245 1669 3301 boc
1693 3246 1755 3302 1000
1768 3258 1839 3311 stru·

53 3331 280 3401 persecutionem
293 3331 421 3400 patitur,
448 3349 505 3385 nou
523 3349 595 3400 quoe
612 3333 697 3397 facit.
736 3332 896 3395 Quaeratur
922 3334 1035 3406 probet,
1062 3333 1225 3390 felicitatem
1245 3335 1425 3404 temporalem
1445 3334 1577 3388 divinitus
1597 3333 1652 3387 illis
1672 3332 1754 3388 calls·
1767 3317 1856 3405 {iffi

59 3417 98 3472 eb
129 3416 273 3485 apostolo,
305 3434 390 3485 quom
425 3416 571 3471 ecclesiam
603 3418 781 3488 siqnifioabat
811 3420 895 3485 Sora,
921 3429 992 3489 tum,
1021 3419 1069 3491 qui
1087 3418 1231 3474 ecclesiam
1251 3419 1450 3488 defenderunt,
1475 3438 1535 3476 esse
1552 3418 1687 3474 0001001000
1703 3435 1753 3473 no·
1766 3415 1879 3506 3111110111

57 3503 177 3573 qssando
202 3501 425 3570 persecutionem
453 3501 580 3565 faciebat
609 3503 737 3557 00001101
783 3506 893 3577 Angla·
920 3514 985 3562 tem.
1037 3507 1190 3575 Nunquam
1226 3505 1339 3576 (inquit)
1376 3505 1513 3578 0001001101
1539 3505 1685 3575 principes
1721 3475 1857 3559 essetis·

56 3587 229 3643 mensum
254 3587 283 3642 in
306 3592 428 3642 motat.
453 3587 510 3641 suis
529 3587 558 3641 in
582 3604 607 3644 c.
627 3595 650 3642 s.
669 3587 781 3643 naun:
809 3592 893 3646 rese
920 3568 1861 3661 0000000αο000,0000000000000001110

57 3674 142 3727 Deus
168 3672 254 3725 solem
279 3690 359 3726 suum
387 3672 461 3727 oriri
484 3689 569 3742 super
588 3673 685 3742 jrntos
710 3680 736 3726 et
764 3675 894 3747 injustos,
920 3677 1131 3747 triumpharent.
1172 3677 1218 3731 Ad
1236 3694 1318 3748 quam
1336 3677 1428 3732 thesin
1446 3676 1620 3749 probandum
1638 3676 1753 3732 sdducit

55 3758 135 3810 unde
162 3756 254 3821 focile
276 3757 477 3826 perspicimus,
505 3757 645 3811 hominum
674 3766 723 3811 out
748 3761 892 3816 nationum
918 3765 1052 3818 uictorias
1071 3763 1217 3832 Abrahae,
1236 3764 1360 3832 Moysis,
1379 3764 1502 3831 Josuas,
1524 3761 1678 3827 Gideonis,
1699 3761 1752 3815 Sa·

51 3857 211 3912 prosperos
227 3859 369 3896 0000000000
387 3842 497 3895 nullum
515 3844 625 3912 siqnum
644 3851 694 3896 aut
709 3845 892 3901 testimonium
919 3850 1031 3918 mustis,
1053 3850 1190 3914 Doridis,
1213 3850 1364 3913 Ezechias,
1382 3847 1497 3916 Josiae,
1516 3849 1752 3903 Maccahaeorum

56 3943 118 3982 esse
136 3927 256 3982 serioris
273 3934 324 3980 eut
335 3927 467 3995 purioris
484 3927 640 3994 relipionis.
670 3927 891 4002 0100000ρο0-
919 3938 948 3989 in
963 3935 994 3992 V.
1007 3936 1450 4005 T.prospsritatemetrictorias
1464 3933 1649 3999 Constantini,
1664 3936 1752 3988 Theo

56 4028 144 4068 00000
170 4012 199 4066 in
223 4017 247 4068 1.
265 4011 337 4068 'iim
355 4028 420 4084 peg.
443 4015 500 4067 103.
523 4029 632 4066 crucem
658 4030 717 4068 esse
735 4024 831 4070 notam
851 4035 891 4072 ec·
918 4022 995 4075 dosii
1010 4020 1144 4088 senioris',
1163 4021 1299 4090 Honorii,
1322 4020 1473 4074 Theodosii
1490 4021 1630 4088 juniors's,
1661 4020 1751 4073 Justi·

56 4099 162 4153 ctesias
181 4097 291 4166 scribit,
310 4104 339 4152 et
357 4114 421 4169 psg.
446 4103 506 4153 100:
534 4099 685 4152 Praedirit
704 4099 832 4156 Christus
851 4104 892 4156 la·
917 4107 1000 4160 niani
1013 4107 1142 4174 senioris,
1162 4106 1301 4174 Heraclii,
1314 4106 1478 4169 Godofredi
1487 4105 1683 4159 Bouillionaei
1698 4111 1751 4160 000.

57 4185 152 4253 bores,
168 4184 377 4254 pseudochristi
388 4200 535 4252 prospera.
573 4183 678 4239 Bibere
697 4195 842 4245 comment.
863 4189 892 4243 in
919 4210 951 4246 en
968 4192 1158 4246 ecclesiastica
1178 4192 1297 4246 historia
1314 4192 1352 4248 N.
1371 4192 1402 4246 T.
1415 4196 1444 4246 et
1462 4190 1548 4259 addit,
1567 4191 1751 4259 imperotores

55 4286 79 4325 c.
102 4274 142 4323 11.
159 4267 261 4324 Hebe:
289 4267 406 4338 Oportet
428 4275 458 4322 ut
482 4271 632 4337 credatur,
655 4274 748 4326 Deum
767 4290 826 4328 esse
845 4293 891 4329 re·
918 4278 1036 4331 orientis
1054 4279 1089 4331 ab
1108 4295 1140 4331 eo
1159 4285 1290 4346 tempore,
1311 4292 1365 4346 quo
1380 4284 1499 4346 propter
1510 4276 1661 4329 dissidium
1672 4276 1751 4329 circa

54 4363 262 4409 muneratorem
280 4354 401 4406 omnium
415 4354 541 4418 fidelium
555 4357 763 4425 praestantiori
772 4362 891 4430 ratione,
918 4364 1054 4432 imepines
1073 4380 1103 4417 00
1120 4365 1156 4416 00
1174 4363 1291 4417 ecclesia
1307 4364 1438 4416 Romana
1454 4370 1663 4432 separaverunt,
1681 4379 1749 4416 sem

55 4457 141 4510 quam
165 4456 221 4509 que
243 4440 274 4492 in
298 4439 352 4493 hac
374 4440 432 4492 cita
458 4458 506 4494 eos
526 4451 697 4512 remunerat,
722 4446 790 4514 quia
808 4464 892 4516 saepe
915 4467 969 4519 per
988 4450 1095 4502 indies
1115 4450 1238 4501 deterius
1255 4463 1285 4501 ss
1302 4447 1444 4516 hahuisse,
1462 4450 1549 4503 donec
1567 4449 1682 4502 tandem
1700 4451 1750 4502 im·

55 4528 143 4581 etiam
167 4525 227 4579 sine
251 4525 477 4580 remuneratione
496 4528 590 4580 sancti
607 4546 639 4582 00
656 4529 709 4583 hac
726 4531 785 4584 rita
803 4533 890 4585 011000-
913 4536 1025 4605 perium
1045 4536 1160 4605 penitus
1178 4534 1348 4603 amsserum,
1374 4535 1404 4587 in
1421 4535 1563 4588 occidente
1580 4551 1645 4589 uero
1664 4536 1750 4607 impe·

55 4615 137 4681 dunt,
156 4619 186 4665 ut
203 4611 275 4666 Aba
294 4628 313 4664 0
322 4612 424 4679 fratre
443 4612 616 4676 interfectus.
644 4616 749 4671 Aceste
761 4616 796 4670 de
807 4623 890 4688 temp.
916 4630 1027 4674 ratores
1048 4636 1158 4689 semper
1173 4620 1264 4687 maqis
1281 4620 1325 4673 001
1343 4620 1434 4672 minus
1447 4620 1594 4688 floruisse,
1613 4629 1644 4674 ut
1659 4621 1751 4690 mapis

54 4698 890 4771 0100100111).1.011011011000000010,0000010010οε
917 4707 962 4760 ool
980 4707 1072 4758 minus
1088 4706 1237 4759 Romanae
1256 4705 1390 4758 ecclesiae
1409 4707 1522 4759 addicti
1535 4707 1660 4772 fuerunt.
1697 4705 1750 4761 Be-

53 4801 116 4862 egee
136 4785 290 4854 coeperint,
314 4784 395 4837 nulla
412 4803 469 4838 uon
484 4795 563 4840 aetas
581 4787 697 4852 viderit,
718 4797 810 4842 tumen
823 4797 891 4857 post
917 4792 1100 4862 spondemus:
1131 4797 1154 4846 1.
1176 4807 1257 4845 nemo
1275 4796 1400 4845 nostrum
1417 4799 1517 4863 neget,
1541 4793 1633 4848 Deum
1652 4793 1705 4864 piis
1723 4799 1752 4847 ct

53 4879 184 4941 tempora
208 4869 373 4925 Christiana
395 4872 514 4924 manime
537 4873 630 4925 orbem
655 4880 794 4926 terrorum
817 4875 889 4942 inse·
916 4875 1060 4931 cuthdlicis
1090 4876 1204 4947 regibus
1231 4876 1342 4946 saepius
1372 4877 1529 4947 prseclnrus
1559 4878 1689 4933 victorias
1721 4882 1751 4934 00

52 4963 174 5023 ommni,
191 4963 222 5008 ut
240 4965 353 5010 coactus
373 4956 410 5009 sit
426 4957 601 5024 Aupustinus
614 4958 763 5011 calumniis
775 4976 890 5029 respon·
917 4978 1046 5033 magnum
1071 4962 1283 5034 prosperitetem
1307 4962 1488 5033 concessisse,
1511 4964 1561 5019 sed
1585 4981 1618 5019 ex
1643 4979 1675 5020 so
1694 4978 1751 5017 nou

52 5046 124 5098 ders
149 5057 258 5110 eorum,
283 5042 334 5109 qui
352 5041 423 5095 istas
442 5043 617 5096 calamitates
635 5044 693 5112 lupi
711 5043 890 5099 Olsrsstionae
916 5054 1008 5120 potest
1031 5047 1140 5117 inferri,
1165 5047 1239 5117 quod
1263 5046 1380 5101 felicitas
1398 5049 1560 5118 temporalis
1576 5050 1613 5103 sit
1628 5049 1750 5121 genuine

53 5129 214 5185 imbuebant
236 5135 262 5180 et
284 5143 383 5182 reuera
406 5145 555 5196 repnorum
579 5130 806 5185 conturbationes
826 5133 889 5186 hee-
917 5131 1476 5205 00010000100001001000000,01001(1οω
1494 5134 1627 5191 victorius
1645 5141 1674 5190 et
1686 5151 1749 5206 pro·

54 5215 162 5270 resium
172 5213 278 5282 fierori
290 5223 487 5284 succeserunt,
505 5232 566 5268 cum
584 5223 676 5270 tomen
688 5217 762 5271 nihil
774 5219 888 5289 accidit,
917 5222 1063 5290 speritates
1080 5218 1147 5274 11100
1163 5234 1219 5272 non
1238 5224 1303 5272 sunt
1318 5216 1364 5270 vel
1382 5217 1536 5275 catholicus
1553 5221 1749 5290 00010010ον01

50 5302 134 5373 quod
149 5319 206 5354 non
215 5300 312 5368 suerit
328 5301 514 5371 praedictum.
549 5300 638 5357 Nieol.
657 5301 774 5358 Orsssus
793 5305 821 5359 in
840 5322 887 5360 en·
916 5305 1058 5361 catholicis
1088 5305 1201 5376 regibus
1228 5309 1388 5375 perpetuae.
1435 5309 1459 5361 1.
1486 5306 1612 5362 Adducit
1636 5307 1749 5378 quidem

48 5384 220 5462 tipsrseuesi
246 5385 282 5441 sd
305 5385 454 5442 1300001000
480 5386 589 5442 Pstsvii
605 5404 677 5443 enno
698 5396 771 5447 1600.
793 5392 883 5448 edite:
915 5392 1098 5447 Bellsrminus
1123 5392 1230 5463 aliquot
1259 5389 1385 5461 exemplu
1415 5390 1524 5461 piorum
1556 5409 1668 5466 regum,
1700 5393 1748 5466 qul
