4004 6022
729 208 1079 275 mammaeam
1112 224 1137 233 ··
1700 220 1743 294 ῃ

57 368 228 436 amasse,-
264 365 523 438 susanam
550 382 750 438 scamno
776 368 892 439 cus*
921 374 1056 440 nuum.
1092 371 1748 451 aeummuu,qslncsenausssus

58 457 179 510 monera
195 459 225 510 εδ
242 453 339 524 accepi
350 471 407 524 pso
426 453 614 524 dsijmmicm
631 459 681 510 aut
697 456 826 511 &multa
834 471 892 510 csse
918 455 961 512 sia
987 457 1062 515 cira
1090 461 1356 520 administrationem
1380 480 1483 522 coenae
1506 466 1685 538 irrepserant,
1714 484 1749 525 ss

55 543 86 596 in
119 541 278 612 saepiaris
305 547 474 611 praecepta,
505 556 579 611 qaae
610 543 717 597 damur
744 543 892 598 uniuersae
917 544 1025 600 ratione
1044 547 1182 620 corrigat,
1199 554 1232 605 ut
1248 550 1285 605 ad
1302 550 1420 621 primam
1437 552 1636 610 menonem
1653 552 1747 610 Corin·

58 628 207 693 nemeae,
233 629 285 682 ssd
303 626 448 696 asapiencia
464 634 531 682 sunt
543 643 599 697 per
616 629 742 700 aliqnsos,
768 645 892 700 nospes
917 629 991 686 thios
1020 640 1130 689 revocet
1155 640 1239 706 atque
1257 652 1290 691 er
1307 651 1342 691 ea
1359 636 1496 707 iudicium
1515 638 1551 694 de
1567 638 1690 712 legitima
1705 656 1747 696 sa-

59 716 191 783 sinpalcs.
227 713 453 786 Respondemus:
473 729 650 787 nequaquam
671 716 773 772 duecte
786 732 853 773 exc.
866 721 891 774 6.
919 733 982 773 crae
1010 734 1114 775 coenae
1144 720 1381 778 administratione
1409 721 1469 777 lieri
1496 723 1572 780 relit.
1619 729 1643 781 3.
1668 724 1748 790 Quod

60 801 197 858 lohsuuis
218 818 270 873 pro
293 800 485 857 communione
510 801 562 857 sub
580 807 699 874 utrque
718 803 811 875 specie
828 819 892 859 con·
919 804 1160 863 manducationem
1186 814 1213 862 st
1236 807 1399 865 bibitionem
1422 808 1500 864 velut
1516 809 1586 866 duas
1604 811 1749 868 disdnmas

60 888 212 957 cludimus,
229 904 294 942 cum
312 888 342 942 in
359 904 392 943 eo
409 886 518 944 nonde
537 889 745 957 sacramentali,
769 888 819 945 sed
838 886 893 960 spi·
919 891 1080 948 essentiales
1108 899 1202 963 partes
1230 893 1313 950 unius
1346 893 1469 965 mysterii
1501 912 1552 967 per
1583 897 1748 968 particulam

10 986 49 1028 ,δε
60 975 151 1030 rituali
181 973 304 1046 eorporis
336 980 365 1029 et
394 973 537 1043 sanguinis
567 973 670 1030 Christi
703 975 894 1032 communione
920 975 1049 1040 essum
1074 981 1233 1051 conjungat.
1270 980 1414 1047 Quomodo
1437 987 1529 1038 autem
1545 998 1580 1038 ex
1597 982 1641 1038 his
1660 983 1749 1042 tribus

59 1068 171 1134 egatus,
200 1061 249 1116 sed
267 1062 326 1116 κατ’
346 1057 499 1132 ἄνθρωπον
517 1077 550 1115 er
568 1061 716 1133 hypothesi
735 1061 893 1118 Pontificio
919 1064 1048 1121 membris
1066 1066 1218 1123 necessitas
1237 1065 1436 1124 communionis
1455 1067 1508 1126 sub
1524 1074 1642 1142 utraque
1658 1070 1749 1142 speeie

58 1166 116 1202 rum
148 1147 203 1203 hoc
233 1152 427 1220 argumentum
452 1163 593 1220 urgemus.
629 1147 660 1205 si
686 1147 759 1203 enim
786 1147 892 1204 nullum
919 1151 1061 1224 probetur,
1081 1152 1299 1209 demonstratum
1318 1158 1360 1210 est
1377 1154 1511 1225 superius.
1543 1161 1568 1212 4.
1580 1153 1662 1220 Quod
1673 1172 1749 1212 man-

60 1235 135 1290 alind
152 1234 189 1290 de
208 1234 376 1290 eucharistia
393 1234 556 1290 mandatum
575 1239 680 1304 emtat,
710 1252 794 1308 quam
818 1235 893 1308 quod
920 1237 1095 1294 ducationem
1125 1245 1155 1294 et
1180 1239 1343 1297 bibitionem
1368 1241 1398 1296 in
1423 1257 1502 1296 sacra
1525 1256 1611 1298 coena
1628 1242 1750 1314 appellet

60 1322 88 1376 iu
103 1339 128 1375 c.
145 1326 172 1378 6.
192 1321 256 1377 Joh.
276 1338 302 1376 v.
322 1327 364 1378 63.
388 1321 564 1393 proponitur,
581 1321 679 1393 utique
696 1321 802 1393 species
817 1328 892 1378 utra-
920 1325 1087 1400 napsiniacus,
1105 1326 1292 1394 traditiones,
1310 1327 1385 1382 unde
1403 1327 1442 1385 sic
1458 1322 1661 1384 concludimus:
1680 1328 1749 1385 'lha-

61 1426 112 1480 qus
137 1408 272 1463 mandata
294 1407 360 1474 erit,
386 1424 449 1462 cum
476 1406 607 1464 dntincte
630 1408 848 1464 manducationis
865 1416 894 1465 et
919 1412 988 1469 ditio
1011 1412 1162 1483 apostolica
1183 1428 1278 1467 omues
1303 1412 1418 1485 obligat
1453 1412 1540 1485 Atqui
1563 1429 1630 1469 usus
1649 1415 1748 1470 utrim-

60 1494 202 1550 bibitiouis
226 1493 277 1549 liat
299 1493 410 1550 mendo.
445 1492 527 1558 Quod
546 1494 632 1566 igitur
649 1494 833 1551 Bellarminus
851 1511 892 1551 re·
920 1514 974 1570 que
1001 1498 1103 1569 speciei
1129 1499 1158 1555 iu
1184 1514 1265 1555 sacra
1288 1516 1375 1556 coena
1399 1505 1443 1556 est
1459 1499 1572 1555 mutio
1588 1501 1747 1572 apostolica.

58 1582 192 1654 spondet,
219 1598 274 1637 non
290 1597 365 1648 rem,
387 1580 437 1636 ssd
453 1580 566 1637 modum
584 1581 624 1637 rei
640 1581 744 1637 ibidem
759 1581 891 1653 praecipi,
919 1584 994 1656 argo
1019 1601 1114 1641 omnes
1136 1584 1250 1657 obligat
1287 1591 1311 1640 6.
1334 1585 1414 1650 Quod
1438 1585 1467 1640 in
1491 1584 1621 1641 dochiuis
1640 1590 1669 1643 et
1685 1604 1748 1643 con·

58 1671 122 1725 item
139 1667 367 1739 conjunctionem
386 1675 411 1721 ct
429 1683 480 1739 pro
498 1667 667 1739 disjunctiva
689 1677 739 1722 asu
757 1668 892 1739 accipien-
920 1671 1044 1726 sectariis
1066 1689 1100 1728 ex
1119 1670 1210 1729 verbis
1233 1670 1413 1727 institutionis
1431 1671 1594 1728 Dominicae
1619 1670 1747 1727 deductis

57 1756 136 1821 darm
162 1755 192 1809 id
218 1760 278 1809 hum
304 1755 414 1809 demum
429 1753 517 1809 hsbst
536 1754 642 1823 locum,
668 1754 691 1808 si
710 1753 779 1809 haec
797 1755 893 1809 concio
920 1756 1160 1813 manducationem
1185 1763 1213 1813 et
1236 1757 1398 1814 bibitionem
1427 1763 1561 1830 perpetuo
1589 1760 1749 1831 conjungat,

58 1841 160 1896 Christi
183 1841 219 1897 de
241 1839 395 1912 spiritualis
420 1839 512 1896 caruis
528 1847 561 1909 ,et
585 1840 729 1912 sauguinis
746 1840 892 1913 participa·
919 1849 952 1898 nt
973 1847 1052 1914 patet
1074 1859 1109 1897 er
1128 1860 1211 1900 versu
1236 1850 1278 1901 26.
1301 1850 1343 1902 27.
1366 1849 1406 1901 26.
1426 1851 1467 1901 29.
1487 1861 1520 1900 ex
1538 1859 1593 1915 quo
1609 1844 1750 1901 evidenter

57 1929 132 1984 tione
151 1927 322 1998 accipiatur,
351 1933 384 1981 ut
405 1944 502 1983 resera
524 1927 687 1999 accipienda
703 1933 759 1994 est,
790 1944 893 2000 nequa·
920 1934 1050 2000 apparet‚
1077 1932 1169 2002 ipsum
1188 1931 1273 1987 verba
1290 1947 1393 1987 coenae
1410 1931 1450 1986 sic
1467 1929 1647 1996 intellexisse,
1675 1930 1750 2002 quod

58 2033 141 2088 quam
164 2014 278 2070 sero-si
303 2014 339 2071 de
361 2015 554 2069 sacramentali
571 2013 755 2085 intelligatur,
779 2021 810 2070 ut
829 2015 892 2071 Bel·
920 2016 1096 2072 manducatio
1126 2023 1155 2072 et
1180 2014 1281 2073 bibitio
1307 2017 1337 2071 in
1362 2034 1441 2072 sacra
1464 2032 1551 2074 coena
1567 2031 1620 2071 nec
1637 2016 1751 2087 possint.

58 2102 193 2158 larminus
211 2118 273 2157 mm
292 2100 433 2173 iutelligit.
469 2099 585 2156 Constat
602 2101 675 2157 enim
693 2118 726 2156 ex
745 2101 837 2158 verbis
853 2101 893 2156 in·
920 2120 972 2160 nec
996 2103 1117 2160 debeant
1140 2105 1270 2175 separari.
1306 2109 1329 2159 e.
1349 2103 1431 2169 Quod
1454 2101 1676 2158 chcumstantiae
1692 2107 1749 2157 tex-

59 2188 226 2255 stitntiouis,
251 2203 307 2242 uon
331 2187 419 2242 solum
437 2205 509 2257 rem,
538 2186 568 2242 id
591 2194 634 2242 cst
652 2188 893 2243 manducationem
920 2198 965 2246 tus
982 2190 1125 2245 evidenter
1142 2190 1303 2255 ostendant,
1329 2206 1385 2246 non
1409 2189 1548 2261 possead
1570 2186 1750 2244 solossacer-

60 2275 149 2331 earuis
175 2281 203 2330 et
230 2272 391 2331 bibitionem
416 2272 572 2345 sanguinis,
600 2274 651 2329 sed
675 2274 758 2329 ctiam
781 2273 893 2329 modum
920 2278 999 2333 dotes
1016 2275 1121 2340 referri,
1141 2292 1213 2347 quae
1232 2276 1268 2332 de
1284 2293 1337 2332 usu
1355 2275 1498 2348 utrimque
1514 2274 1617 2346 speciei
1637 2277 1747 2345 sposto-
1835 2268 1839 2275 '

58 2364 110 2428 rei,
139 2361 169 2416 id
195 2365 239 2415 est
259 2359 500 2415 manducationem
518 2360 609 2415 caruis
629 2359 682 2415 sub
701 2361 795 2432 specie
812 2361 892 2432 panis
920 2365 964 2418 lus
988 2360 1094 2421 scribit.
1128 2361 1203 2426 Quos
1225 2362 1298 2417 enim
1325 2379 1343 2416 a
1358 2362 1444 2417 calice
1463 2359 1669 2416 daemoniorum
1687 2376 1749 2430 pro-

58 2455 86 2504 et
103 2447 268 2503 bibitionem
285 2445 429 2518 sanguinis
445 2447 497 2502 sub
515 2446 606 2517 specie
626 2446 691 2515 vini,
710 2445 847 2502 schristo
864 2447 892 2502 in
920 2450 1011 2514 hibet,
1029 2448 1093 2504 illos
1110 2450 1171 2504 vult
1188 2449 1303 2505 calicem
1323 2448 1435 2504 Domini
1452 2448 1563 2515 bibere,
1584 2452 1606 2502 1.
1627 2446 1689 2501 Cor.
1709 2451 1748 2511 16,

59 2533 227 2591 eucharistia
250 2532 463 2605 praescriptam,
493 2550 544 2589 uec
570 2533 734 2604 seperatim,
761 2534 811 2589 sed
829 2550 892 2588 con·
921 2554 946 2590 v.
964 2541 1006 2592 21.
1029 2536 1093 2592 Jam
1110 2552 1174 2591 vero
1192 2551 1287 2591 omnes
1307 2534 1478 2590 Christianos
1497 2550 1515 2588 a
1531 2532 1619 2589 calice
1638 2531 1747 2587 daemo-

55 2622 176 2695 junctim
212 2619 454 2676 manducationem
492 2625 521 2675 et
547 2619 710 2676 bibitionem
738 2620 892 2675 institutam
920 2620 1028 2676 nicrum
1051 2626 1135 2676 arcet.
1172 2621 1248 2693 arga
1271 2619 1354 2676 etiam
1371 2636 1465 2676 omnes
1483 2621 1544 2675 vult
1560 2618 1676 2676 calicem
1693 2617 1749 2674 Do

58 2726 128 2766 esse.
164 2708 245 2776 Quod
274 2706 395 2779 denique
420 2706 546 2777 additur,
579 2707 666 2763 multe
688 2706 716 2761 in
744 2706 892 2776 Scripturis
919 2708 986 2762 mini
1010 2706 1114 2763 bibere.
1159 2706 1235 2772 Quos
1262 2711 1378 2763 mortem
1402 2705 1515 2762 Domini
1537 2704 1567 2761 ln
1584 2722 1637 2762 usu
1655 2720 1750 2761 sacrae

58 2799 210 2869 praecepta
239 2792 372 2851 ecclesiae
396 2792 541 2849 universae
563 2793 638 2864 dari,
668 2809 740 2866 quae
760 2809 816 2847 nou
837 2794 893 2848 sint
919 2810 1022 2850 coenes
1048 2794 1213 2848 annsmtiare
1234 2791 1331 2864 jubet,
1360 2792 1423 2848 illos
1446 2792 1529 2849 etiam
1552 2793 1613 2849 vult
1634 2790 1750 2848 calicem

59 2884 201 2957 implenda
211 2898 263 2956 per
279 2879 412 2954 singulos,
432 2881 481 2937 sed
494 2898 545 2952 per
556 2881 664 2954 aliquos
674 2898 707 2936 ex
716 2879 852 2944 omuibus,
863 2880 892 2933 id
920 2880 1032 2936 Domini
1050 2878 1159 2949 bibere,
1179 2885 1201 2935 1.
1220 2878 1282 2935 Oor.
1305 2884 1345 2948 11,
1364 2897 1391 2933 r.
1410 2881 1455 2935 26.
1490 2879 1554 2934 Jam
1573 2895 1639 2936 vero
1655 2895 1750 2934 omnes

60 2989 112 3028 uec
131 2972 159 3026 in
176 2967 329 3041 spirituali,
346 2983 399 3022 nec
417 2966 446 3020 in
464 2966 657 3022 sacramentali
676 2966 767 3022 carnis
785 2972 814 3022 et
830 2981 892 3022 san·
920 2967 1090 3023 christianos
1118 2966 1147 3020 in
1173 2982 1226 3021 usu
1253 2981 1350 3021 sacras
1374 2981 1477 3022 menae
1500 2972 1617 3023 mortem
1639 2965 1837 3021 Domiuint

61 3058 154 3132 guinis
171 3056 273 3113 Christi
289 3053 504 3127 participatione
521 3053 613 3110 locum
625 3053 717 3122 habet,
734 3054 809 3124 prior
820 3053 893 3108 euim
920 3055 1084 3111 manutere
1103 3054 1195 3125 jubet.
1238 3053 1314 3126 Ergo
1339 3055 1423 3110 etiam
1445 3053 1508 3110 vult
1524 3070 1619 3110 omues
1637 3054 1752 3110 calicem

63 3145 189 3201 absolute
212 3142 248 3198 ah
271 3141 400 3198 omnibus
418 3139 595 3206 Οδείεδίειιίε,
620 3139 755 3211 posterior
771 3157 789 3195 a
805 3140 894 3196 tideli-
920 3141 1033 3200 Domini
1049 3141 1152 3197 bibere.
1189 3140 1374 3213 Quoscunque
1393 3140 1455 3196 vult
1477 3158 1507 3197 se
1527 3141 1602 3214 ipsos
1626 3140 1752 3215 probata

62 3234 115 3288 bus
140 3230 258 3299 adulta,
289 3228 337 3300 qui
362 3226 482 3300 probare
510 3244 539 3283 se
568 3235 685 3298 possunt
708 3227 778 3283 citra
800 3244 894 3283 casum
922 3247 969 3286 eos
989 3228 1049 3284 vult
1072 3228 1108 3283 de
1131 3227 1218 3283 calice
1237 3226 1421 3282 eucharistico
1439 3226 1550 3292 hibere,
1566 3245 1592 3283 r.
1613 3232 1654 3285 26.
1688 3227 1753 3283 lam

62 3317 238 3392 privationis,
255 3314 412 3371 necessario
431 3314 589 3386 requiritur.
922 3333 988 3372 vero
1006 3331 1100 3388 omues
1112 3312 1449 3370 christianosadsacram
1461 3329 1575 3371 coenam
1589 3314 1753 3370 accedentes

10 3407 36 3446 Β
98 3412 138 3462 36.
156 3403 281 3459 Tertium
303 3418 337 3456 ex
355 3400 505 3472 Scripturis
523 3406 718 3473 argumentum
736 3401 895 3474 suppeditat
922 3403 984 3458 vult
999 3419 1028 3457 se
1045 3402 1120 3471 ipsos
1136 3401 1262 3472 probare
1297 3399 1477 3472 Ergo'etiam
1492 3401 1633 3457 omuesad
1646 3415 1753 3455 sacram

10 3466 191 3564 :sempefitio
209 3487 391 3544 institutionis
417 3487 570 3558 apostolica
607 3493 627 3543 1.
648 3486 708 3544 Cor.
731 3491 777 3557 11,
803 3504 829 3540 v.
850 3493 895 3545 20:
923 3506 1038 3546 coenam
1056 3488 1220 3544 accedentes
1237 3487 1298 3542 vult
1315 3487 1350 3543 de
1370 3487 1456 3543 calice
1474 3487 1576 3544 bibere
1601 3484 1705 3542 Probet
1722 3501 1753 3542 se

10 3559 54 3653 π,
68 3577 292 3634 Conscnimtibus
311 3575 389 3629 coiis
408 3575 438 3627 in
455 3591 542 3627 unum
552 3574 618 3642 jam
634 3590 690 3628 non
709 3579 749 3627 est
766 3575 896 3628 Domini·
923 3573 1215 3648 ipsumhomo,inquit,
1226 3573 1426 3645 consacerdos,
1435 3574 1623 3638 nouclericus‚
1632 3572 1682 3627 sed
1694 3575 1753 3646 qui·

10 3662 25 3703 i
66 3681 125 3718 cam
141 3679 254 3719 coenam
271 3662 461 3728 manasseas-e5
495 3676 520 3712 v.
541 3665 588 3715 21:
618 3661 806 3731 unusquisque
824 3662 896 3715 enim
923 3664 992 3720 libet
1007 3661 1186 3718 Christianus.
1222 3667 1247 3719 7.
1264 3660 1345 3726 Quod
1363 3661 1499 3717 excubis
1517 3677 1620 3734 coenae
1631 3659 1752 3732 colligat,

67 3767 143 3803 man
174 3765 288 3804 coenam
312 3747 471 3817 praesumit
502 3749 544 3800 ad
572 3749 798 3802 manducandum
831 3753 898 3813 etc.;
923 3766 1023 3823 panem
1040 3746 1251 3804 eucharisticum
1263 3763 1323 3803 esse
1334 3748 1610 3804 communicationem
1622 3746 1753 3819 corporis,

66 3855 90 3891 v.
109 3843 156 3893 23:
186 3853 235 3905 epo
253 3834 327 3889 enim
344 3833 441 3904 accepi
457 3851 476 3887 a
494 3835 629 3901 Domino,
648 3837 725 3904 quod
741 3843 768 3888 et
784 3837 898 3890 eracles·
923 3837 1037 3894 calicem
1064 3834 1277 3890 eucharisticum
1298 3833 1582 3909 communicationem
1610 3833 1753 3906 sanguinis

67 3925 147 3989 rems,
164 3922 296 3993 quoniam
314 3921 456 3976 Dominus
471 3920 565 3989 Jecur,
583 3921 611 3974 in
631 3939 688 3992 qna
704 3930 784 3976 nocte
800 3925 904 3977 trade.
922 3923 1032 3988 Christi,
1061 3928 1083 3980 1.
1101 3921 1163 3978 Cor.
1190 3927 1237 3990 16,
1263 3938 1288 3977 v.
1314 3926 1353 3977 16.
1381 3921 1455 3978 unde
1480 3921 1521 3976 sic
1546 3919 1752 3977 concludimus:

68 4012 153 4080 imas,
171 4008 280 4080 accept
291 4024 411 4078 panesa,
435 4024 462 4063 r.
477 4012 523 4063 24:
544 4013 570 4061 ct
584 4009 694 4077 pretim
708 4025 795 4078 opens
806 4009 896 4079 frcpit
922 4010 1066 4081 Quidquid
1084 4008 1184 4064 evertit
1205 4007 1336 4064 unionem
1359 4006 1598 4073 sacramentalem,
1623 4005 1693 4061 illud
1711 4011 1753 4062 ut·

68 4106 92 4151 st
107 4098 194 4152 &sits
215 4095 352 4165 Accipite,
369 4095 550 4162 manducate,
569 4093 787 4165 locestccrpas
799 4113 895 4164 meum,
922 4104 987 4169 pote
1011 4111 1168 4168 repugnans
1189 4094 1280 4151 rabis
1299 4093 1480 4149 institutionis
1508 4110 1565 4149 non
1591 4099 1633 4149 est
1656 4108 1754 4164 sppro

68 4187 139 4254 qaod
165 4201 222 4255 pro
248 4180 327 4236 cobis
351 4181 517 4248 francicum
548 4179 600 4233 hoc
622 4182 713 4248 facite
746 4183 775 4235 in
807 4199 895 4237 meam
922 4184 1053 4239 bandum.
1096 4180 1258 4238 Communio
1277 4180 1411 4235 laicomm
1427 4179 1480 4235 sub
1497 4196 1554 4235 una
1569 4179 1662 4252 specie
1679 4194 1754 4235 ever·

68 4269 365 4338 commemorationem
389 4285 415 4321 r.
433 4271 479 4322 25:
497 4265 627 4321 similiter
645 4275 671 4320 et
689 4269 807 4323 culicem
817 4279 893 4340 post·
922 4272 958 4326 tit
987 4270 1115 4326 unionem
1145 4267 1386 4332 sacramentalem,
1417 4284 1488 4338 quas
1516 4271 1559 4322 est
1583 4266 1664 4338 panis
1692 4282 1755 4322 cum

70 4377 147 4428 qaam
165 4357 291 4411 coenavit
309 4357 421 4409 dicens:
440 4355 633 4424 locpoculum
646 4363 686 4408 eet
703 4364 894 4410 nouumtesta·
922 4373 1036 4430 corpore
1060 4361 1088 4412 ct
1110 4354 1167 4409 vini
1192 4370 1255 4408 cum
1282 4353 1419 4425 sanguine
1442 4353 1559 4425 mystica
1578 4359 1606 4409 et
1625 4352 1757 4409 uenuste

69 4453 184 4499 menn
198 4443 229 4497 in
247 4442 465 4511 messanpus'nc.
495 4442 559 4515 Hoc
571 4441 669 4511 facite,
682 4445 895 4514 quotiescunque
922 4443 1088 4516 conjunctio.
1124 4438 1278 4495 Pontificiis
1296 4456 1361 4495 vcro
1380 4446 1423 4495 est
1439 4440 1506 4496 unio
1523 4440 1603 4511 panis
1622 4457 1685 4494 cum
1697 4456 1755 4495 cor·

70 4532 190 4586 biberitis
208 4531 239 4583 in
256 4547 348 4584 meam
371 4530 656 4583 commemorationem
663 4549 675 4594 ;
705 4547 730 4582 v.
753 4534 800 4585 26:
830 4547 895 4599 quc·
922 4547 989 4602 pore
1011 4536 1039 4585 et
1061 4527 1196 4599 sanguine
1223 4524 1313 4583 simul.
1353 4526 1429 4598 Ergo
1450 4526 1605 4582 communio
1623 4527 1754 4582 laicorum

70 4621 221 4688 uacunque
245 4618 319 4671 enim
341 4616 549 4671 manducabitis
570 4632 675 4685 punem
693 4617 765 4669 lunc
783 4623 809 4671 ct
827 4616 894 4670 cali·
922 4617 974 4671 sub
998 4633 1055 4671 una
1081 4614 1185 4685 specie,
1203 4616 1301 4684 utpote
1319 4628 1479 4685 repugnans
1497 4613 1589 4669 verbis
1608 4613 1754 4669 iustitutio-

69 4722 119 4759 cen
141 4704 251 4769 δεδεδιδ,
277 4709 393 4757 mortem
420 4704 539 4757 Domini
565 4703 781 4772 annuntiabitis,
808 4705 894 4758 donec
921 4705 965 4758 uis
989 4721 1044 4757 uon
1072 4709 1114 4757 est
1141 4698 1329 4771 approbanda.
1365 4699 1515 4770 Apostolus
1535 4700 1664 4757 uenuste
1681 4717 1753 4755 asse-

69 4794 169 4863 nensat5
187 4809 213 4847 r.
234 4795 280 4846 ils
299 4791 394 4859 itaque
413 4790 463 4860 qui
479 4791 691 4844 manducaverit
704 4806 809 4858 panem
822 4790 894 4843 lunc
921 4792 973 4858 rit,
1013 4805 1113 4860 panem
1144 4784 1357 4842 eucharisticum
1386 4801 1446 4841 esse
1477 4787 1750 4862 communicationem

68 4880 105 4933 sc
123 4878 225 4934 biberit
242 4876 359 4931 calicem
381 4876 500 4931 Domini
516 4879 646 4947 indique,
673 4893 739 4930 reus
762 4875 815 4929 crit
834 4893 893 4931 cor·
921 4874 1042 4947 corporis
1061 4881 1089 4929 et
1106 4875 1202 4930 vinum
1220 4872 1431 4928 eucharisticum
1451 4889 1511 4929 esse
1528 4870 1750 4928 communicatio·

66 4966 137 5035 possis
157 4972 184 5019 et
201 4963 349 5035 sanquinis
369 4964 487 5019 Domini
490 4985 503 5035 ,-
530 4980 555 5021 v.
577 4969 625 5020 28:
640 4964 741 5033 probet
760 4969 892 5016 autemst
919 4981 983 5019 nem
1013 4961 1155 5033 sanguinis
1183 4958 1293 5016 Christi.
1327 4957 1466 5014 Pontificii
1495 4965 1591 5015 contra
1617 4961 1750 5022 masne,

69 5053 149 5123 pmrn
175 5053 257 5107 imao
286 5059 313 5106 ct
335 5051 376 5104 sic
396 5053 431 5104 de
452 5066 528 5120 panc
551 5050 603 5104 illo
622 5052 687 5103 edat
707 5057 733 5102 st
751 5052 786 5103 dc
804 5050 891 5103 calice
919 5052 1019 5121 panem
1047 5046 1258 5102 eucharisticum
1282 5062 1341 5101 esse
1365 5045 1641 5101 communicationem
1658 5060 1748 5100 sacra-

69 5141 147 5204 ithae,-
180 5157 207 5194 v.
229 5143 278 5195 29:
306 5139 355 5208 qui
378 5137 451 5192 enim
468 5138 620 5190 manducat
639 5144 664 5189 et
681 5136 748 5189 bibit
767 5137 890 5206 indique,
919 5135 1065 5192 mentalem
1084 5139 1112 5189 et
1128 5132 1250 5203 corporis
1267 5135 1296 5188 εδ
1313 5132 1457 5205 sanguinis
1476 5131 1584 5188 Christi.

65 5228 195 5294 unicium
213 5225 271 5278 sibi
287 5225 437 5278 manducat
456 5227 508 5280 etc.
545 5222 628 5278 Circa
647 5221 720 5276 hunc
741 5222 890 5278 locumno-
953 5229 994 5279 37.
1028 5220 1137 5291 Excipit
1157 5218 1358 5283 Bellarminus,
1385 5223 1407 5274 1.
1426 5218 1570 5274 ecclesiam
1590 5215 1748 5273 Corinthio·
1763 5237 1807 5280 ω
1837 5240 1880 5281 us·

68 5315 187 5383 meum,
216 5317 237 5367 1.
257 5309 333 5382 quod
351 5309 492 5382 apostolus
512 5308 549 5363 ad
567 5312 652 5363 totam
672 5307 817 5363 ecclesiam
839 5306 889 5363 Co·
916 5328 978 5364 rum
996 5316 1113 5376 utraque
1131 5305 1223 5375 specie
1237 5322 1332 5373 mam,
1350 5304 1419 5377 quia
1436 5304 1547 5359 Paulus
1567 5303 1613 5358 cel
1631 5305 1751 5359 Domini
1762 5293 1870 5385 ffi'nmfi'

68 5400 220 5457 risthieeam
250 5394 354 5452 scnhat
382 5402 403 5452 1.
421 5394 483 5451 Cor.
506 5401 533 5465 l,
557 5414 583 5448 v.
605 5400 628 5450 2.
654 5393 749 5465 sicque
774 5411 804 5449 re
831 5395 892 5466 ipsa
918 5396 1040 5467 enerquo
1068 5394 1111 5448 cel
1138 5391 1255 5447 aliunde
1285 5393 1407 5448 osundit
1437 5399 1464 5445 et
1490 5390 1614 5446 tradidit
1639 5392 1749 5446 licitam
1760 5393 1780 5437 ¹·
1793 5396 1868 5437 stram

69 5488 192 5556 mendae,
211 5485 287 5542 hanc
304 5470 628 5556 chusi-iustitutionem
646 5479 730 5537 etiam
749 5481 786 5535 ad
805 5481 889 5538 laicos
917 5501 974 5540 esse
1000 5481 1214 5538 communionem
1242 5480 1293 5536 sub
1323 5487 1442 5548 unomen
1471 5476 1571 5548 specie.
1621 5478 1681 5539 eea
1698 5495 1748 5535 nec
1761 5456 1863 5543 hiiah*
