4004 6022
214 268 254 329 m
807 256 1313 318 ιοιιιιιιιιιιιιιιιιιι

214 415 322 472 ιιοιιιιι
350 414 427 486 illam
453 419 561 486 partem
583 412 704 483 accepit,
734 429 818 485 quam
839 429 933 471 seonm
951 417 1048 468 contn-
1072 428 1133 467 esse
1161 413 1344 485 pronuntiat,
1368 427 1452 485 quam
1477 411 1550 466 inter
1575 409 1665 466 laicos
1691 409 1913 466 communionem

215 502 322 558 mularc
349 500 521 571 decreverat,
536 568 538 572 Ι
551 505 579 554 ιι
603 499 697 553 statim
720 499 750 555 in
775 499 848 554 lecto
870 500 969 570 jacens
986 498 1048 553 Deo
1069 500 1232 570 percipere,
1250 518 1307 554 non
1327 500 1542 566 administrare,
1561 516 1619 553 non
1637 497 1793 552 smndssts
1811 497 1913 566 officio

216 590 320 664 gratias
339 587 398 661 egit
421 594 505 658 atque
528 586 567 641 ιιι
593 585 756 658 exspiravit,
781 592 918 659 serratam
943 585 1050 641 scilicet
1066 587 1173 655 sunpi,
1208 586 1255 642 cui
1284 585 1490 658 adstipulantur
1521 584 1665 639 Lindanus
1699 589 1728 639 et
1754 583 1915 655 Tapporns.

215 691 267 745 per
285 673 474 746 septennium,
496 678 539 728 tot
560 671 633 727 enim
655 671 794 729 uvicione
812 672 914 727 illaad
933 677 1048 728 mortem
1074 677 1099 727 ι.
1115 672 1150 727 Id
1173 671 1263 743 ipsum
1289 672 1417 744 agnoseit
1439 670 1589 738 Batonius,
1614 669 1662 741 qui
1686 673 1750 725 tom.
1771 677 1793 727 1.
1817 668 1914 725 ιιιιιι1.

214 759 353 816 intersunt
379 759 452 815 anni.
488 758 535 813 An
551 756 605 812 hoc
622 758 719 814 Basilii
738 758 940 814 consiliumrel
956 757 1048 829 potius
1073 774 1146 812 anno
1169 764 1229 815 314.
1255 765 1321 814 ιιιι
1347 762 1388 814 88.
1419 756 1559 828 explicans
1593 771 1726 812 ιιιοιιιιιι
1749 761 1774 812 9.
1810 752 1916 827 synodi

214 845 402 916 Amphilochii
420 844 583 917 figmentum
599 845 713 916 probari
733 845 844 915 debeat,
861 844 1047 900 Bellarminns
1073 845 1240 916 Ancyranae
1265 863 1284 899 a
1307 846 1461 899 ministerio
1486 861 1596 899 cessare
1615 843 1765 912 debebam,
1789 844 1914 898 adama

215 931 358 988 deliberet.
1073 930 1220 1002 (inquit)
1208 951 1238 986 ιπ
1258 935 1383 987 secunda
1409 933 1539 988 editione.
1576 931 1695 985 Lcicam
1713 937 1823 985 tantum
1841 929 1914 984 reci·

115 1025 142 1067 Χ
157 1023 202 1066 ¹⁰⁹
250 1024 291 1074 64
327 1018 445 1084 Quintus
470 1017 540 1073 ritus
567 1025 610 1074 est
632 1036 699 1073 usus
720 1017 921 1072 communionis
948 1017 1048 1086 laicae,
1069 1021 1178 1089 pientes
1203 1019 1426 1085 communionem,
1443 1019 1575 1073 nimirum
1593 1035 1649 1072 non
1668 1015 1842 1071 comeaeris
1860 1015 1916 1071 nsi·

85 1085 189 1177 ξ,ῗ,ῗξ’
216 1121 288 1176 quae
309 1104 339 1158 in
364 1121 482 1175 poenam
506 1104 599 1176 gravis
626 1103 745 1175 alicujus
764 1102 859 1158 delicti
877 1103 942 1159 olim
962 1102 1047 1158 deba·
1072 1105 1169 1158 nistris
1196 1105 1331 1175 amplius,
1362 1107 1414 1159 sed
1442 1122 1504 1158 cum
1528 1105 1638 1175 populo
1664 1109 1743 1157 entra
1769 1101 1916 1157 cancellos

88 1187 156 1228 ¹⁸¹⁰·
214 1197 261 1245 tur
288 1187 395 1246 clericis
417 1191 513 1247 ablata
535 1190 575 1246 eis
592 1189 782 1245 communione
799 1187 936 1253 clericali,
967 1189 1049 1258 cujus
1074 1191 1313 1247 communicantes.
1353 1199 1377 1247 5.
1397 1190 1582 1246 Bellmminus
1610 1194 1708 1246 ιοιιιι
1733 1187 1805 1247 nano
1826 1185 1915 1258 expli·

214 1277 317 1332 mentio
335 1276 392 1332 fit·
384 1294 413 1330 ιιι
432 1275 558 1348 epistolis
577 1275 677 1331 Felicis
697 1281 726 1331 et
745 1273 881 1345 Siricii,'
873 1292 903 1328 ιιι
930 1273 1048 1328 concilio
1073 1276 1211 1332 ostionem
1228 1276 1318 1333 Ιιιιιι
1337 1276 1537 1334 communionis
1550 1277 1606 1331 duo
1619 1281 1784 1348 argumenta
1794 1274 1914 1330 format:

213 1361 367 1418 Elibertino
391 1380 452 1418 can.
475 1368 517 1418 16.
552 1360 709 1417 Sardicensi
737 1378 761 1416 c.
789 1368 813 1418 2.
839 1367 868 1417 ιι
893 1358 1049 1432 Agathensi
1072 1364 1162 1434 primo
1185 1363 1253 1432 quia
1276 1364 1363 1418 etiam
1384 1366 1419 1419 ιιι
1438 1364 1567 1418 ἀιιιιπιι
1585 1363 1681 1431 apitur
1699 1361 1809 1417 inillis
1827 1378 1914 1416 cano-

213 1466 237 1504 ι.
262 1455 287 1505 2.
312 1456 336 1505 5.
362 1455 391 1504 ιι
415 1453 455 1503 50.
490 1447 587 1503 Poena
611 1453 705 1504 autem
729 1447 835 1504 clericis
854 1446 961 1502 inflicta
980 1445 1049 1501 haec
1073 1451 1162 1520 nibus,
1182 1452 1223 1505 ιιι
1240 1469 1310 1520 quos
1328 1467 1470 1520 nunquam
1486 1451 1621 1519 spectant
1638 1447 1836 1504 eucharistiam
1849 1464 1916 1503 con-

214 1541 287 1600 erat,
306 1536 384 1605 quod
402 1534 667 1588 communicantibus
684 1534 753 1588 aliis
772 1534 885 1588 clericis
903 1532 954 1587 sub
971 1538 1048 1585 utra·
1073 1538 1164 1600 ficere.
1205 1535 1428 1606 Respondemus:
1452 1535 1520 1609 quid
1547 1535 1626 1591 tum?
1646 1533 1769 1600 ,sufficit
1796 1531 1874 1605 quod
1896 1548 1917 1588 a

165 1614 169 1635 ¹
214 1639 266 1691 que
291 1620 384 1690 specie
410 1619 469 1690 apsi
487 1620 706 1688 prohiberemur
732 1639 751 1674 a
776 1620 866 1674 calice
883 1618 1006 1673 Domini
1023 1624 1049 1670 ιι
1074 1637 1188 1677 munere
1215 1621 1404 1678 ecclesiastico
1426 1622 1524 1677 remoti
1544 1627 1572 1679 et
1588 1621 1618 1676 in
1636 1621 1761 1677 ordinem
1776 1619 1917 1675 laieorum

213 1698 380 1777 urperentur
407 1721 466 1780 unc
492 1713 600 1759 tantum
624 1706 744 1775 speciem
768 1721 885 1759 sumere.
924 1703 1048 1773 Respon·
1073 1708 1179 1762 redacti
1206 1707 1323 1778 inerint,
1350 1708 1459 1764 etiamsi
1487 1714 1571 1763 antea
1594 1723 1650 1763 non
1680 1704 1916 1770 consecraverint,

215 1792 325 1848 demus:
355 1798 376 1847 l.
396 1795 524 1845 notamus
548 1790 796 1847 contradictionem
814 1792 844 1847 in
868 1789 1047 1844 Bellarmino.
1074 1793 1148 1849 adde
1173 1794 1246 1866 quod
1273 1793 1310 1849 ad
1329 1793 1459 1849 diaconos
1477 1793 1506 1848 in
1522 1792 1663 1865 primitiva
1681 1792 1799 1848 ecclesia
1818 1790 1916 1846 calicis

138 1940 140 1945 ,
215 1878 349 1951 Superius
381 1893 484 1950 magno
516 1883 619 1934 conatu
650 1877 892 1933 concomitantiam
926 1875 1048 1933 stabilire
1074 1879 1232 1936 distributio
1244 1879 1329 1936 ιιιιιι
1340 1880 1513 1952 pertinuerit,
1530 1884 1563 1933 ιι
1574 1878 1872 1950 intelligiturexapol.
1886 1881 1912 1935 2.

215 1965 304 2040 voluit
335 1972 423 2019 samm
453 1964 561 2019 scilicet
592 1963 734 2019 Cbristum
764 1981 824 2018 esse
852 1964 903 2017 sub
931 1971 1049 2032 unaque
1072 1966 1188 2022 Justini.
1224 1966 1351 2022 Alterum
1377 1967 1451 2037 qnod
1467 1965 1652 2022 Bellarminns
1669 1970 1766 2036 urget,
1793 1963 1916 2035 petitum

215 2052 306 2122 specie
330 2067 354 2105 c
375 2055 417 2108 21.
441 2056 529 2105 totam
552 2049 635 2104 etiam
659 2051 831 2105 remanenti
854 2050 993 2104 rationem
1018 2048 1050 2101 iu
1075 2058 1171 2108 estex
1194 2068 1300 2109 canone
1323 2052 1524 2109 sardicensia
1546 2051 1656 2107 ubitob
1681 2051 1801 2107 crimina
1828 2067 1915 2119 quae

216 2157 274 2193 una
296 2139 389 2208 specie
413 2137 576 2191 inuenirim
596 2141 638 2192 22.
663 2154 719 2211 ποι
740 2137 877 2206 mojorem
899 2124 1048 2189 utilitatem
1076 2141 1143 2193 dom
1162 2140 1298 2210 praviora
1320 2155 1355 2193 ne
1373 2139 1404 2193 in
1422 2146 1509 2194 morte
1527 2139 1640 2208 quidem
1660 2138 1737 2192 laica
1756 2136 1916 2192 communio

215 2224 290 2280 sumi
305 2241 338 2278 ec
356 2224 546 2281 communione
562 2222 612 2275 sub
630 2206 748 2297 meaque
768 2222 876 2291 specie,
894 2238 980 2293 mam
998 2221 1049 2273 sub
1075 2226 1241 2295 quibusdam
1263 2226 1444 2280 concedenda
1460 2225 1579 2293 dicitur,
1605 2233 1637 2279 at
1655 2243 1718 2280 cum
1734 2224 1821 2278 amur
1839 2241 1917 2278 com·

216 2329 291 2385 una,·
321 2294 394 2365 nibil
415 2308 577 2380 spiritualis
589 2309 709 2376 fructus
726 2309 793 2377 capi
810 2325 843 2362 ea
861 2309 971 2363 duabus
990 2325 1050 2377 spe·
1075 2312 1170 2366 munio
1188 2320 1313 2381 aeproto‚
1330 2312 1447 2382 idque'
1433 2330 1465 2365 sn
1481 2312 1595 2381 priuato
1614 2310 1751 2376 cubicula,
1769 2309 1852 2364 nulla
1868 2308 1914 2365 di·

216 2397 321 2465 ciebas,
341 2397 419 2468 prend
435 2413 492 2450 non
509 2394 642 2466 capiatur
660 2413 693 2448 ea
709 2412 768 2449 una
785 2411 810 2450 c
828 2400 868 2450 23.
887 2393 940 2449 hoo
957 2399 1050 2449 autem
1075 2398 1186 2453 :tinctio
1206 2405 1299 2468 potest
1322 2398 1419 2453 notari
1436 2399 1494 2453 loci
1512 2405 1561 2452 out
1579 2398 1712 2469 temporis
1730 2397 1804 2450 inter
1822 2396 1916 2451 ιιιιοι

217 2483 278 2539 loco
302 2480 411 2552 scribit,
435 2481 519 2535 unius
541 2480 646 2552 speciei
668 2499 749 2536 usum
766 2483 796 2535 in
813 2498 938 2551 poenam
955 2481 1051 2553 pravis
1077 2494 1103 2540 ιι
1126 2485 1252 2542 ιιιιιιοι.
1286 2484 1511 2558 Respondemus:
1533 2484 1648 2557 perinde
1677 2484 1730 2538 hoc
1754 2487 1812 2547 ιιι,
1837 2497 1872 2536 ιι
1891 2479 1917 2536 ιι

218 2571 342 2641 diesim
362 2569 466 2641 'delicti
491 2569 558 2622 olim
585 2567 696 2622 clericis
722 2567 896 2638 impositum,
924 2572 955 2622 at
980 2583 1051 2639 qnae
1077 2571 1196 2642 dicetur,
1227 2573 1338 2628 omnino
1364 2573 1584 2628 communionem
1608 2568 1823 2640 conrecipient
1851 2584 1917 2639 per·

218 2657 288 2716 haec
307 2671 405 2727 poena,
425 2653 449 2708 si
466 2670 529 2708 eum
547 2670 663 2724 corpore
681 2658 710 2707 et
719 2653 882 2725 sanguinem
896 2652 998 2708 Christi
1009 2669 1051 2706 ra·
1077 2658 1149 2713 fecte
1176 2656 1298 2713 abdicati
1324 2663 1353 2713 et
1378 2649 1617 2723 excommunicati,
1644 2662 1677 2711 ut
1702 2673 1737 2712 ne
1766 2654 1916 2731 morientes

218 2742 293 2821 tione
312 2739 543 2815 concomitantiae
560 2738 747 2812 acceperunt?
773 2745 798 2795 2.
813 2738 912 2794 Clerici
925 2739 976 2808 illi,
992 2740 1052 2811 qui·
1078 2743 1190 2819 quidem
1220 2743 1412 2800 communione
1442 2744 1521 2815 digni
1552 2750 1729 2810 censeantur,
1759 2747 1844 2812 atque
1873 2739 1917 2795 ita

219 2830 272 2885 bus
289 2844 396 2900 poenae
415 2825 477 2881 loco
495 2825 577 2879 unius
591 2824 695 2896 speciei
706 2842 786 2880 nsum
798 2825 956 2897 impositum
966 2826 1053 2881 fuisse
1078 2832 1152 2886 hunc
1170 2845 1302 2885 canonem
1320 2830 1433 2900 exponit
1449 2829 1598 2884 Balsamon
1615 2829 1645 2882 in
1657 2834 1802 2884 comment
1832 2825 1917 2891 Quod

218 2913 404 2993 Bellarminns
422 2911 502 2982 dicit,
521 2917 570 2967 aut
587 2909 701 2967 fuerunt
718 2911 913 2983 conficientes,
932 2919 1052 2968 autnon
1078 2918 1151 2973 enirn
1178 2933 1267 2973 ιιιοι
1293 2915 1465 2972 Sardicensis
1490 2913 1572 2980 dicit,
1600 2931 1634 2968 ne
1662 2916 1692 2968 in
1720 2915 1775 2981 fine
1802 2914 1918 2982 quidem

220 2999 404 3058 conficientes.
439 2996 521 3053 Prius
541 2996 598 3053 dici
616 2997 727 3069 nequit,
752 3000 819 3072 quia
837 3000 994 3070 sacrilepus
1012 3008 1052 3054 est
1079 3004 1184 3058 laicam
1202 3004 1421 3057 communionem
1438 3001 1588 3071 recipiant,
1606 2999 1635 3054 id
1653 3017 1743 3056 canon
1761 3006 1785 3056 b.
1806 2996 1919 3054 concilii

219 3089 354 3143 sacerdos
377 3087 567 3140 consecranda
586 3101 692 3154 panem
716 3094 741 3139 et
760 3105 817 3141 non
835 3088 936 3141 uinum.
973 3086 1053 3158 Caje·
1079 3089 1228 3146 ilerdensis
1258 3088 1311 3144 sub
1335 3087 1490 3144 Theodosio
1514 3086 1550 3144 de
1574 3086 1765 3142 sacerdotibus
1790 3084 1827 3139 ad
1853 3083 1917 3139 libi·

219 3165 302 3231 tanus
327 3173 356 3228 in
378 3178 450 3245 part
470 3177 494 3228 3.
509 3169 638 3244 Τιιοιιιι
655 3190 701 3245 qu.
720 3178 761 3230 80.
783 3179 833 3230 ars
851 3179 876 3231 2.
893 3180 987 3230 manet
1002 3173 1053 3245 igi·
1079 3177 1158 3232 dines
1180 3175 1380 3232 revertentibus
1405 3175 1521 3245 loquens
1541 3173 1582 3229 sie
1601 3173 1725 3245 exponit:
1751 3190 1808 3226 non
1826 3171 1918 3225 solum

220 3267 266 3319 tur
285 3261 437 3333 posterius,
457 3258 531 3331 quod
549 3254 654 3315 fuerint
671 3275 727 3314 non
744 3258 930 3316 conficientes.
965 3259 1054 3332 Atqui
1080 3263 1217 3333 dipnitcte
1241 3263 1334 3330 officii
1356 3269 1487 3330 careant,
1512 3262 1566 3315 sed
1587 3261 1672 3316 etiam
1699 3267 1828 3313 sanctam
1845 3276 1924 3314 com-⁷

221 3346 369 3406 concilium
404 3344 599 3402 'itidentinum
635 3345 751 3403 clericos
785 3362 841 3403 non
877 3345 1055 3403 conficientes
1080 3351 1237 3405 munionem
1255 3350 1314 3403 nisi
1331 3351 1362 3403 in
1378 3349 1452 3402 eaitu
1470 3367 1525 3402 non
1538 3348 1711 3416 percipiant
1746 3344 1920 3402 sardicensis

221 3429 310 3510 aeque
336 3441 369 3490 ut
393 3432 479 3512 laicos
503 3450 521 3511 a
544 3433 736 3500 communione
754 3433 806 3490 sub
824 3439 944 3506 utraque
962 3434 1055 3506 specie
1080 3437 1203 3508 synodus
1227 3452 1245 3490 a
1266 3434 1394 3507 patribus
1417 3433 1557 3489 orientalis
1581 3431 1715 3489 ecclesiae
1739 3436 1781 3488 est
1805 3447 1926 3504 congre.

222 3528 301 3580 arcet
320 3538 385 3578 sess.
405 3526 447 3580 21.
472 3537 496 3577 ι.
524 3526 548 3578 1.
577 3526 627 3576 ιιι
655 3537 722 3594 ergo
750 3521 942 3591 statuendum,
970 3537 1056 3595 grave
1081 3531 1155 3595 gata
1194 3521 1320 3594 Atqui'
1312 3539 1341 3576 m
1370 3521 1489 3577 ecclesia
1522 3520 1650 3576 orientali
1681 3518 1836 3574 communio
1865 3517 1921 3574 sub

223 3599 364 3682 quoddam
383 3599 515 3663 delictum
532 3605 646 3663 clericos
665 3624 760 3662 omnes
773 3607 924 3677 admisisse,
941 3615 1056 3680 propter
1080 3618 1198 3682 utraque
1223 3609 1317 3681 specie
1343 3609 1380 3664 ad
1403 3613 1499 3662 nostra
1521 3624 1608 3705 usqne
1633 3612 1759 3677 tempora
1775 3605 1921 3702 perdurat,

223 3696 298 3769 quod
325 3710 431 3766 poenae
457 3692 520 3766 loeo
544 3692 613 3748 illud
638 3693 678 3748 eis
701 3693 786 3750 fuerit
804 3694 979 3766 impositum
1007 3701 1057 3749 aut
1082 3695 1219 3768 quomodo
1237 3694 1323 3768 igitur
1339 3711 1389 3766 per
1406 3694 1626 3749 communionem
1644 3691 1744 3746 laicam
1761 3691 1844 3746 unius
1858 3706 1921 3763 spe-

221 3783 382 3855 negandum
409 3784 465 3848 est,
492 3779 711 3835 communionem
733 3779 834 3835 laicam
857 3781 965 3836 clericis
991 3781 1055 3835 olim
1082 3783 1135 3838 ciei
1153 3800 1219 3837 usus
1237 3780 1356 3852 intelligi
1375 3779 1487 3852 potest‘?
1523 3786 1546 3835 6.
1565 3779 1679 3833 Laicam
1697 3776 1921 3833 communionem

223 3867 381 3941 impositam
391 3864 477 3921 fuisse
488 3865 570 3921 unius
583 3863 686 3938 speciei
697 3864 923 3922 communionem.
943 3873 967 3924 ³.
979 3865 1056 3931 Quae
1083 3871 1123 3924 sic
1140 3867 1273 3924 describit
1289 3867 1482 3935 Bellarminns,
1504 3866 1585 3938 quod
1598 3864 1683 3920 fuerit
1702 3881 1748 3928 ιι,
1773 3881 1845 3934 quae
1864 3864 1919 3918 lai-

223 3955 289 4011 olim
311 3954 396 4010 inerit
424 3953 579 4008 communio
603 3952 690 4019 loica,
719 3968 753 4007 ex
774 3951 915 4008 veteribus
939 3952 1056 4024 intelligi
1084 3939 1125 4010 cis
1148 3954 1363 4025 permittebatur
1382 3954 1526 4021 tanpenda
1550 3960 1576 4006 ct
1601 3952 1687 4005 etiam
1704 3952 1871 4018 deserenda,
1896 3950 1924 4005 si

223 4046 323 4117 potest,
357 4037 498 4097 Pamelius
521 4039 550 4093 in
582 4038 655 4094 notis
679 4055 762 4111 super
789 4037 896 4109 epistol.
925 4038 1058 4111 Cypriani
1083 4043 1194 4099 sellem.
1236 4040 1307 4096 Sola
1331 4048 1424 4093 autem
1443 4039 1550 4108 species
1565 4038 1654 4108 panis
1673 4039 1798 4092 dabutur
1814 4038 1846 4089 in
1864 4053 1923 4090 ma·

223 4128 260 4184 sd
279 4126 470 4183 Antonianum
488 4132 529 4183 52.
549 4142 688 4197 exponens
708 4125 777 4181 haec
795 4125 889 4195 verba,
915 4133 946 4179 ut
966 4125 1058 4180 laicus
1085 4147 1146 4200 nus,
1166 4145 1199 4182 ee
1217 4128 1306 4181 calice
1323 4135 1414 4183 autem
1433 4126 1562 4179 bibebant
1579 4125 1629 4194 qui
1646 4124 1773 4179 uolebant
1791 4123 1821 4175 in
1840 4123 1924 4177 eccle·

224 4214 416 4284 communicet,
441 4213 482 4269 sic
501 4212 611 4268 scribit:
641 4213 760 4267 Lcioum
779 4212 983 4267 communicare
1002 4231 1058 4266 non
1085 4216 1145 4281 sin,
1167 4217 1219 4270 sed
1237 4232 1294 4268 non
1311 4213 1412 4267 licebat
1429 4212 1512 4265 laicis
1531 4210 1644 4264 calicem
1664 4219 1794 4278 tenpore,
1819 4212 1924 4264 nedum

224 4303 309 4359 uliud
333 4308 374 4354 ιιι
390 4302 527 4355 ueteribus
547 4316 631 4370 quam
647 4299 721 4354 inter
737 4298 827 4354 inicos
845 4299 1056 4354 communicare.
1084 4319 1177 4357 aecum
1212 4301 1336 4366 deferre.
1388 4297 1462 4354 Vide
1498 4295 1593 4367 Cyrill.
1628 4294 1764 4352 Hierosol.
1795 4294 1868 4349 cath
1899 4299 1925 4353 5.

227 4389 353 4444 Orabant
372 4394 465 4441 autem
478 4386 906 4440 etcommuniccbontilliectra
919 4386 1058 4440 cancellos
1085 4395 1204 4460 mystag.
1255 4385 1344 4458 Atqui
1373 4400 1407 4440 ex
1434 4383 1487 4437 hac
1520 4382 1704 4452 descriptione
1735 4381 1823 4436 laicae
1851 4396 1925 4435 corn·

223 4492 276 4546 per
293 4471 479 4528 ministerium
496 4473 702 4543 arcbidiaconi,
721 4473 773 4526 boc
785 4482 825 4527 est
843 4480 923 4527 satra
937 4473 1059 4541 ciorum,
1086 4473 1223 4529 munionis
1247 4472 1400 4544 colligitur,
1426 4469 1515 4540 primo
1538 4468 1613 4541 quod
1633 4468 1711 4523 laicis
1730 4484 1877 4522 concessus
1896 4472 1925 4524 et

123 4570 257 4618 ι.110.ἰιι
274 4561 358 4616 bodie
374 4559 522 4631 loquimur,
541 4576 624 4630 quam
636 4559 834 4630 expositionem
841 4556 958 4614 Pamelii
972 4558 1058 4614 mani·
1086 4560 1156 4616 liber
1171 4558 1256 4615 fuerit
1271 4557 1367 4613 calicis
1385 4554 1538 4611 consecrati
1556 4572 1632 4624 usus,
1651 4572 1669 4611 ι
1686 4572 1741 4627 quo
1758 4554 1787 4608 in
1805 4553 1924 4609 ecclesia

226 4647 297 4705 feste
318 4645 420 4719 probat
440 4637 466 4701 o.
483 4644 719 4702 convenientibus.
745 4652 767 4701 1.
790 4661 837 4715 qu.
856 4651 880 4702 7.
900 4661 933 4700 ιι
951 4651 976 4703 2.
995 4663 1058 4716 syn·
1086 4648 1212 4702 Romana
1230 4644 1314 4700 hodie
1335 4643 1448 4716 penitus
1468 4651 1610 4712 arcentur;
1637 4642 1738 4697 deinde
1758 4642 1832 4713 quod
1851 4640 1925 4698 laios

226 4734 280 4792 odo
305 4733 425 4802 Nicone,
452 4731 501 4787 ubi
526 4733 568 4786 cd
592 4733 696 4786 laicam
724 4731 941 4786 communionem
969 4735 1061 4802 recipi
1086 4733 1243 4789 communio
1271 4747 1378 4802 poenae
1402 4729 1465 4784 loco
1492 4729 1597 4785 clericis
1624 4729 1753 4800 imposita
1778 4744 1834 4782 non
1860 4744 1923 4799 pos·

228 4830 254 4877 et
272 4819 515 4876 administratione
530 4817 719 4872 ecclesiastica
735 4817 951 4888 prohiberiscse
965 4827 1058 4873 mutuo
1086 4821 1123 4875 sit
1139 4806 1184 4874 'de
1212 4818 1367 4872 necessario
1394 4815 1476 4870 unius
1502 4822 1610 4871 tantum
1637 4814 1739 4886 speciei
1764 4831 1817 4869 ιιι
1843 4812 1924 4870 intel·

227 4909 376 4979 replicant.
407 4904 504 4960 Canon
520 4902 636 4974 apostol
660 4909 699 4959 15.
719 4903 787 4958 facit
803 4903 968 4960 mentionem
986 4921 1058 4959 com·
1086 4905 1145 4978 ligi.
1189 4903 1301 4958 Etenim
1329 4901 1353 4956 si
1378 4901 1447 4956 haec
1473 4909 1515 4958 est
1542 4902 1697 4959 communio
1723 4900 1810 4965 laica,
1847 4899 1922 4972 quod

229 4984 367 5050 munionis
384 4991 482 5061 laicae,
501 4997 532 5046 ιι
551 4989 697 5045 concilium
717 4989 930 5045 Constantiense
947 4991 1059 5060 fatetur,
1086 4989 1151 5046 laici
1177 5006 1211 5044 ox
1236 4989 1323 5043 calice
1347 4987 1495 5058 bibebant,
1531 4989 1579 5062 qni
1605 4986 1754 5055 volebant,
1784 4986 1922 5058 quomodo

226 5079 395 5180 apostolicae
425 5085 454 5132 et
480 5073 637 5147 primitivae
664 5073 798 5132 ecelesiae
827 5080 973 5147 utramque
998 5093 1059 5149 spe·
1085 5096 1136 5149 per
1163 5076 1264 5132 laicam
1293 5075 1512 5132 communionem
1538 5071 1632 5131 clerici
1655 5088 1673 5127 a
1699 5072 1785 5127 calice
1807 5073 1922 5129 ιιιιιιιι

227 5167 298 5223 ciem
314 5164 345 5220 in
362 5156 535 5235 aspicisne,
560 5167 589 5218 ιι
610 5178 705 5218 omnes
727 5161 769 5215 illi
792 5178 912 5216 canones
931 5163 1059 5218 conmlio
1085 5161 1239 5237 prohibiti?

227 5268 302 5321 ram,
332 5249 381 5324 qui
404 5250 494 5307 laicae
520 5248 719 5323 communionis
748 5248 916 5304 mentionem
943 5248 1059 5318 faciunt,
1120 5255 1162 5304 65
1198 5246 1298 5303 Sextus
1320 5248 1405 5317 ritus,
1436 5263 1518 5318 quem
1545 5232 1731 5298 Bellarminns
1755 5251 1850 5317 urget,
1880 5252 1921 5298 eet
1935 5255 1960 5299 x

226 5357 260 5395 eo
280 5344 405 5416 tempore
427 5326 496 5392 editi
514 5324 593 5407 sunt,
614 5352 668 5408 quo
686 5351 780 5391 omnes
799 5333 895 5390 fideles
913 5341 1059 5408 utramque
1086 5336 1240 5390 communio
1263 5337 1571 5409 praesanctificatarum
1596 5331 1671 5401 apud
1697 5328 1819 5386 Graecos
1839 5310 1954 5387 certis
1934 5373 1971 5402 mu

227 5423 385 5507 speciem
362 5439 471 5483 sumere
489 5423 564 5480 soliti
581 5428 654 5494 sunt,
674 5420 748 5477 unde
768 5419 906 5492 Georgius
925 5421 1059 5478 Wicelius
1086 5420 1314 5494 quadragesimae
1333 5422 1432 5478 diebus
1450 5418 1567 5486 usitata,
1592 5414 1622 5470 in
1639 5434 1695 5489 qua
1713 5417 1773 5488 ipse
1792 5417 1921 5473 sacerdos
1933 5423 1971 5465 pn

227 5509 361 5599 scriptor
354 5494 519 5593 Pontificius
538 5504 637 5583 laicam
655 5507 874 5588 communionem
893 5507 964 5563 nibil
981 5508 1064 5595 ιιιιιι
1086 5507 1139 5566 ιιι)
1156 5524 1213 5565 ιιι
1229 5514 1337 5566 notum
1354 5507 1449 5581 specie
1466 5502 1660 5561 conmunicat.
1696 5503 1921 5577 Respondemus:
1934 5468 1971 5561 ιιι
