3998 6024
166 226 209 287 ιδ
760 220 886 283 Locus
903 217 1108 281 VIOESIMUS
1124 217 1268 283 sumna

169 392 226 431 non
242 375 366 440 suant
352 393 382 431 sn
402 338 599 445 spiritualibus
618 378 801 447 sequendum,
824 394 850 430 ιι
846 377 965 433 'melius
985 374 1018 458 “i
1030 382 1072 430 est
1096 374 1176 447 epist
1196 381 1236 431 66.
1262 392 1318 430 non
1335 374 1418 446 longe
1435 390 1452 430 a
1469 373 1571 447 princ:
1599 374 1727 431 Gravior
1744 394 1819 431 nurse
1840 380 1866 430 et

172 461 283 532 Spiritu
312 469 410 515 sancto
444 463 603 519 revelatum.
648 461 736 533 Epist
769 462 805 518 ad
839 462 1003 534 Pompejum
1026 463 1154 528 ferocior
1172 480 1270 532 pupna
1296 463 1432 531 imminet,
1460 465 1601 531 adquam
1618 464 1675 527 fide
1694 463 1864 535 incompta

174 563 229 600 non
254 545 337 619 longe
363 563 381 600 a
397 536 581 620 principiop.
603 552 666 604 333:
697 548 773 613 Quae
790 558 829 603 est
848 555 902 604 ista
920 550 1001 603 obsti-
1028 557 1054 603 et
1076 550 1175 603 virtute
1198 550 1313 603 robusta
1327 567 1435 619 parare
1459 567 1488 602 se
1513 550 1612 603 debent
1631 549 1734 604 maius
1756 548 1867 604 Christi

172 633 265 702 notio,
291 650 381 702 quare
400 636 574 702 praesumtio
593 635 743 689 numanam
761 617 941 690 traditionem
959 636 1001 689 di·
1028 637 1243 698 considerantes,
1263 637 1371 690 idcireo
1388 653 1418 688 se
1437 636 1563 704 quotidie
1583 635 1701 690 calicem
1714 636 1865 705 taupennis

170 719 252 772 rinae
270 720 451 789 dispositioni
467 729 644 790 anteponere,
661 738 712 775 nec
720 723 1001 790 animadverterem·
1028 719 1133 775 Christi
1158 722 1260 790 bibere,
1282 731 1313 775 ut
1327 722 1437 792 possint
1459 730 1485 775 et
1505 721 1563 789 ipsi
1575 730 1697 790 proptor
1719 719 1863 777 Christum

170 804 288 872 dipnari
314 813 341 859 et
366 792 455 858 irdsei
475 808 582 876 Deum,
608 807 714 875 quoties
733 807 831 859 divina
844 815 1000 876 praecepta
1026 809 1189 876 sanquinem
1212 809 1342 871 tendas.
1381 807 1460 862 Idem
1480 806 1524 862 vel
1543 806 1702 879 quicunque
1723 808 1796 864 alius
1814 824 1863 863 eu·

74 882 82 897 ⁸
168 890 251 944 solvit
270 898 295 944 et
307 891 446 959 praeterit
464 892 589 945 bumana
608 892 734 946 traditio.
753 909 780 962 p.
797 897 861 947 335:
883 893 999 946 Consue-
1026 900 1085 948 ctor
1103 911 1183 950 serm.
1208 894 1244 947 de
1263 910 1349 948 coena
1363 911 1391 963 p.
1414 899 1476 948 451:
1497 894 1581 946 Nora
1599 901 1640 946 est
1659 894 1745 963 liujus
1765 911 1863 948 saera-

169 978 237 1030 tudo
266 977 326 1032 sine
352 978 469 1032 veritate
492 971 615 1033 usitatas
639 980 745 1032 erroris
770 986 817 1034 est.
858 980 911 1042 Qui
935 996 999 1034 eon·
1026 981 1113 1033 menti
1136 981 1265 1033 doctrina
1288 988 1314 1033 et
1338 979 1451 1033 scholae
1475 979 1652 1048 evanpelicae
1671 979 1724 1033 hoc
1740 979 1864 1050 primum

169 1061 310 1118 suetudini
335 1068 442 1119 tantum
465 1065 594 1137 derogat,
627 1065 763 1136 quomodo
784 1065 832 1136 jus
851 1065 1000 1120 eommuni-
1026 1067 1215 1134 mapisteriun
1230 1065 1410 1135 protulerunt
1430 1074 1455 1118 st
1473 1066 1588 1118 doctore
1608 1063 1719 1120 Cisristo
1739 1066 1863 1135 prinusm

172 1149 287 1204 canonis
312 1166 345 1204 ex
362 1150 574 1217 consuetudine,
598 1167 653 1205 non
678 1159 770 1206 autem
788 1169 821 1206 ex
839 1151 941 1206 Christi
959 1152 1000 1206 in·
1026 1153 1092 1205 baec
1111 1153 1213 1205 mundo
1231 1152 1351 1204 innotuit
1369 1149 1536 1220 disciplina,
1560 1159 1590 1203 ut
1607 1151 1728 1204 biberent
1747 1152 1862 1220 sanqui-

171 1235 314 1290 stitutione
331 1235 424 1305 potius
444 1235 613 1291 arcesseret?
631 1236 739 1307 patebit
755 1235 807 1292 hoe
828 1238 999 1293 manifestius
1026 1255 1087 1290 nem
1100 1234 1264 1305 Christiani,
1283 1236 1365 1302 enjus
1382 1253 1462 1288 usum
1475 1236 1544 1303 lepis
1558 1236 1692 1306 antiquae
1705 1238 1864 1291 auctoritas

167 1336 200 1375 ex
228 1321 429 1391 sequentibus.)
466 1322 545 1375 Idem
562 1321 610 1376 lib.
631 1326 655 1376 2.
676 1322 755 1392 epist.
777 1330 800 1379 3.
821 1324 849 1376 in
866 1325 952 1394 princ.
972 1343 999 1395 p.
1026 1323 1233 1377 districtissime
1255 1321 1406 1375 interdicit.
1442 1323 1499 1375 Len
1525 1324 1629 1393 quippe
1655 1340 1736 1376 usum
1759 1341 1862 1394 caupu-

170 1412 218 1462 51:
244 1408 418 1477 &uniquam
435 1410 531 1476 sciam,
547 1411 648 1477 frater
669 1410 828 1474 carissime,
855 1412 999 1480 episcopos
1026 1410 1081 1462 ιἰιιι
1096 1410 1238 1479 probibet,
1255 1409 1428 1476 ecanpelium
1441 1410 1603 1479 praecipit,
1626 1417 1657 1465 ut
1677 1409 1788 1464 bibatur
1807 1416 1861 1466 ete.

167 1493 320 1563 plurimos,
339 1494 463 1548 ecclesiis
480 1495 639 1548 Dominicis
658 1496 688 1547 in
707 1504 764 1550 toto
781 1499 884 1549 mundo
901 1499 999 1552 divina
1026 1495 1155 1549 Bibimus
1183 1504 1275 1548 autem
1303 1497 1339 1547 de
1370 1495 1507 1562 sanquine
1532 1493 1640 1548 Christi
1664 1495 1727 1565 ipso
1750 1496 1862 1564 jubente

166 1579 331 1647 dipnatione
345 1581 537 1650 praepositos,
553 1581 730 1648 eoanpelicae
749 1583 923 1637 veritatisac
937 1586 998 1639 Do·
1025 1582 1099 1634 citae
1127 1590 1256 1634 aeternae
1282 1598 1343 1633 cum
1372 1581 1433 1649 ipso
1461 1589 1486 1633 et
1508 1598 1564 1650 per
1587 1581 1678 1650 ipsum
1694 1582 1862 1651 participes.

167 1665 286 1720 eunicae
318 1666 483 1719 traditionis
515 1673 607 1720 tenere
636 1668 788 1736 rationem,
816 1685 866 1721 nec
897 1670 931 1723 ab
958 1687 998 1733 eo,
1026 1666 1221 1735 (Bellsrminus
1250 1666 1367 1736 excipit,
1400 1665 1571 1736 Cyprianum
1603 1685 1658 1720 non
1683 1667 1735 1721 boc
1758 1670 1863 1737 dicere,
1876 1673 1920 1714 L'.

122 1780 125 1786 ·
166 1753 243 1824 quod
270 1750 398 1805 Christus
422 1752 556 1820 mapister
578 1760 604 1805 et
620 1754 768 1823 praecepit
787 1762 813 1807 et
831 1756 928 1824 pessit,
950 1756 998 1809 hu-
1025 1757 1102 1824 quod
1119 1753 1293 1822 coanpelium
1306 1753 1477 1821 praecipiat,
1494 1760 1525 1805 ut
1545 1752 1581 1805 ab
1599 1753 1724 1806 omnibus
1738 1755 1860 1824 bibatur,

166 1855 252 1892 mana
274 1844 300 1890 et
324 1838 435 1892 nocella
455 1838 628 1892 institutione
647 1840 800 1908 decedere;
823 1847 916 1894 tamen
934 1861 999 1912 quo·
1025 1843 1078 1894 sed
1099 1849 1206 1894 tontum
1231 1848 1261 1892 ut
1280 1839 1389 1892 bibatur
1395 1859 1406 1906 ,·
1429 1856 1516 1908 neque
1534 1839 1627 1908 ipsum
1643 1839 1699 1892 vim
1715 1841 1817 1903 facere
1835 1842 1864 1895 in

166 1925 244 1977 niam
269 1923 384 1993 quidam
400 1927 442 1977 uel
461 1924 637 1992 ipnoranter,
659 1925 702 1978 vel
723 1925 890 1994 simpliciter
907 1930 937 1980 in
954 1946 998 1982 ca
1027 1928 1144 1982 bibendo
1169 1927 1347 1994 sanquinem,
1371 1926 1423 1978 sed
1447 1932 1555 1978 tantum
1573 1927 1603 1977 in
1621 1927 1777 1995 sumendo,·
1801 1944 1864 1980 euni

166 2009 220 2064 ιίιι
249 2009 401 2064 Dominieo
428 2011 631 2078 sanctificando
659 2019 685 2064 et
706 2013 786 2081 plebi
811 2014 999 2069 ministrando
1025 2031 1090 2067 vero
1119 2013 1193 2066 sumi
1223 2012 1274 2065 sub
1302 2011 1393 2079 specie
1418 2011 1515 2081 panis.
1560 2009 1728 2082 Responsio:
1756 2029 1784 2087 p.
1802 2017 1863 2067 453.

165 2115 222 2152 non
249 2097 301 2150 boc
324 2096 449 2166 faciunt,
475 2099 553 2167 quod
569 2098 654 2151 Jesus
672 2096 799 2152 corbem
818 2102 958 2155 Dominus
976 2111 1001 2156 ct
1026 2097 1218 2170 subjungitur:
1260 2099 1320 2150 Nec
1346 2097 1422 2150 solos
1447 2098 1609 2151 sacerdotes
1633 2098 1675 2150 ad
1695 2115 1788 2167 panes
1814 2098 1864 2152 ltu·

168 2182 249 2236 Deus
272 2189 367 2235 nosln
390 2181 528 2253 sacrificii
549 2183 633 2253 liujus
656 2192 754 2237 auctor
771 2192 797 2237 ιι
817 2187 914 2241 doctor
932 2189 1001 2250 fecit
1021 2186 1073 2254 jus
1096 2183 1246 2255 dipnitatis
1263 2183 1403 2235 Leviticae
1419 2183 1782 2252 praeropatioandmittit,
1802 2185 1863 2237 uni·

168 2274 194 2320 et
219 2268 329 2336 donc,
354 2267 519 2336 relipiosum
534 2270 647 2338 pariter
665 2287 700 2324 ac
720 2273 905 2326 necessarium
923 2276 1000 2342 duri,
1026 2288 1107 2324 versa
1133 2268 1252 2322 ecclesia
1274 2269 1316 2320 ad
1331 2268 1383 2320 bas
1402 2269 1501 2338 epulas
1520 2269 1669 2337 invitatur,
1695 2286 1788 2338 aequa
1807 2288 1864 2327 om·

169 2354 205 2406 de
225 2353 382 2407 leocadie
405 2354 517 2408 litteras
534 2357 645 2422 facere,
662 2364 693 2409 ut
711 2356 739 2410 si
755 2359 817 2427 quis
834 2356 871 2411 in¹
884 2360 938 2415 isto
958 2378 999 2414 er·
1026 2357 1107 2409 nibus
1132 2354 1228 2424 portio
1258 2355 1359 2421 datur,
1387 2353 1494 2422 inteper
1520 2363 1668 2424 cropatur,
1696 2357 1865 2409 distributus

169 2457 234 2494 rore
254 2441 347 2494 adhuc
360 2447 494 2509 teneatur,
511 2441 641 2495 ιιιιιαιιι
659 2442 719 2496 luce
733 2453 887 2514 perspecta
903 2448 1001 2500 adra·
1027 2461 1082 2497 non
1108 2442 1316 2496 dimembratur.
1362 2439 1500 2511 Loquitur
1525 2457 1592 2513 ergo
1618 2442 1653 2497 de
1670 2443 1865 2498 communione

171 2528 261 2581 dicem
278 2535 306 2582 et
324 2527 461 2596 oripinem
478 2527 643 2582 traditionis
654 2531 1000 2590 Dominicoereuertatur.
1026 2529 1111 2585 totius
1144 2526 1291 2594 ecelesiae,
1327 2527 1364 2579 sd
1395 2542 1477 2598 quam
1507 2528 1591 2582 etism
1621 2526 1684 2582 lsici
1713 2531 1864 2600 pertinent,

168 2611 237 2684 Peg.
251 2620 300 2668 54:
324 2612 357 2666 Si
375 2619 400 2665 ct
421 2614 575 2667 aDomino
591 2616 771 2684 praecepitur
789 2619 1000 2689 etabapostolo
1027 2635 1053 2686 p.
1074 2621 1140 2670 452:
1168 2615 1296 2666 Bibimns
1315 2615 1351 2666 de
1371 2614 1480 2668 Obrssti
1495 2615 1632 2683 sanquine
1650 2616 1714 2684 ipso
1736 2616 1861 2685 jubente,

166 2699 218 2752 boc
240 2700 314 2752 idem
340 2699 521 2763 confirmatur
546 2707 572 2752 et
590 2701 723 2763 traditur,
743 2710 771 2753 ιιι
790 2704 1001 2773 quotiescunque
1027 2704 1101 2774 quod
1127 2701 1213 2772 probe
1238 2699 1411 2769 notandum.)
1455 2700 1533 2754 Idem
1558 2717 1637 2756 serm.
1664 2709 1686 2756 5.
1711 2700 1747 2757 de
1772 2702 1861 2774 lapsis

166 2784 332 2852 biberimra,
350 2784 380 2837 in
398 2785 684 2841 commemorationem
702 2787 823 2840 Domini
840 2788 891 2842 lsoc
907 2789 1000 2854 facia
1027 2806 1053 2858 p.
1075 2793 1133 2843 226.
1163 2786 1248 2841 refert
1265 2785 1408 2841 historiam
1425 2787 1460 2842 de
1478 2787 1572 2859 puelle
1588 2786 1658 2842 cibis
1674 2786 1859 2844 idololatrIcis

166 2888 241 2936 mus,
271 2872 348 2940 quod
366 2871 438 2936 fecit
462 2879 489 2924 et
505 2871 659 2934 Dominus,
691 2871 845 2927 invenimur
876 2891 931 2927 non
955 2876 999 2928 ob·
1026 2872 1166 2927 adhibita:
1190 2874 1283 2941 Haec,
1306 2872 1411 2944 inquit,
1432 2874 1519 2925 mista
1543 2891 1605 2927 cum
1629 2875 1736 2928 sanctis
1759 2877 1861 2945 precis

165 2957 276 3012 servari
300 2974 319 3009 a
345 2956 426 3011 nobis
450 2959 527 3026 quod
552 2958 717 3012 mandatum
740 2965 794 3028 est,
821 2960 880 3013 nisi
902 2963 1000 3015 eadem
1026 2969 1138 3013 nostrae
1155 2967 1180 3013 et
1198 2959 1336 3013 orationes
1355 2960 1506 3028 impatiens
1522 2978 1595 3013 nunc
1606 2960 1727 3030 ploratu
1739 2964 1861 3030 commui,

167 3060 241 3116 quae
265 3043 408 3098 Dominus
429 3043 520 3109 fecs't,
556 3062 608 3098 nos
638 3061 747 3116 quoque
776 3047 920 3111 faciamus
949 3055 1001 3105 etc.
1024 3063 1097 3100 nunc
1115 3046 1215 3099 mentis
1236 3053 1315 3099 aestu
1333 3047 1422 3114 coepit
1435 3047 1643 3116 fluctuabunda
1656 3050 1772 3116 jactari
1786 3050 1863 3103 ndat

167 3129 237 3204 Peg.
245 3135 290 3186 66:
307 3129 400 3184 Since
410 3129 528 3183 minima
540 3131 575 3183 de
587 3132 731 3185 mansdatis
740 3132 801 3185 Dei
812 3132 1001 3204 licetsolcere,
1025 3140 1131 3186 tortore
1149 3138 1266 3202 copente,
1286 3133 1386 3200 quibus
1399 3141 1514 3202 poterat
1533 3133 1649 3187 indiciis
1663 3135 1864 3189 conscimtiam

168 3225 273 3290 quanto
300 3218 391 3288 mapis
416 3224 474 3271 lam
494 3235 611 3290 mapna,
634 3225 691 3273 lam
709 3220 834 3289 prandia
851 3222 999 3291 adipsum
1024 3220 1100 3284 facti
1139 3219 1169 3272 in
1208 3218 1382 3288 simplicibus
1412 3220 1506 3272 adbuc
1538 3221 1623 3273 annis
1650 3221 1734 3274 rudis
1765 3223 1864 3276 anima

166 3304 336 3362 Dominieae
355 3303 501 3376 passionis
526 3311 552 3359 et
569 3312 683 3360 nostrae
700 3307 883 3361 redemtionis
904 3326 1001 3363 sacra·
1024 3307 1176 3369 fatebatur.
1217 3305 1270 3359 Ubi
1286 3322 1351 3360 vero
1370 3307 1583 3360 solennitatibus
1601 3307 1724 3376 impletis
1744 3308 1864 3362 calicem

164 3401 284 3449 mentum
304 3392 475 3463 pertinentia
493 3393 549 3460 sas
573 3412 629 3448 non
647 3401 688 3447 est
703 3394 877 3464 infrinpere,
902 3397 1000 3449 autin
1026 3393 1164 3445 diaconus
1191 3393 1291 3460 offerre
1311 3394 1508 3461 praesentibus
1535 3393 1624 3463 coepit
1650 3403 1675 3446 et
1699 3394 1864 3464 accipienti·

166 3482 258 3546 aliud,
278 3497 363 3549 quam
380 3481 459 3548 quod
476 3479 611 3533 divinitus
629 3482 784 3535 institutum
802 3483 853 3551 sit,
876 3483 1000 3536 bumana
1027 3479 1076 3533 bus
1095 3480 1192 3531 ceteris
1216 3486 1308 3532 certus
1327 3479 1404 3532 locus
1423 3480 1485 3548 ejus
1504 3483 1633 3542 aduenit,
1656 3481 1762 3541 faciem
1779 3497 1864 3536 eriam

166 3567 320 3620 traditione
340 3572 453 3618 mutare.
491 3563 685 3633 (Bellsrminus
698 3567 807 3637 excipit,
827 3566 999 3637 Cyprianum
1022 3565 1147 3636 pannea
1165 3566 1297 3618 instinctu
1315 3566 1429 3618 divinae
1447 3565 1605 3632 majestatis
1625 3575 1756 3631 avectae,
1775 3585 1807 3620 os
1820 3568 1864 3622 la·

166 3670 222 3706 non
249 3667 333 3719 apere
357 3651 408 3704 boc
433 3651 509 3718 loco,
535 3670 573 3703 un
597 3659 726 3719 oporteat
745 3653 861 3707 calicem
883 3655 1001 3708 Domini
1028 3654 1081 3706 biis
1102 3652 1294 3705 obturantibus
1309 3667 1455 3722 premere,
1476 3652 1593 3705 calicem
1616 3670 1755 3706 recessere.
1794 3655 1864 3708 Per·

160 3738 271 3807 populo
288 3736 441 3806 praebere,
465 3754 503 3788 on
522 3754 592 3805 non,
617 3739 669 3789 sed
686 3746 790 3792 tantum
809 3747 853 3808 ut,
877 3741 904 3793 si
919 3742 999 3794 mini·
1025 3740 1096 3793 stitit
1127 3746 1216 3791 tamen
1244 3738 1381 3790 diaconus
1405 3745 1432 3790 et
1456 3737 1608 3791 reluctanti
1631 3740 1695 3791 licet
1714 3741 1749 3792 de
1765 3756 1865 3793 sacra

165 3832 268 3879 stretur
297 3841 329 3876 en
355 3822 420 3875 vino
443 3822 541 3886 inesto,
571 3840 627 3876 non
653 3840 684 3876 er
711 3842 786 3893 aqua
806 3826 870 3878 sola
887 3834 998 3880 constet.
1028 3834 1116 3879 mento
1141 3825 1241 3878 calicis
1260 3824 1369 3885 intisdit
1389 3830 1441 3877 etc.
1476 3824 1563 3879 Recte
1583 3842 1649 3897 ergo
1664 3824 1723 3881 Biel
1741 3824 1804 3880 leet.
1820 3830 1863 3881 84.

165 3908 334 3980 Responsio:
353 3908 424 3963 bene
442 3914 492 3972 est,
511 3908 637 3978 disputat
655 3915 768 3964 sanctus
787 3917 893 3983 martyr
904 3919 1000 3967 contra
1027 3914 1055 3967 in
1082 3928 1141 3967 can.
1168 3909 1209 3964 lit.
1233 3908 1266 3964 R.
1293 3909 1435 3979 agnomb,
1461 3910 1680 3964 communionem
1705 3910 1757 3964 sub
1788 3917 1864 3967 uns-

165 3996 319 4068 Aquerios,
355 3994 457 4067 quibus
490 3995 606 4065 opponit
638 3995 838 4051 institutionem
871 3998 999 4054 divinam.
1027 4016 1081 4070 que
1110 4006 1234 4068 tempore
1263 3994 1397 4067 Cypriani
1421 3996 1450 4049 in
1474 3995 1593 4050 ecclesis
1613 3997 1700 4052 fuisse
1723 3998 1865 4056 usitatam.

166 4083 371 4155 Argumentum
398 4080 468 4135 illud
493 4080 605 4135 tertium
629 4081 686 4137 sive
710 4082 831 4137 medium
852 4085 999 4138 terminum
1026 4085 1163 4155 Loquitur
1196 4084 1244 4138 elle
1273 4090 1387 4135 sanctus
1415 4080 1528 4152 (inquit)
1548 4083 1635 4150 justa
1663 4101 1767 4137 morem
1795 4103 1866 4139 sesae

166 4170 250 4226 etiam
276 4187 326 4224 nos
349 4166 514 4239 opponimus
533 4166 688 4222 Pontificiis
708 4185 788 4222 usum
805 4168 900 4223 calicis
918 4171 999 4240 plene
1027 4172 1174 4234 ecclesiae,
1211 4170 1240 4222 in
1268 4185 1325 4237 qua
1354 4169 1414 4237 ipse
1438 4170 1600 4238 praesedit,
1640 4171 1670 4223 in
1701 4189 1758 4240 qua
1782 4173 1865 4236 forte

167 4254 370 4329 denegantibus
405 4254 507 4326 populo
539 4253 703 4310 Christiane.
752 4255 867 4326 Regerit
895 4256 1001 4310 Beller-
1028 4267 1148 4327 tompore
1178 4273 1229 4309 sue
1256 4254 1476 4325 particulariter
1510 4255 1598 4323 oipuit
1628 4258 1783 4311 communio
1815 4259 1865 4311 rub

168 4346 273 4412 minus,
298 4344 378 4409 illos,
407 4343 458 4411 qui
479 4344 549 4394 dant
576 4342 666 4396 solam
684 4360 800 4411 aquam,
825 4360 1002 4413 eorrumpere
1028 4352 1146 4414 utraque
1178 4343 1285 4412 specie,
1327 4358 1411 4410 quam
1454 4341 1504 4394 sub
1547 4344 1657 4397 nomine
1700 4343 1800 4398 calicis
1839 4352 1865 4398 et

167 4437 374 4486 sacramentum
397 4429 510 4498 Christi,
529 4429 597 4497 quia
618 4435 725 4482 mutant
743 4430 892 4482 materiam
911 4439 936 4483 et
948 4447 1000 4499 po·
1027 4432 1172 4498 sanquinie
1196 4429 1347 4498 repressit,
1385 4428 1453 4497 quia
1472 4428 1522 4481 sub
1540 4430 1595 4483 illa
1612 4432 1704 4500 specie
1721 4431 1753 4493 fit
1772 4431 1863 4484 mani·

164 4520 265 4591 pulum
286 4517 445 4586 decipiunt,
469 4515 516 4569 cui
528 4533 586 4584 pro
603 4515 740 4585 sanpuine
758 4517 879 4569 Domini
897 4533 1001 4570 meram
1027 4519 1130 4583 festior
1156 4514 1377 4585 repraesentatio
1403 4515 1545 4584 effusionis
1574 4517 1720 4587 sanquinis
1748 4514 1863 4585 omitti,

70 4597 92 4619 '⁴
168 4623 271 4677 aqssam
287 4604 413 4658 tribuant
430 4608 457 4655 ct
468 4609 599 4671 pupnant
617 4620 679 4655 cum
700 4603 819 4656 Domini
831 4612 1002 4673 praecepto.-
1029 4622 1061 4659 en
1084 4605 1165 4674 cujus
1189 4603 1323 4656 memoria
1346 4602 1491 4655 animatur
1516 4603 1597 4656 bomo
1624 4605 1665 4657 ad
1686 4604 1864 4671 martyrium.

169 4693 220 4747 lsoc
245 4692 344 4759 facite
381 4690 421 4741 At
442 4687 580 4758 praebere
601 4688 711 4758 populo
737 4688 935 4743 eucharistiam
952 4691 1001 4743 sub
1030 4691 1107 4746 Idem
1126 4687 1363 4761 agnoscitEecius
1383 4686 1475 4743 homil.
1490 4694 1532 4745 3³.
1552 4689 1587 4745 de
1604 4689 1741 4745 sumbone
1761 4690 1862 4745 eucha-

168 4797 226 4833 unn
243 4778 336 4849 speeie
360 4774 469 4829 nullum
496 4774 688 4842 sanirpinm,
723 4774 832 4828 nullom
857 4777 1001 4844 fraudem,
1028 4779 1128 4832 ristiae.
1173 4772 1343 4829 Athanasius
1370 4772 1442 4844 spol.
1463 4780 1485 4830 2.
1511 4782 1581 4832 cont.
1608 4776 1726 4831 Arianos
1752 4782 1819 4832 tem.
1840 4783 1863 4832 l.
1877 4793 1920 4832 ssu

170 4867 276 4921 nullius
302 4862 453 4936 praecepti
476 4861 748 4928 praevaricationem
777 4863 905 4915 continet.
950 4862 1002 4918 Re-
1028 4882 1054 4935 p.
1075 4869 1139 4919 569:
1159 4863 1312 4930 Mpstieum
1327 4862 1471 4929 poculum,
1490 4865 1567 4932 quod
1585 4864 1702 4932 impium
1719 4880 1781 4917 eum
1797 4865 1863 4918 red·

171 4952 294 5023 sponsio:
320 4952 376 5005 im0
395 4963 459 5004 vero
478 4947 526 5018 qui
545 4946 639 5002 eaIIcis
659 4964 739 5001 usum
760 4946 899 5019 denegent
916 4948 1002 5017 laicis,
1029 4952 1085 5019 dit,
1108 4949 1159 5020 qui
1181 4949 1214 5001 id
1231 4949 1306 5002 ultro
1323 4948 1446 5016 franpit,
1465 4966 1601 5018 nusquam
1622 4949 1680 5001 nisi
1697 4951 1777 5018 apud
1796 4949 1864 5018 lepi-

174 5045 194 5094 1.
211 5046 318 5109 partem
337 5035 510 5091 materialem
526 5033 611 5105 plane
628 5032 737 5103 tollunt,
757 5036 833 5106 quod
850 5037 1001 5091 mutatione
1028 5037 1109 5090 timos
1132 5035 1266 5089 ecciesiae
1286 5033 1436 5102 praesules
1454 5033 1587 5089 invenias.
1623 5035 1680 5088 Hic
1699 5036 1771 5089 enim
1791 5052 1865 5088 anses

170 5125 295 5196 gravium
328 5131 350 5180 2.
372 5122 503 5196 poculum
522 5119 681 5188 ablutionis,
700 5119 753 5174 hoe
772 5128 815 5175 est
835 5121 929 5176 vinum
946 5138 1002 5176 non
1028 5142 1094 5177 usus
1121 5129 1162 5175 est
1180 5120 1278 5174 calicis
1295 5128 1323 5173 et
1336 5128 1455 5188 practer
1471 5137 1532 5174 eum
1550 5120 1626 5174 alius
1645 5122 1755 5189 nullus,
1778 5138 1864 5191 eoque

170 5217 376 5277 consecratum,
398 5210 459 5265 loco
486 5206 580 5263 culicis
603 5205 778 5262 eucharistIci
796 5209 902 5280 populo
923 5225 1002 5279 prae·
1027 5209 1089 5263 solo
1120 5225 1169 5262 ros
1200 5207 1324 5276 lepitimo
1348 5208 1407 5261 ritu
1432 5207 1593 5277 propinatis
1613 5210 1724 5277 populo
1750 5225 1864 5277 eamque

169 5298 239 5353 beut
264 5296 359 5366 sicque
383 5314 445 5351 eum
464 5294 615 5361 deludunt3
656 5298 679 5348 3.
705 5301 792 5365 agunt
812 5304 907 5351 contra
923 5295 1000 5351 Chri·
1028 5312 1076 5348 cos
1094 5312 1113 5350 a
1132 5309 1237 5348 canone
1259 5293 1450 5347 eccbsiastico
1471 5294 1630 5391 qccepistis,
1650 5296 1779 5364 idemque
1792 5297 1864 5349 dun·

170 5385 205 5438 sti
225 5388 415 5454 praeceptum:
439 5383 546 5451 Bibite,
566 5382 617 5435 boe
634 5381 740 5447 facite,
758 5389 790 5435 ut
808 5384 934 5453 superius
954 5384 1000 5437 de·
1027 5390 1105 5435 tanat
1120 5397 1205 5450 perses
1223 5398 1270 5434 eos
1289 5381 1415 5446 nubetur,
1435 5379 1485 5447 qui
1502 5380 1627 5434 ισιιιιιιι
1639 5389 1788 5449 praesuret.
1808 5381 1862 5452 Gy-
1875 5386 1920 5438 cn

170 5474 352 5525 monstratum
377 5467 449 5538 fuit)
497 5469 574 5524 Idem
598 5466 646 5523 lib.
672 5474 697 5523 4.
720 5468 800 5538 epist.
824 5474 848 5524 6.
872 5469 901 5523 in
918 5486 998 5524 num.
1025 5468 1101 5523 tillus
1125 5465 1391 5538 Hierosolymitsnus
1409 5464 1515 5520 catech.
1533 5473 1655 5536 mystt.
1678 5467 1715 5521 ad
1738 5468 1863 5528 cateche
1855 5489 1920 5543 ,ῃ

1125 5596 1141 5631 Ἰ
