<?xml version="1.0" encoding="UTF-8"?>
<!DOCTYPE html PUBLIC "-//W3C//DTD XHTML 1.0 Transitional//EN"
    "http://www.w3.org/TR/xhtml1/DTD/xhtml1-transitional.dtd">
<html xmlns="http://www.w3.org/1999/xhtml" xml:lang="en" lang="en">
 <head>
  <title>
</title>
<meta http-equiv="Content-Type" content="text/html;charset=utf-8" />
  <meta name='ocr-system' content='tesseract 3.04.00' />
  <meta name='ocr-capabilities' content='ocr_page ocr_carea ocr_par ocr_line ocrx_word'/>
</head>
<body>
  <div class='ocr_page' id='page_1' title='image "./lta-11000/locitheologicit03gerhgoog/locitheologicit03gerhgoog_0228.png"; bbox 0 0 4004 6022; ppageno 0'>
   <div class='ocr_carea' id='block_1_1' title="bbox 758 216 1774 290">
    <p class='ocr_par' dir='ltr' id='par_1_1' title="bbox 758 216 1774 290">
     <span class='ocr_line' id='line_1_1' title="bbox 758 216 1774 290; baseline -0.007 -13"><span class='ocrx_word' id='word_1_1' title='bbox 758 218 811 277; x_wconf 74' lang='lat' dir='ltr'><strong>DE</strong></span> <span class='ocrx_word' id='word_1_2' title='bbox 830 216 955 278; x_wconf 72' lang='lat' dir='ltr'>SAGBA</span> <span class='ocrx_word' id='word_1_3' title='bbox 971 217 1109 281; x_wconf 70' lang='lat' dir='ltr'>OOENA.</span> <span class='ocrx_word' id='word_1_4' title='bbox 1132 238 1135 255; x_wconf 89' lang='lat'>·</span> <span class='ocrx_word' id='word_1_5' title='bbox 1713 230 1774 290; x_wconf 72' lang='lat' dir='ltr'><strong>m</strong></span> 
     </span>
    </p>
   </div>
   <div class='ocr_carea' id='block_1_2' title="bbox 71 369 1878 5025">
    <p class='ocr_par' dir='ltr' id='par_1_2' title="bbox 71 369 1878 5025">
     <span class='ocr_line' id='line_1_2' title="bbox 71 369 1779 447; baseline 0.001 -18"><span class='ocrx_word' id='word_1_6' title='bbox 71 372 144 431; x_wconf 75' lang='lat' dir='ltr'><strong>sire</strong></span> <span class='ocrx_word' id='word_1_7' title='bbox 159 369 382 429; x_wconf 71' lang='lat' dir='ltr'><strong>etflcdesiinus</strong></span> <span class='ocrx_word' id='word_1_8' title='bbox 398 371 527 444; x_wconf 79' lang='lat' dir='ltr'><strong>loquitur,</strong></span> <span class='ocrx_word' id='word_1_9' title='bbox 544 375 696 430; x_wconf 53' lang='lat' dir='ltr'><strong>scium&amp;</strong></span> <span class='ocrx_word' id='word_1_10' title='bbox 709 377 792 447; x_wconf 73' lang='lat' dir='ltr'><strong>justa</strong></span> <span class='ocrx_word' id='word_1_11' title='bbox 809 382 917 431; x_wconf 67' lang='lat' dir='ltr'><strong>senun-</strong></span> <span class='ocrx_word' id='word_1_12' title='bbox 944 377 1116 434; x_wconf 52' lang='lat' dir='ltr'><strong>sacham</strong></span> <span class='ocrx_word' id='word_1_13' title='bbox 1149 384 1342 435; x_wconf 63' lang='lat' dir='ltr'><strong>mmmm</strong></span> <span class='ocrx_word' id='word_1_14' title='bbox 1375 384 1406 432; x_wconf 80' lang='lat' dir='ltr'><strong>at</strong></span> <span class='ocrx_word' id='word_1_15' title='bbox 1439 393 1529 431; x_wconf 77' lang='lat' dir='ltr'><strong>caeso</strong></span> <span class='ocrx_word' id='word_1_16' title='bbox 1556 376 1779 431; x_wconf 71' lang='lat' dir='ltr'><strong>iueumentsiis</strong></span> 
     </span>
     <span class='ocr_line' id='line_1_3' title="bbox 72 457 1779 534; baseline 0.001 -18"><span class='ocrx_word' id='word_1_17' title='bbox 72 460 133 516; x_wconf 71' lang='lat' dir='ltr'><strong>tia</strong></span> <span class='ocrx_word' id='word_1_18' title='bbox 173 458 236 515; x_wconf 81' lang='lat' dir='ltr'><strong>Hoc</strong></span> <span class='ocrx_word' id='word_1_19' title='bbox 261 472 345 512; x_wconf 77' lang='lat' dir='ltr'><strong>semu</strong></span> <span class='ocrx_word' id='word_1_20' title='bbox 370 457 552 517; x_wconf 57' lang='lat' dir='ltr'><strong>suolmam</strong></span> <span class='ocrx_word' id='word_1_21' title='bbox 579 461 716 516; x_wconf 88' lang='lat' dir='ltr'><strong>institutio</strong></span> <span class='ocrx_word' id='word_1_22' title='bbox 745 460 801 517; x_wconf 88' lang='lat' dir='ltr'><strong>dici</strong></span> <span class='ocrx_word' id='word_1_23' title='bbox 826 467 919 533; x_wconf 86' lang='lat' dir='ltr'><strong>potest</strong></span> <span class='ocrx_word' id='word_1_24' title='bbox 944 464 1136 534; x_wconf 78' lang='lat' dir='ltr'><strong>applicandas</strong></span> <span class='ocrx_word' id='word_1_25' title='bbox 1159 465 1338 532; x_wconf 58' lang='lat' dir='ltr'><strong>arsames,</strong></span> <span class='ocrx_word' id='word_1_26' title='bbox 1368 471 1424 518; x_wconf 79' lang='lat' dir='ltr'><strong>erm</strong></span> <span class='ocrx_word' id='word_1_27' title='bbox 1448 464 1650 534; x_wconf 80' lang='lat' dir='ltr'><strong>respondemus</strong></span> <span class='ocrx_word' id='word_1_28' title='bbox 1677 461 1779 534; x_wconf 86' lang='lat' dir='ltr'><strong>(inquit</strong></span> 
     </span>
     <span class='ocr_line' id='line_1_4' title="bbox 75 544 1779 622; baseline 0.001 -20"><span class='ocrx_word' id='word_1_29' title='bbox 75 544 185 602; x_wconf 84' lang='lat' dir='ltr'><strong>christi</strong></span> <span class='ocrx_word' id='word_1_30' title='bbox 205 548 416 613; x_wconf 60' lang='lat' dir='ltr'><strong>manentum,</strong></span> <span class='ocrx_word' id='word_1_31' title='bbox 441 545 508 618; x_wconf 83' lang='lat' dir='ltr'><strong>quia</strong></span> <span class='ocrx_word' id='word_1_32' title='bbox 525 545 651 603; x_wconf 72' lang='lat' dir='ltr'><strong>cinctus</strong></span> <span class='ocrx_word' id='word_1_33' title='bbox 676 548 705 603; x_wconf 90' lang='lat' dir='ltr'><strong>in</strong></span> <span class='ocrx_word' id='word_1_34' title='bbox 727 548 811 619; x_wconf 84' lang='lat' dir='ltr'><strong>hujus</strong></span> <span class='ocrx_word' id='word_1_35' title='bbox 828 564 919 603; x_wconf 81' lang='lat' dir='ltr'><strong>sacra·</strong></span> <span class='ocrx_word' id='word_1_36' title='bbox 944 549 1153 622; x_wconf 83' lang='lat' dir='ltr'><strong>Bellarminus),</strong></span> <span class='ocrx_word' id='word_1_37' title='bbox 1176 568 1235 608; x_wconf 86' lang='lat' dir='ltr'><strong>esse</strong></span> <span class='ocrx_word' id='word_1_38' title='bbox 1264 552 1376 621; x_wconf 77' lang='lat' dir='ltr'><strong>quidem</strong></span> <span class='ocrx_word' id='word_1_39' title='bbox 1401 550 1601 604; x_wconf 72' lang='lat' dir='ltr'><strong>eucharistiam</strong></span> <span class='ocrx_word' id='word_1_40' title='bbox 1624 550 1709 604; x_wconf 86' lang='lat' dir='ltr'><strong>etiam</strong></span> <span class='ocrx_word' id='word_1_41' title='bbox 1727 550 1779 604; x_wconf 76' lang='lat' dir='ltr'><strong>icc</strong></span> 
     </span>
     <span class='ocr_line' id='line_1_5' title="bbox 76 629 1779 707; baseline 0.001 -18"><span class='ocrx_word' id='word_1_42' title='bbox 76 632 169 689; x_wconf 87' lang='lat' dir='ltr'><strong>menti</strong></span> <span class='ocrx_word' id='word_1_43' title='bbox 195 629 368 686; x_wconf 70' lang='lat' dir='ltr'><strong>intitudonc</strong></span> <span class='ocrx_word' id='word_1_44' title='bbox 395 631 479 702; x_wconf 82' lang='lat' dir='ltr'><strong>paulo</strong></span> <span class='ocrx_word' id='word_1_45' title='bbox 506 641 572 687; x_wconf 86' lang='lat' dir='ltr'><strong>ante</strong></span> <span class='ocrx_word' id='word_1_46' title='bbox 597 639 713 690; x_wconf 71' lang='lat' dir='ltr'><strong>mormm</strong></span> <span class='ocrx_word' id='word_1_47' title='bbox 739 650 818 707; x_wconf 81' lang='lat' dir='ltr'><strong>suam</strong></span> <span class='ocrx_word' id='word_1_48' title='bbox 845 633 920 688; x_wconf 88' lang='lat' dir='ltr'><strong>iacta</strong></span> <span class='ocrx_word' id='word_1_49' title='bbox 945 639 1029 692; x_wconf 80' lang='lat' dir='ltr'><strong>modo</strong></span> <span class='ocrx_word' id='word_1_50' title='bbox 1058 645 1262 705; x_wconf 73' lang='lat' dir='ltr'><strong>testamentum,</strong></span> <span class='ocrx_word' id='word_1_51' title='bbox 1300 638 1353 691; x_wconf 82' lang='lat' dir='ltr'><strong>sed</strong></span> <span class='ocrx_word' id='word_1_52' title='bbox 1384 636 1531 706; x_wconf 81' lang='lat' dir='ltr'><strong>applicari</strong></span> <span class='ocrx_word' id='word_1_53' title='bbox 1555 652 1610 706; x_wconf 86' lang='lat' dir='ltr'><strong>per</strong></span> <span class='ocrx_word' id='word_1_54' title='bbox 1641 651 1703 689; x_wconf 86' lang='lat' dir='ltr'><strong>sam</strong></span> <span class='ocrx_word' id='word_1_55' title='bbox 1733 635 1779 690; x_wconf 82' lang='lat' dir='ltr'><strong>iss-</strong></span> 
     </span>
     <span class='ocr_line' id='line_1_6' title="bbox 74 716 1780 793; baseline 0.002 -21"><span class='ocrx_word' id='word_1_56' title='bbox 74 716 234 772; x_wconf 74' lang='lat' dir='ltr'><strong>voluntatis</strong></span> <span class='ocrx_word' id='word_1_57' title='bbox 247 733 313 772; x_wconf 87' lang='lat' dir='ltr'><strong>suae</strong></span> <span class='ocrx_word' id='word_1_58' title='bbox 328 718 587 773; x_wconf 87' lang='lat' dir='ltr'><strong>sententiamnobis</strong></span> <span class='ocrx_word' id='word_1_59' title='bbox 598 719 734 790; x_wconf 80' lang='lat' dir='ltr'><strong>exposuit</strong></span> <span class='ocrx_word' id='word_1_60' title='bbox 758 719 818 777; x_wconf 85' lang='lat' dir='ltr'><strong>Nec</strong></span> <span class='ocrx_word' id='word_1_61' title='bbox 831 718 921 775; x_wconf 82' lang='lat' dir='ltr'><strong>altera</strong></span> <span class='ocrx_word' id='word_1_62' title='bbox 944 725 1094 778; x_wconf 70' lang='lat' dir='ltr'><strong>scateam</strong></span> <span class='ocrx_word' id='word_1_63' title='bbox 1120 725 1180 779; x_wconf 83' lang='lat' dir='ltr'><strong>aiio</strong></span> <span class='ocrx_word' id='word_1_64' title='bbox 1207 726 1291 780; x_wconf 84' lang='lat' dir='ltr'><strong>made</strong></span> <span class='ocrx_word' id='word_1_65' title='bbox 1320 740 1405 793; x_wconf 79' lang='lat' dir='ltr'><strong>qaam</strong></span> <span class='ocrx_word' id='word_1_66' title='bbox 1427 739 1483 792; x_wconf 80' lang='lat' dir='ltr'><strong>per</strong></span> <span class='ocrx_word' id='word_1_67' title='bbox 1508 722 1570 776; x_wconf 71' lang='lat' dir='ltr'><strong>stra</strong></span> <span class='ocrx_word' id='word_1_68' title='bbox 1595 730 1780 776; x_wconf 68' lang='lat' dir='ltr'><strong>saer-ammte</strong></span> 
     </span>
     <span class='ocr_line' id='line_1_7' title="bbox 76 802 1781 883; baseline 0.004 -25"><span class='ocrx_word' id='word_1_69' title='bbox 76 802 251 876; x_wconf 80' lang='lat' dir='ltr'><strong>significatio</strong></span> <span class='ocrx_word' id='word_1_70' title='bbox 271 803 429 859; x_wconf 88' lang='lat' dir='ltr'><strong>testamenti</strong></span> <span class='ocrx_word' id='word_1_71' title='bbox 446 804 531 875; x_wconf 89' lang='lat' dir='ltr'><strong>plane</strong></span> <span class='ocrx_word' id='word_1_72' title='bbox 548 805 640 860; x_wconf 89' lang='lat' dir='ltr'><strong>aliena</strong></span> <span class='ocrx_word' id='word_1_73' title='bbox 656 812 699 860; x_wconf 90' lang='lat' dir='ltr'><strong>est</strong></span> <span class='ocrx_word' id='word_1_74' title='bbox 716 805 751 860; x_wconf 90' lang='lat' dir='ltr'><strong>ab</strong></span> <span class='ocrx_word' id='word_1_75' title='bbox 764 806 816 862; x_wconf 91' lang='lat' dir='ltr'><strong>hoc</strong></span> <span class='ocrx_word' id='word_1_76' title='bbox 828 823 919 861; x_wconf 81' lang='lat' dir='ltr'><strong>mera·</strong></span> <span class='ocrx_word' id='word_1_77' title='bbox 945 810 1171 881; x_wconf 82' lang='lat' dir='ltr'><strong>Respondemus:</strong></span> <span class='ocrx_word' id='word_1_78' title='bbox 1195 810 1257 883; x_wconf 88' lang='lat' dir='ltr'><strong>quis</strong></span> <span class='ocrx_word' id='word_1_79' title='bbox 1278 826 1344 865; x_wconf 81' lang='lat' dir='ltr'><strong>vero</strong></span> <span class='ocrx_word' id='word_1_80' title='bbox 1367 809 1421 864; x_wconf 94' lang='lat' dir='ltr'><strong>hoc</strong></span> <span class='ocrx_word' id='word_1_81' title='bbox 1443 808 1550 880; x_wconf 75' lang='lat' dir='ltr'><strong>neget?</strong></span> <span class='ocrx_word' id='word_1_82' title='bbox 1579 807 1728 864; x_wconf 77' lang='lat' dir='ltr'><strong>Promimic</strong></span> <span class='ocrx_word' id='word_1_83' title='bbox 1746 809 1781 864; x_wconf 91' lang='lat' dir='ltr'><strong>de</strong></span> 
     </span>
     <span class='ocr_line' id='line_1_8' title="bbox 77 889 1835 968; baseline 0.003 -23"><span class='ocrx_word' id='word_1_84' title='bbox 77 896 194 959; x_wconf 89' lang='lat' dir='ltr'><strong>menta,</strong></span> <span class='ocrx_word' id='word_1_85' title='bbox 219 889 284 962; x_wconf 86' lang='lat' dir='ltr'><strong>quia</strong></span> <span class='ocrx_word' id='word_1_86' title='bbox 303 889 429 945; x_wconf 84' lang='lat' dir='ltr'><strong>Christus</strong></span> <span class='ocrx_word' id='word_1_87' title='bbox 447 895 562 947; x_wconf 85' lang='lat' dir='ltr'><strong>testator</strong></span> <span class='ocrx_word' id='word_1_88' title='bbox 580 891 722 962; x_wconf 75' lang='lat' dir='ltr'>discipulis</span> <span class='ocrx_word' id='word_1_89' title='bbox 741 891 798 945; x_wconf 90' lang='lat' dir='ltr'><strong>suis</strong></span> <span class='ocrx_word' id='word_1_90' title='bbox 816 897 845 947; x_wconf 90' lang='lat' dir='ltr'><strong>et</strong></span> <span class='ocrx_word' id='word_1_91' title='bbox 864 908 919 945; x_wconf 91' lang='lat' dir='ltr'><strong>om·</strong></span> <span class='ocrx_word' id='word_1_92' title='bbox 945 896 1105 953; x_wconf 84' lang='lat' dir='ltr'><strong>remissione</strong></span> <span class='ocrx_word' id='word_1_93' title='bbox 1128 903 1303 968; x_wconf 83' lang='lat' dir='ltr'><strong>peecatorum</strong></span> <span class='ocrx_word' id='word_1_94' title='bbox 1332 896 1361 952; x_wconf 89' lang='lat' dir='ltr'><strong>in</strong></span> <span class='ocrx_word' id='word_1_95' title='bbox 1386 899 1557 951; x_wconf 71' lang='lat' dir='ltr'><strong>swnmentc</strong></span> <span class='ocrx_word' id='word_1_96' title='bbox 1584 894 1714 966; x_wconf 85' lang='lat' dir='ltr'><strong>baptismi</strong></span> <span class='ocrx_word' id='word_1_97' title='bbox 1732 911 1781 966; x_wconf 88' lang='lat' dir='ltr'><strong>ap·</strong></span> <span class='ocrx_word' id='word_1_98' title='bbox 1830 890 1835 896; x_wconf 68' lang='grc'><strong><em>’</em></strong></span> 
     </span>
     <span class='ocr_line' id='line_1_9' title="bbox 78 975 1780 1055; baseline 0.003 -23"><span class='ocrx_word' id='word_1_99' title='bbox 78 977 165 1032; x_wconf 88' lang='lat' dir='ltr'><strong>nibus</strong></span> <span class='ocrx_word' id='word_1_100' title='bbox 188 992 253 1032; x_wconf 83' lang='lat' dir='ltr'><strong>vere</strong></span> <span class='ocrx_word' id='word_1_101' title='bbox 277 975 456 1031; x_wconf 88' lang='lat' dir='ltr'><strong>credentibus</strong></span> <span class='ocrx_word' id='word_1_102' title='bbox 482 976 559 1032; x_wconf 84' lang='lat' dir='ltr'><strong>velut</strong></span> <span class='ocrx_word' id='word_1_103' title='bbox 577 977 725 1033; x_wconf 89' lang='lat' dir='ltr'><strong>heredibus</strong></span> <span class='ocrx_word' id='word_1_104' title='bbox 744 977 802 1032; x_wconf 92' lang='lat' dir='ltr'><strong>suis</strong></span> <span class='ocrx_word' id='word_1_105' title='bbox 820 978 849 1032; x_wconf 89' lang='lat' dir='ltr'><strong>in</strong></span> <span class='ocrx_word' id='word_1_106' title='bbox 867 978 919 1032; x_wconf 88' lang='lat' dir='ltr'><strong>hoc</strong></span> <span class='ocrx_word' id='word_1_107' title='bbox 945 982 1080 1054; x_wconf 89' lang='lat' dir='ltr'><strong>plicatur,</strong></span> <span class='ocrx_word' id='word_1_108' title='bbox 1106 983 1269 1055; x_wconf 74' lang='lat' dir='ltr'>obsignatur</span> <span class='ocrx_word' id='word_1_109' title='bbox 1296 988 1325 1039; x_wconf 91' lang='lat' dir='ltr'><strong>et</strong></span> <span class='ocrx_word' id='word_1_110' title='bbox 1341 981 1518 1037; x_wconf 87' lang='lat' dir='ltr'><strong>confirmetur</strong></span> <span class='ocrx_word' id='word_1_111' title='bbox 1535 980 1671 1036; x_wconf 74' lang='lat' dir='ltr'><strong>affudorm</strong></span> <span class='ocrx_word' id='word_1_112' title='bbox 1690 994 1780 1052; x_wconf 86' lang='lat' dir='ltr'><strong>aquae</strong></span> 
     </span>
     <span class='ocr_line' id='line_1_10' title="bbox 80 1060 1781 1138; baseline 0 -20"><span class='ocrx_word' id='word_1_113' title='bbox 80 1066 250 1118; x_wconf 86' lang='lat' dir='ltr'><strong>testamento</strong></span> <span class='ocrx_word' id='word_1_114' title='bbox 271 1060 376 1134; x_wconf 86' lang='lat' dir='ltr'><strong>legerit</strong></span> <span class='ocrx_word' id='word_1_115' title='bbox 398 1061 595 1133; x_wconf 84' lang='lat' dir='ltr'><strong>pretiosissima</strong></span> <span class='ocrx_word' id='word_1_116' title='bbox 618 1062 706 1132; x_wconf 87' lang='lat' dir='ltr'><strong>bona,</strong></span> <span class='ocrx_word' id='word_1_117' title='bbox 731 1063 920 1119; x_wconf 88' lang='lat' dir='ltr'><strong>remissionem</strong></span> <span class='ocrx_word' id='word_1_118' title='bbox 945 1068 1020 1124; x_wconf 72' lang='lat' dir='ltr'><strong>fecte</strong></span> <span class='ocrx_word' id='word_1_119' title='bbox 1037 1069 1066 1124; x_wconf 75' lang='lat' dir='ltr'><strong>in</strong></span> <span class='ocrx_word' id='word_1_120' title='bbox 1084 1069 1195 1125; x_wconf 77' lang='lat' dir='ltr'><strong>nomine</strong></span> <span class='ocrx_word' id='word_1_121' title='bbox 1214 1068 1242 1125; x_wconf 81' lang='lat' dir='ltr'><strong>s,</strong></span> <span class='ocrx_word' id='word_1_122' title='bbox 1258 1067 1420 1135; x_wconf 77' lang='lat' dir='ltr'><strong>Trinitatis3</strong></span> <span class='ocrx_word' id='word_1_123' title='bbox 1438 1068 1467 1122; x_wconf 82' lang='lat' dir='ltr'><strong>in</strong></span> <span class='ocrx_word' id='word_1_124' title='bbox 1478 1065 1645 1122; x_wconf 70' lang='lat' dir='ltr'><strong>eucharistia</strong></span> <span class='ocrx_word' id='word_1_125' title='bbox 1658 1067 1781 1138; x_wconf 83' lang='lat' dir='ltr'><strong>applica-</strong></span> 
     </span>
     <span class='ocr_line' id='line_1_11' title="bbox 83 1148 1781 1224; baseline 0 -18"><span class='ocrx_word' id='word_1_126' title='bbox 83 1148 191 1207; x_wconf 87' lang='lat' dir='ltr'><strong>scilieet</strong></span> <span class='ocrx_word' id='word_1_127' title='bbox 206 1152 398 1219; x_wconf 88' lang='lat' dir='ltr'><strong>peccatorum,</strong></span> <span class='ocrx_word' id='word_1_128' title='bbox 416 1149 536 1221; x_wconf 91' lang='lat' dir='ltr'><strong>gratiam</strong></span> <span class='ocrx_word' id='word_1_129' title='bbox 553 1148 622 1221; x_wconf 89' lang='lat' dir='ltr'><strong>Dei,</strong></span> <span class='ocrx_word' id='word_1_130' title='bbox 639 1149 816 1207; x_wconf 75' lang='lat' dir='ltr'><strong>donationem</strong></span> <span class='ocrx_word' id='word_1_131' title='bbox 836 1149 919 1222; x_wconf 85' lang='lat' dir='ltr'><strong>Spiri-</strong></span> <span class='ocrx_word' id='word_1_132' title='bbox 945 1159 992 1210; x_wconf 91' lang='lat' dir='ltr'><strong>tur</strong></span> <span class='ocrx_word' id='word_1_133' title='bbox 1021 1154 1233 1211; x_wconf 70' lang='lat' dir='ltr'><strong>manducatione</strong></span> <span class='ocrx_word' id='word_1_134' title='bbox 1262 1153 1384 1224; x_wconf 88' lang='lat' dir='ltr'><strong>corporis</strong></span> <span class='ocrx_word' id='word_1_135' title='bbox 1414 1159 1443 1209; x_wconf 88' lang='lat' dir='ltr'><strong>et</strong></span> <span class='ocrx_word' id='word_1_136' title='bbox 1472 1152 1607 1209; x_wconf 81' lang='lat' dir='ltr'><strong>bibitione</strong></span> <span class='ocrx_word' id='word_1_137' title='bbox 1637 1151 1781 1223; x_wconf 84' lang='lat' dir='ltr'><strong>sanguinis</strong></span> 
     </span>
     <span class='ocr_line' id='line_1_12' title="bbox 83 1232 1778 1308; baseline 0.001 -17"><span class='ocrx_word' id='word_1_138' title='bbox 83 1243 129 1291; x_wconf 87' lang='lat' dir='ltr'><strong>tus</strong></span> <span class='ocrx_word' id='word_1_139' title='bbox 148 1233 239 1290; x_wconf 89' lang='lat' dir='ltr'><strong>sancti</strong></span> <span class='ocrx_word' id='word_1_140' title='bbox 256 1239 285 1290; x_wconf 88' lang='lat' dir='ltr'><strong>st</strong></span> <span class='ocrx_word' id='word_1_141' title='bbox 300 1232 388 1289; x_wconf 83' lang='lat' dir='ltr'><strong>vitam</strong></span> <span class='ocrx_word' id='word_1_142' title='bbox 404 1241 552 1292; x_wconf 85' lang='lat' dir='ltr'><strong>aeternam.</strong></span> <span class='ocrx_word' id='word_1_143' title='bbox 588 1234 642 1291; x_wconf 84' lang='lat' dir='ltr'><strong>Sed</strong></span> <span class='ocrx_word' id='word_1_144' title='bbox 664 1234 776 1306; x_wconf 88' lang='lat' dir='ltr'><strong>demus,</strong></span> <span class='ocrx_word' id='word_1_145' title='bbox 796 1235 920 1292; x_wconf 88' lang='lat' dir='ltr'><strong>euchari·</strong></span> <span class='ocrx_word' id='word_1_146' title='bbox 946 1238 1056 1308; x_wconf 86' lang='lat' dir='ltr'><strong>Christi,</strong></span> <span class='ocrx_word' id='word_1_147' title='bbox 1076 1240 1186 1296; x_wconf 76' lang='lat' dir='ltr'><strong>interim</strong></span> <span class='ocrx_word' id='word_1_148' title='bbox 1204 1244 1297 1296; x_wconf 64' lang='lat' dir='ltr'><strong>eman</strong></span> <span class='ocrx_word' id='word_1_149' title='bbox 1315 1244 1359 1295; x_wconf 89' lang='lat' dir='ltr'><strong>est</strong></span> <span class='ocrx_word' id='word_1_150' title='bbox 1375 1244 1509 1295; x_wconf 66' lang='lat' dir='ltr'><strong>amanet</strong></span> <span class='ocrx_word' id='word_1_151' title='bbox 1520 1238 1617 1295; x_wconf 84' lang='lat' dir='ltr'><strong>eadem</strong></span> <span class='ocrx_word' id='word_1_152' title='bbox 1630 1237 1778 1306; x_wconf 83' lang='lat' dir='ltr'><strong>hereditas,</strong></span> 
     </span>
     <span class='ocr_line' id='line_1_13' title="bbox 85 1321 1781 1396; baseline 0.001 -19"><span class='ocrx_word' id='word_1_153' title='bbox 85 1323 166 1377; x_wconf 86' lang='lat' dir='ltr'><strong>stiam</strong></span> <span class='ocrx_word' id='word_1_154' title='bbox 183 1321 267 1378; x_wconf 91' lang='lat' dir='ltr'><strong>tertio</strong></span> <span class='ocrx_word' id='word_1_155' title='bbox 281 1325 390 1376; x_wconf 86' lang='lat' dir='ltr'><strong>tantorn</strong></span> <span class='ocrx_word' id='word_1_156' title='bbox 403 1321 486 1376; x_wconf 89' lang='lat' dir='ltr'><strong>moda</strong></span> <span class='ocrx_word' id='word_1_157' title='bbox 499 1325 696 1377; x_wconf 87' lang='lat' dir='ltr'><strong>testamentum</strong></span> <span class='ocrx_word' id='word_1_158' title='bbox 708 1322 772 1392; x_wconf 89' lang='lat' dir='ltr'><strong>dici,</strong></span> <span class='ocrx_word' id='word_1_159' title='bbox 792 1321 922 1378; x_wconf 84' lang='lat' dir='ltr'><strong>videlicet</strong></span> <span class='ocrx_word' id='word_1_160' title='bbox 945 1325 1020 1383; x_wconf 87' lang='lat' dir='ltr'><strong>idem</strong></span> <span class='ocrx_word' id='word_1_161' title='bbox 1037 1325 1219 1395; x_wconf 86' lang='lat' dir='ltr'><strong>beneficiam,</strong></span> <span class='ocrx_word' id='word_1_162' title='bbox 1249 1325 1316 1383; x_wconf 87' lang='lat' dir='ltr'><strong>iicet</strong></span> <span class='ocrx_word' id='word_1_163' title='bbox 1333 1325 1454 1382; x_wconf 89' lang='lat' dir='ltr'><strong>medium</strong></span> <span class='ocrx_word' id='word_1_164' title='bbox 1471 1323 1665 1396; x_wconf 86' lang='lat' dir='ltr'><strong>applicationis</strong></span> <span class='ocrx_word' id='word_1_165' title='bbox 1683 1329 1713 1379; x_wconf 89' lang='lat' dir='ltr'><strong>ct</strong></span> <span class='ocrx_word' id='word_1_166' title='bbox 1730 1322 1781 1379; x_wconf 91' lang='lat' dir='ltr'><strong>ob·</strong></span> 
     </span>
     <span class='ocr_line' id='line_1_14' title="bbox 88 1406 1782 1485; baseline 0.001 -22"><span class='ocrx_word' id='word_1_167' title='bbox 88 1409 154 1481; x_wconf 85' lang='lat' dir='ltr'><strong>qnia</strong></span> <span class='ocrx_word' id='word_1_168' title='bbox 171 1407 253 1463; x_wconf 70' lang='lat' dir='ltr'><strong>amul</strong></span> <span class='ocrx_word' id='word_1_169' title='bbox 270 1413 314 1463; x_wconf 89' lang='lat' dir='ltr'><strong>est</strong></span> <span class='ocrx_word' id='word_1_170' title='bbox 332 1407 443 1480; x_wconf 88' lang='lat' dir='ltr'><strong>signum</strong></span> <span class='ocrx_word' id='word_1_171' title='bbox 462 1406 614 1463; x_wconf 82' lang='lat' dir='ltr'><strong>voluntatis</strong></span> <span class='ocrx_word' id='word_1_172' title='bbox 631 1409 771 1463; x_wconf 83' lang='lat' dir='ltr'><strong>testatoris</strong></span> <span class='ocrx_word' id='word_1_173' title='bbox 790 1416 818 1464; x_wconf 91' lang='lat' dir='ltr'><strong>et</strong></span> <span class='ocrx_word' id='word_1_174' title='bbox 836 1425 921 1463; x_wconf 85' lang='lat' dir='ltr'><strong>cause</strong></span> <span class='ocrx_word' id='word_1_175' title='bbox 946 1411 1110 1485; x_wconf 87' lang='lat' dir='ltr'><strong>signationis</strong></span> <span class='ocrx_word' id='word_1_176' title='bbox 1134 1411 1171 1467; x_wconf 92' lang='lat' dir='ltr'><strong>sit</strong></span> <span class='ocrx_word' id='word_1_177' title='bbox 1196 1412 1345 1469; x_wconf 83' lang='lat' dir='ltr'><strong>diversam.</strong></span> <span class='ocrx_word' id='word_1_178' title='bbox 1380 1411 1476 1482; x_wconf 78' lang='lat' dir='ltr'><strong>Pergit</strong></span> <span class='ocrx_word' id='word_1_179' title='bbox 1499 1410 1699 1479; x_wconf 89' lang='lat' dir='ltr'><strong>Bellarmiuus,</strong></span> <span class='ocrx_word' id='word_1_180' title='bbox 1727 1426 1782 1480; x_wconf 84' lang='lat' dir='ltr'><strong>per</strong></span> 
     </span>
     <span class='ocr_line' id='line_1_15' title="bbox 87 1493 1783 1569; baseline -0.001 -18"><span class='ocrx_word' id='word_1_181' title='bbox 87 1493 302 1551; x_wconf 82' lang='lat' dir='ltr'><strong>imtramentalis</strong></span> <span class='ocrx_word' id='word_1_182' title='bbox 327 1493 508 1565; x_wconf 71' lang='lat' dir='ltr'><strong>applicandae</strong></span> <span class='ocrx_word' id='word_1_183' title='bbox 532 1495 708 1564; x_wconf 81' lang='lat' dir='ltr'><strong>hereditatis;</strong></span> <span class='ocrx_word' id='word_1_184' title='bbox 733 1512 766 1549; x_wconf 88' lang='lat' dir='ltr'><strong>ex</strong></span> <span class='ocrx_word' id='word_1_185' title='bbox 790 1512 823 1550; x_wconf 93' lang='lat' dir='ltr'><strong>eo</strong></span> <span class='ocrx_word' id='word_1_186' title='bbox 848 1501 921 1550; x_wconf 90' lang='lat' dir='ltr'><strong>certe</strong></span> <span class='ocrx_word' id='word_1_187' title='bbox 947 1498 1146 1553; x_wconf 78' lang='lat' dir='ltr'><strong>eucharistiam</strong></span> <span class='ocrx_word' id='word_1_188' title='bbox 1173 1498 1321 1569; x_wconf 82' lang='lat' dir='ltr'><strong>applicari</strong></span> <span class='ocrx_word' id='word_1_189' title='bbox 1350 1498 1455 1552; x_wconf 75' lang='lat' dir='ltr'><strong>Christi</strong></span> <span class='ocrx_word' id='word_1_190' title='bbox 1482 1497 1585 1551; x_wconf 83' lang='lat' dir='ltr'><strong>merita</strong></span> <span class='ocrx_word' id='word_1_191' title='bbox 1611 1505 1637 1550; x_wconf 87' lang='lat' dir='ltr'><strong>et</strong></span> <span class='ocrx_word' id='word_1_192' title='bbox 1659 1496 1783 1565; x_wconf 66' lang='lat' dir='ltr'><strong>metim</strong></span> 
     </span>
     <span class='ocr_line' id='line_1_16' title="bbox 87 1579 1783 1655; baseline -0.001 -18"><span class='ocrx_word' id='word_1_193' title='bbox 87 1582 198 1637; x_wconf 77' lang='lat' dir='ltr'><strong>irremote</strong></span> <span class='ocrx_word' id='word_1_194' title='bbox 216 1579 361 1650; x_wconf 68' lang='lat' dir='ltr'><strong>colligitur,</strong></span> <span class='ocrx_word' id='word_1_195' title='bbox 378 1579 564 1636; x_wconf 89' lang='lat' dir='ltr'><strong>remissionem</strong></span> <span class='ocrx_word' id='word_1_196' title='bbox 582 1586 760 1652; x_wconf 83' lang='lat' dir='ltr'><strong>peccaterum</strong></span> <span class='ocrx_word' id='word_1_197' title='bbox 773 1597 829 1637; x_wconf 89' lang='lat' dir='ltr'><strong>uon</strong></span> <span class='ocrx_word' id='word_1_198' title='bbox 840 1597 922 1652; x_wconf 87' lang='lat' dir='ltr'><strong>pesse</strong></span> <span class='ocrx_word' id='word_1_199' title='bbox 948 1586 1020 1650; x_wconf 80' lang='lat' dir='ltr'><strong>Dei,</strong></span> <span class='ocrx_word' id='word_1_200' title='bbox 1045 1601 1117 1655; x_wconf 76' lang='lat' dir='ltr'><strong>qaas</strong></span> <span class='ocrx_word' id='word_1_201' title='bbox 1135 1593 1175 1639; x_wconf 89' lang='lat' dir='ltr'><strong>est</strong></span> <span class='ocrx_word' id='word_1_202' title='bbox 1194 1585 1350 1654; x_wconf 63' lang='lat' dir='ltr'><strong>taedias,</strong></span> <span class='ocrx_word' id='word_1_203' title='bbox 1378 1602 1434 1640; x_wconf 84' lang='lat' dir='ltr'><strong>nos</strong></span> <span class='ocrx_word' id='word_1_204' title='bbox 1459 1584 1576 1653; x_wconf 75' lang='lat' dir='ltr'><strong>propris</strong></span> <span class='ocrx_word' id='word_1_205' title='bbox 1601 1586 1643 1637; x_wconf 81' lang='lat' dir='ltr'><strong>ad</strong></span> <span class='ocrx_word' id='word_1_206' title='bbox 1663 1591 1783 1653; x_wconf 74' lang='lat' dir='ltr'><strong>peteme</strong></span> 
     </span>
     <span class='ocr_line' id='line_1_17' title="bbox 87 1666 1784 1741; baseline 0 -18"><span class='ocrx_word' id='word_1_207' title='bbox 87 1668 124 1724; x_wconf 87' lang='lat' dir='ltr'><strong>ab</strong></span> <span class='ocrx_word' id='word_1_208' title='bbox 154 1667 208 1723; x_wconf 91' lang='lat' dir='ltr'><strong>hoc</strong></span> <span class='ocrx_word' id='word_1_209' title='bbox 236 1670 401 1722; x_wconf 73' lang='lat' dir='ltr'><strong>sennense</strong></span> <span class='ocrx_word' id='word_1_210' title='bbox 431 1666 553 1732; x_wconf 78' lang='lat' dir='ltr'><strong>excludi,</strong></span> <span class='ocrx_word' id='word_1_211' title='bbox 582 1683 646 1721; x_wconf 85' lang='lat' dir='ltr'><strong>earn</strong></span> <span class='ocrx_word' id='word_1_212' title='bbox 674 1667 711 1722; x_wconf 87' lang='lat' dir='ltr'><strong>ad</strong></span> <span class='ocrx_word' id='word_1_213' title='bbox 738 1667 921 1724; x_wconf 84' lang='lat' dir='ltr'><strong>hereditatem</strong></span> <span class='ocrx_word' id='word_1_214' title='bbox 947 1671 1124 1741; x_wconf 78' lang='lat' dir='ltr'><strong>remittenda,</strong></span> <span class='ocrx_word' id='word_1_215' title='bbox 1143 1673 1195 1725; x_wconf 79' lang='lat' dir='ltr'><strong>sed</strong></span> <span class='ocrx_word' id='word_1_216' title='bbox 1212 1673 1253 1725; x_wconf 80' lang='lat' dir='ltr'><strong>ad</strong></span> <span class='ocrx_word' id='word_1_217' title='bbox 1270 1672 1395 1725; x_wconf 77' lang='lat' dir='ltr'><strong>animem</strong></span> <span class='ocrx_word' id='word_1_218' title='bbox 1413 1672 1594 1725; x_wconf 55' lang='lat' dir='ltr'><strong>nocendam</strong></span> <span class='ocrx_word' id='word_1_219' title='bbox 1612 1679 1638 1725; x_wconf 91' lang='lat' dir='ltr'><strong>et</strong></span> <span class='ocrx_word' id='word_1_220' title='bbox 1653 1686 1784 1740; x_wconf 82' lang='lat' dir='ltr'><strong>praeser-</strong></span> 
     </span>
     <span class='ocr_line' id='line_1_18' title="bbox 88 1752 1784 1827; baseline 0 -18"><span class='ocrx_word' id='word_1_221' title='bbox 88 1753 163 1809; x_wconf 86' lang='lat' dir='ltr'><strong>iilsm</strong></span> <span class='ocrx_word' id='word_1_222' title='bbox 194 1753 351 1826; x_wconf 75' lang='lat' dir='ltr'><strong>perducat,</strong></span> <span class='ocrx_word' id='word_1_223' title='bbox 384 1752 466 1823; x_wconf 89' lang='lat' dir='ltr'><strong>cujus</strong></span> <span class='ocrx_word' id='word_1_224' title='bbox 496 1752 681 1825; x_wconf 87' lang='lat' dir='ltr'><strong>applicandae</strong></span> <span class='ocrx_word' id='word_1_225' title='bbox 708 1753 921 1809; x_wconf 75' lang='lat' dir='ltr'><strong>instrumentum</strong></span> <span class='ocrx_word' id='word_1_226' title='bbox 947 1759 1072 1811; x_wconf 82' lang='lat' dir='ltr'><strong>eandam</strong></span> <span class='ocrx_word' id='word_1_227' title='bbox 1088 1773 1108 1808; x_wconf 90' lang='lat' dir='ltr'><strong>a</strong></span> <span class='ocrx_word' id='word_1_228' title='bbox 1121 1757 1258 1826; x_wconf 82' lang='lat' dir='ltr'><strong>peccatis</strong></span> <span class='ocrx_word' id='word_1_229' title='bbox 1295 1756 1521 1827; x_wconf 83' lang='lat' dir='ltr'><strong>Respondemus:</strong></span> <span class='ocrx_word' id='word_1_230' title='bbox 1538 1756 1593 1811; x_wconf 90' lang='lat' dir='ltr'><strong>imo</strong></span> <span class='ocrx_word' id='word_1_231' title='bbox 1610 1771 1674 1810; x_wconf 84' lang='lat' dir='ltr'><strong>vero</strong></span> <span class='ocrx_word' id='word_1_232' title='bbox 1690 1755 1784 1810; x_wconf 88' lang='lat' dir='ltr'><strong>inusu</strong></span> 
     </span>
     <span class='ocr_line' id='line_1_19' title="bbox 87 1838 1782 1912; baseline 0 -16"><span class='ocrx_word' id='word_1_233' title='bbox 87 1838 283 1896; x_wconf 84' lang='lat' dir='ltr'><strong>eucharistiam</strong></span> <span class='ocrx_word' id='word_1_234' title='bbox 310 1853 371 1895; x_wconf 88' lang='lat' dir='ltr'><strong>esee</strong></span> <span class='ocrx_word' id='word_1_235' title='bbox 398 1838 581 1894; x_wconf 87' lang='lat' dir='ltr'><strong>Beilarminus</strong></span> <span class='ocrx_word' id='word_1_236' title='bbox 608 1839 749 1903; x_wconf 63' lang='lat' dir='ltr'><strong>conceda,</strong></span> <span class='ocrx_word' id='word_1_237' title='bbox 778 1840 854 1894; x_wconf 88' lang='lat' dir='ltr'><strong>unde</strong></span> <span class='ocrx_word' id='word_1_238' title='bbox 881 1839 922 1893; x_wconf 91' lang='lat' dir='ltr'><strong>sic</strong></span> <span class='ocrx_word' id='word_1_239' title='bbox 949 1842 1130 1899; x_wconf 86' lang='lat' dir='ltr'><strong>eucharistiae</strong></span> <span class='ocrx_word' id='word_1_240' title='bbox 1147 1843 1324 1898; x_wconf 74' lang='lat' dir='ltr'><strong>stamendum</strong></span> <span class='ocrx_word' id='word_1_241' title='bbox 1343 1849 1393 1911; x_wconf 80' lang='lat' dir='ltr'><strong>cst,</strong></span> <span class='ocrx_word' id='word_1_242' title='bbox 1413 1841 1473 1898; x_wconf 89' lang='lat' dir='ltr'><strong>iicri</strong></span> <span class='ocrx_word' id='word_1_243' title='bbox 1492 1841 1521 1896; x_wconf 90' lang='lat' dir='ltr'><strong>in</strong></span> <span class='ocrx_word' id='word_1_244' title='bbox 1539 1840 1717 1897; x_wconf 88' lang='lat' dir='ltr'><strong>credentibus</strong></span> <span class='ocrx_word' id='word_1_245' title='bbox 1733 1858 1782 1912; x_wconf 89' lang='lat' dir='ltr'><strong>ap·</strong></span> 
     </span>
     <span class='ocr_line' id='line_1_20' title="bbox 88 1925 1781 2001; baseline -0.001 -19"><span class='ocrx_word' id='word_1_246' title='bbox 88 1925 257 2000; x_wconf 86' lang='lat' dir='ltr'><strong>colligimus:</strong></span> <span class='ocrx_word' id='word_1_247' title='bbox 284 1926 358 1998; x_wconf 88' lang='lat' dir='ltr'><strong>quod</strong></span> <span class='ocrx_word' id='word_1_248' title='bbox 382 1930 425 1982; x_wconf 91' lang='lat' dir='ltr'><strong>est</strong></span> <span class='ocrx_word' id='word_1_249' title='bbox 442 1942 528 1981; x_wconf 89' lang='lat' dir='ltr'><strong>cansa</strong></span> <span class='ocrx_word' id='word_1_250' title='bbox 545 1926 762 1982; x_wconf 77' lang='lat' dir='ltr'><strong>instrumentalis</strong></span> <span class='ocrx_word' id='word_1_251' title='bbox 780 1926 922 1998; x_wconf 87' lang='lat' dir='ltr'><strong>appliccn·</strong></span> <span class='ocrx_word' id='word_1_252' title='bbox 947 1928 1124 2000; x_wconf 90' lang='lat' dir='ltr'><strong>plicationem</strong></span> <span class='ocrx_word' id='word_1_253' title='bbox 1146 1933 1176 1984; x_wconf 91' lang='lat' dir='ltr'><strong>ct</strong></span> <span class='ocrx_word' id='word_1_254' title='bbox 1200 1928 1421 2001; x_wconf 87' lang='lat' dir='ltr'><strong>obsignationem</strong></span> <span class='ocrx_word' id='word_1_255' title='bbox 1445 1927 1566 1983; x_wconf 89' lang='lat' dir='ltr'><strong>omnium</strong></span> <span class='ocrx_word' id='word_1_256' title='bbox 1585 1927 1781 1984; x_wconf 84' lang='lat' dir='ltr'><strong>beneficiorum</strong></span> 
     </span>
     <span class='ocr_line' id='line_1_21' title="bbox 88 2010 1878 2085; baseline -0.002 -17"><span class='ocrx_word' id='word_1_257' title='bbox 88 2013 140 2068; x_wconf 89' lang='lat' dir='ltr'><strong>dae</strong></span> <span class='ocrx_word' id='word_1_258' title='bbox 157 2011 320 2068; x_wconf 88' lang='lat' dir='ltr'><strong>hereditatis</strong></span> <span class='ocrx_word' id='word_1_259' title='bbox 337 2028 355 2067; x_wconf 91' lang='lat' dir='ltr'><strong>a</strong></span> <span class='ocrx_word' id='word_1_260' title='bbox 374 2010 484 2068; x_wconf 81' lang='lat' dir='ltr'><strong>Christo</strong></span> <span class='ocrx_word' id='word_1_261' title='bbox 501 2011 583 2068; x_wconf 91' lang='lat' dir='ltr'><strong>nobis</strong></span> <span class='ocrx_word' id='word_1_262' title='bbox 600 2012 767 2084; x_wconf 71' lang='lat' dir='ltr'><strong>acquisitae,</strong></span> <span class='ocrx_word' id='word_1_263' title='bbox 792 2011 862 2067; x_wconf 92' lang='lat' dir='ltr'><strong>iliud</strong></span> <span class='ocrx_word' id='word_1_264' title='bbox 879 2019 922 2068; x_wconf 89' lang='lat' dir='ltr'><strong>est</strong></span> <span class='ocrx_word' id='word_1_265' title='bbox 947 2014 1050 2071; x_wconf 83' lang='lat' dir='ltr'><strong>Christi</strong></span> <span class='ocrx_word' id='word_1_266' title='bbox 1069 2015 1235 2074; x_wconf 88' lang='lat' dir='ltr'><strong>mediatoris.</strong></span> <span class='ocrx_word' id='word_1_267' title='bbox 1272 2015 1344 2080; x_wconf 82' lang='lat' dir='ltr'><strong>Quis</strong></span> <span class='ocrx_word' id='word_1_268' title='bbox 1362 2016 1437 2071; x_wconf 89' lang='lat' dir='ltr'><strong>enim</strong></span> <span class='ocrx_word' id='word_1_269' title='bbox 1454 2015 1483 2069; x_wconf 92' lang='lat' dir='ltr'><strong>in</strong></span> <span class='ocrx_word' id='word_1_270' title='bbox 1502 2012 1668 2070; x_wconf 77' lang='lat' dir='ltr'><strong>eucharistia</strong></span> <span class='ocrx_word' id='word_1_271' title='bbox 1679 2014 1783 2085; x_wconf 88' lang='lat' dir='ltr'><strong>accipi·</strong></span> <span class='ocrx_word' id='word_1_272' title='bbox 1794 2023 1820 2065; x_wconf 74' lang='lat' dir='ltr'><strong>a</strong></span> <span class='ocrx_word' id='word_1_273' title='bbox 1832 2021 1878 2065; x_wconf 81' lang='lat' dir='ltr'><strong>ets.</strong></span> 
     </span>
     <span class='ocr_line' id='line_1_22' title="bbox 88 2098 1783 2172; baseline -0.001 -17"><span class='ocrx_word' id='word_1_274' title='bbox 88 2099 171 2156; x_wconf 84' lang='lat' dir='ltr'><strong>etiam</strong></span> <span class='ocrx_word' id='word_1_275' title='bbox 197 2114 282 2155; x_wconf 69' lang='lat' dir='ltr'><strong>musa</strong></span> <span class='ocrx_word' id='word_1_276' title='bbox 308 2098 525 2155; x_wconf 81' lang='lat' dir='ltr'><strong>instrumentalis</strong></span> <span class='ocrx_word' id='word_1_277' title='bbox 549 2098 710 2171; x_wconf 87' lang='lat' dir='ltr'><strong>applicandi</strong></span> <span class='ocrx_word' id='word_1_278' title='bbox 734 2099 921 2156; x_wconf 89' lang='lat' dir='ltr'><strong>remissionem</strong></span> <span class='ocrx_word' id='word_1_279' title='bbox 948 2119 1009 2156; x_wconf 90' lang='lat' dir='ltr'><strong>mus</strong></span> <span class='ocrx_word' id='word_1_280' title='bbox 1032 2101 1101 2156; x_wconf 89' lang='lat' dir='ltr'><strong>illud</strong></span> <span class='ocrx_word' id='word_1_281' title='bbox 1120 2099 1222 2157; x_wconf 81' lang='lat' dir='ltr'><strong>christi</strong></span> <span class='ocrx_word' id='word_1_282' title='bbox 1248 2116 1363 2172; x_wconf 83' lang='lat' dir='ltr'><strong>corpus,</strong></span> <span class='ocrx_word' id='word_1_283' title='bbox 1389 2100 1464 2171; x_wconf 90' lang='lat' dir='ltr'><strong>quod</strong></span> <span class='ocrx_word' id='word_1_284' title='bbox 1480 2116 1531 2171; x_wconf 89' lang='lat' dir='ltr'><strong>pro</strong></span> <span class='ocrx_word' id='word_1_285' title='bbox 1549 2100 1630 2157; x_wconf 88' lang='lat' dir='ltr'><strong>uobis</strong></span> <span class='ocrx_word' id='word_1_286' title='bbox 1649 2099 1783 2155; x_wconf 84' lang='lat' dir='ltr'><strong>traditum</strong></span> 
     </span>
     <span class='ocr_line' id='line_1_23' title="bbox 87 2184 1781 2260; baseline -0.001 -20"><span class='ocrx_word' id='word_1_287' title='bbox 87 2191 279 2260; x_wconf 69' lang='lat' dir='ltr'><strong>peccatorum</strong></span> <span class='ocrx_word' id='word_1_288' title='bbox 300 2185 371 2241; x_wconf 89' lang='lat' dir='ltr'><strong>ratio</strong></span> <span class='ocrx_word' id='word_1_289' title='bbox 385 2191 435 2255; x_wconf 89' lang='lat' dir='ltr'><strong>est,</strong></span> <span class='ocrx_word' id='word_1_290' title='bbox 454 2184 520 2258; x_wconf 91' lang='lat' dir='ltr'><strong>quia</strong></span> <span class='ocrx_word' id='word_1_291' title='bbox 537 2186 574 2240; x_wconf 88' lang='lat' dir='ltr'><strong>ad</strong></span> <span class='ocrx_word' id='word_1_292' title='bbox 592 2185 773 2242; x_wconf 79' lang='lat' dir='ltr'><strong>hereditatam</strong></span> <span class='ocrx_word' id='word_1_293' title='bbox 785 2184 922 2241; x_wconf 83' lang='lat' dir='ltr'><strong>eChristo</strong></span> <span class='ocrx_word' id='word_1_294' title='bbox 948 2194 998 2257; x_wconf 84' lang='lat' dir='ltr'><strong>est,</strong></span> <span class='ocrx_word' id='word_1_295' title='bbox 1017 2195 1046 2242; x_wconf 91' lang='lat' dir='ltr'><strong>ct</strong></span> <span class='ocrx_word' id='word_1_296' title='bbox 1063 2187 1227 2259; x_wconf 87' lang='lat' dir='ltr'><strong>sanguinem</strong></span> <span class='ocrx_word' id='word_1_297' title='bbox 1238 2187 1317 2243; x_wconf 91' lang='lat' dir='ltr'><strong>illum</strong></span> <span class='ocrx_word' id='word_1_298' title='bbox 1329 2187 1395 2241; x_wconf 85' lang='lat' dir='ltr'><strong>nori</strong></span> <span class='ocrx_word' id='word_1_299' title='bbox 1406 2187 1574 2256; x_wconf 87' lang='lat' dir='ltr'><strong>testamenti,</strong></span> <span class='ocrx_word' id='word_1_300' title='bbox 1585 2185 1633 2257; x_wconf 88' lang='lat' dir='ltr'><strong>qui</strong></span> <span class='ocrx_word' id='word_1_301' title='bbox 1645 2187 1674 2240; x_wconf 93' lang='lat' dir='ltr'><strong>in</strong></span> <span class='ocrx_word' id='word_1_302' title='bbox 1687 2185 1781 2241; x_wconf 88' lang='lat' dir='ltr'><strong>remis·</strong></span> 
     </span>
     <span class='ocr_line' id='line_1_24' title="bbox 88 2255 1782 2346; baseline -0.001 -17"><span class='ocrx_word' id='word_1_303' title='bbox 88 2272 169 2330; x_wconf 90' lang='lat' dir='ltr'><strong>nobis</strong></span> <span class='ocrx_word' id='word_1_304' title='bbox 196 2272 360 2346; x_wconf 64' lang='lat' dir='ltr'><strong>aquidum</strong></span> <span class='ocrx_word' id='word_1_305' title='bbox 378 2272 500 2344; x_wconf 80' lang='lat' dir='ltr'><strong>pertinet</strong></span> <span class='ocrx_word' id='word_1_306' title='bbox 516 2272 641 2328; x_wconf 87' lang='lat' dir='ltr'><strong>remissio</strong></span> <span class='ocrx_word' id='word_1_307' title='bbox 657 2278 841 2343; x_wconf 86' lang='lat' dir='ltr'><strong>peccatorum.</strong></span> <span class='ocrx_word' id='word_1_308' title='bbox 872 2271 922 2326; x_wconf 85' lang='lat' dir='ltr'><strong>At·</strong></span> <span class='ocrx_word' id='word_1_309' title='bbox 948 2274 1053 2330; x_wconf 88' lang='lat' dir='ltr'><strong>sionem</strong></span> <span class='ocrx_word' id='word_1_310' title='bbox 1070 2280 1248 2346; x_wconf 89' lang='lat' dir='ltr'><strong>peccatorum</strong></span> <span class='ocrx_word' id='word_1_311' title='bbox 1267 2273 1370 2330; x_wconf 79' lang='lat' dir='ltr'><strong>effusm</strong></span> <span class='ocrx_word' id='word_1_312' title='bbox 1388 2279 1438 2338; x_wconf 74' lang='lat' dir='ltr'><strong>est,</strong></span> <span class='ocrx_word' id='word_1_313' title='bbox 1456 2255 1519 2344; x_wconf 71' lang='lat' dir='ltr'><strong>quii</strong></span> <span class='ocrx_word' id='word_1_314' title='bbox 1533 2280 1624 2344; x_wconf 82' lang='lat' dir='ltr'><strong>neget,</strong></span> <span class='ocrx_word' id='word_1_315' title='bbox 1639 2271 1782 2328; x_wconf 87' lang='lat' dir='ltr'><strong>credentes</strong></span> 
     </span>
     <span class='ocr_line' id='line_1_25' title="bbox 89 2355 1782 2432; baseline -0.002 -19"><span class='ocrx_word' id='word_1_316' title='bbox 89 2360 136 2432; x_wconf 85' lang='lat' dir='ltr'><strong>qui</strong></span> <span class='ocrx_word' id='word_1_317' title='bbox 159 2363 360 2413; x_wconf 77' lang='lat' dir='ltr'><strong>samsmentum</strong></span> <span class='ocrx_word' id='word_1_318' title='bbox 388 2357 573 2413; x_wconf 70' lang='lat' dir='ltr'><strong>euchamstiae</strong></span> <span class='ocrx_word' id='word_1_319' title='bbox 597 2363 640 2412; x_wconf 89' lang='lat' dir='ltr'><strong>cst</strong></span> <span class='ocrx_word' id='word_1_320' title='bbox 656 2373 743 2412; x_wconf 87' lang='lat' dir='ltr'><strong>censs</strong></span> <span class='ocrx_word' id='word_1_321' title='bbox 759 2357 922 2412; x_wconf 89' lang='lat' dir='ltr'><strong>instrumen-</strong></span> <span class='ocrx_word' id='word_1_322' title='bbox 948 2359 987 2414; x_wconf 92' lang='lat' dir='ltr'><strong>ibi</strong></span> <span class='ocrx_word' id='word_1_323' title='bbox 999 2359 1142 2432; x_wconf 88' lang='lat' dir='ltr'><strong>percipere</strong></span> <span class='ocrx_word' id='word_1_324' title='bbox 1154 2359 1314 2415; x_wconf 87' lang='lat' dir='ltr'><strong>thesaurum</strong></span> <span class='ocrx_word' id='word_1_325' title='bbox 1323 2358 1445 2415; x_wconf 88' lang='lat' dir='ltr'><strong>omnium</strong></span> <span class='ocrx_word' id='word_1_326' title='bbox 1455 2357 1651 2417; x_wconf 83' lang='lat' dir='ltr'><strong>beneficiorum</strong></span> <span class='ocrx_word' id='word_1_327' title='bbox 1659 2355 1782 2411; x_wconf 76' lang='lat' dir='ltr'><strong>Christi?</strong></span> 
     </span>
     <span class='ocr_line' id='line_1_26' title="bbox 88 2442 1782 2518; baseline -0.001 -18"><span class='ocrx_word' id='word_1_328' title='bbox 88 2445 153 2500; x_wconf 81' lang='lat' dir='ltr'><strong>talis</strong></span> <span class='ocrx_word' id='word_1_329' title='bbox 171 2443 355 2517; x_wconf 82' lang='lat' dir='ltr'><strong>applicandae</strong></span> <span class='ocrx_word' id='word_1_330' title='bbox 376 2442 539 2499; x_wconf 83' lang='lat' dir='ltr'><strong>hereditatis</strong></span> <span class='ocrx_word' id='word_1_331' title='bbox 561 2459 579 2498; x_wconf 88' lang='lat' dir='ltr'><strong>a</strong></span> <span class='ocrx_word' id='word_1_332' title='bbox 603 2442 712 2498; x_wconf 84' lang='lat' dir='ltr'><strong>Christo</strong></span> <span class='ocrx_word' id='word_1_333' title='bbox 729 2443 810 2498; x_wconf 87' lang='lat' dir='ltr'><strong>nobis</strong></span> <span class='ocrx_word' id='word_1_334' title='bbox 827 2443 923 2514; x_wconf 87' lang='lat' dir='ltr'><strong>aequi·</strong></span> <span class='ocrx_word' id='word_1_335' title='bbox 949 2447 1090 2518; x_wconf 89' lang='lat' dir='ltr'><strong>accipiunt</strong></span> <span class='ocrx_word' id='word_1_336' title='bbox 1106 2445 1179 2501; x_wconf 89' lang='lat' dir='ltr'><strong>enirn</strong></span> <span class='ocrx_word' id='word_1_337' title='bbox 1198 2445 1278 2513; x_wconf 89' lang='lat' dir='ltr'><strong>iilud,</strong></span> <span class='ocrx_word' id='word_1_338' title='bbox 1296 2445 1326 2499; x_wconf 84' lang='lat' dir='ltr'><strong>s&#39;n</strong></span> <span class='ocrx_word' id='word_1_339' title='bbox 1343 2463 1398 2516; x_wconf 73' lang='lat' dir='ltr'><strong>csso</strong></span> <span class='ocrx_word' id='word_1_340' title='bbox 1412 2453 1531 2516; x_wconf 84' lang='lat' dir='ltr'><strong>peccata</strong></span> <span class='ocrx_word' id='word_1_341' title='bbox 1548 2446 1734 2508; x_wconf 80' lang='lat' dir='ltr'><strong>remittantur,</strong></span> <span class='ocrx_word' id='word_1_342' title='bbox 1750 2445 1782 2498; x_wconf 81' lang='lat' dir='ltr'><strong>r‘s</strong></span> 
     </span>
     <span class='ocr_line' id='line_1_27' title="bbox 89 2529 1866 2604; baseline -0.003 -16"><span class='ocrx_word' id='word_1_343' title='bbox 89 2532 168 2589; x_wconf 84' lang='lat' dir='ltr'><strong>sitae.</strong></span> <span class='ocrx_word' id='word_1_344' title='bbox 195 2530 272 2604; x_wconf 82' lang='lat' dir='ltr'><strong>Ergo</strong></span> <span class='ocrx_word' id='word_1_345' title='bbox 290 2530 427 2588; x_wconf 76' lang='lat' dir='ltr'><strong>estetim</strong></span> <span class='ocrx_word' id='word_1_346' title='bbox 438 2547 523 2586; x_wconf 88' lang='lat' dir='ltr'><strong>causa</strong></span> <span class='ocrx_word' id='word_1_347' title='bbox 533 2529 752 2586; x_wconf 87' lang='lat' dir='ltr'><strong>instrumentalis</strong></span> <span class='ocrx_word' id='word_1_348' title='bbox 763 2529 923 2602; x_wconf 87' lang='lat' dir='ltr'><strong>applicandi</strong></span> <span class='ocrx_word' id='word_1_349' title='bbox 950 2549 1004 2602; x_wconf 72' lang='lat' dir='ltr'><strong>prro</strong></span> <span class='ocrx_word' id='word_1_350' title='bbox 1021 2549 1098 2586; x_wconf 88' lang='lat' dir='ltr'><strong>mors</strong></span> <span class='ocrx_word' id='word_1_351' title='bbox 1116 2532 1253 2595; x_wconf 69' lang='lat' dir='ltr'><strong>aboktnr,</strong></span> <span class='ocrx_word' id='word_1_352' title='bbox 1272 2532 1302 2585; x_wconf 87' lang='lat' dir='ltr'><strong>in</strong></span> <span class='ocrx_word' id='word_1_353' title='bbox 1319 2548 1373 2602; x_wconf 75' lang='lat' dir='ltr'><strong>qno</strong></span> <span class='ocrx_word' id='word_1_354' title='bbox 1392 2531 1450 2586; x_wconf 84' lang='lat' dir='ltr'><strong>cita</strong></span> <span class='ocrx_word' id='word_1_355' title='bbox 1467 2530 1546 2586; x_wconf 81' lang='lat' dir='ltr'><strong>nobis</strong></span> <span class='ocrx_word' id='word_1_356' title='bbox 1558 2531 1783 2599; x_wconf 63' lang='lat' dir='ltr'><strong>communicatur</strong></span> <span class='ocrx_word' id='word_1_357' title='bbox 1857 2565 1866 2590; x_wconf 75' lang='lat'><strong>,</strong></span> 
     </span>
     <span class='ocr_line' id='line_1_28' title="bbox 89 2614 1784 2690; baseline -0.002 -16"><span class='ocrx_word' id='word_1_358' title='bbox 89 2617 276 2674; x_wconf 86' lang='lat' dir='ltr'><strong>remissionem</strong></span> <span class='ocrx_word' id='word_1_359' title='bbox 292 2618 478 2689; x_wconf 80' lang='lat' dir='ltr'><strong>peecatorum.</strong></span> <span class='ocrx_word' id='word_1_360' title='bbox 513 2621 537 2672; x_wconf 80' lang='grc'><strong>2.</strong></span> <span class='ocrx_word' id='word_1_361' title='bbox 551 2614 769 2682; x_wconf 77' lang='lat' dir='ltr'><strong>sedvideamns,</strong></span> <span class='ocrx_word' id='word_1_362' title='bbox 786 2617 923 2688; x_wconf 89' lang='lat' dir='ltr'><strong>quomodo</strong></span> <span class='ocrx_word' id='word_1_363' title='bbox 951 2634 1025 2690; x_wconf 86' lang='lat' dir='ltr'><strong>quae</strong></span> <span class='ocrx_word' id='word_1_364' title='bbox 1041 2623 1107 2674; x_wconf 88' lang='lat' dir='ltr'><strong>runt</strong></span> <span class='ocrx_word' id='word_1_365' title='bbox 1124 2617 1212 2675; x_wconf 71' lang='lat' dir='ltr'><strong>reba</strong></span> <span class='ocrx_word' id='word_1_366' title='bbox 1227 2618 1264 2675; x_wconf 91' lang='lat' dir='ltr'><strong>D.</strong></span> <span class='ocrx_word' id='word_1_367' title='bbox 1282 2617 1443 2674; x_wconf 80' lang='lat' dir='ltr'><strong>Chemnicii.</strong></span> <span class='ocrx_word' id='word_1_368' title='bbox 1478 2617 1622 2684; x_wconf 83' lang='lat' dir='ltr'><strong>Quomodo</strong></span> <span class='ocrx_word' id='word_1_369' title='bbox 1638 2631 1706 2688; x_wconf 90' lang='lat' dir='ltr'><strong>ergo</strong></span> <span class='ocrx_word' id='word_1_370' title='bbox 1721 2631 1784 2688; x_wconf 71' lang='lat' dir='ltr'><strong>pre</strong></span> 
     </span>
     <span class='ocr_line' id='line_1_29' title="bbox 90 2701 1785 2778; baseline -0.001 -18"><span class='ocrx_word' id='word_1_371' title='bbox 90 2705 146 2760; x_wconf 81' lang='lat' dir='ltr'><strong>virn</strong></span> <span class='ocrx_word' id='word_1_372' title='bbox 164 2703 249 2776; x_wconf 81' lang='lat' dir='ltr'><strong>hujus</strong></span> <span class='ocrx_word' id='word_1_373' title='bbox 266 2703 423 2778; x_wconf 71' lang='lat' dir='ltr'><strong>argumerui</strong></span> <span class='ocrx_word' id='word_1_374' title='bbox 442 2703 593 2775; x_wconf 87' lang='lat' dir='ltr'><strong>iniringere</strong></span> <span class='ocrx_word' id='word_1_375' title='bbox 610 2708 734 2760; x_wconf 86' lang='lat' dir='ltr'><strong>conetur.</strong></span> <span class='ocrx_word' id='word_1_376' title='bbox 770 2701 805 2757; x_wconf 75' lang='lat' dir='ltr'><strong>cr·</strong></span> <span class='ocrx_word' id='word_1_377' title='bbox 824 2703 923 2757; x_wconf 74' lang='lat' dir='ltr'><strong>saeba</strong></span> <span class='ocrx_word' id='word_1_378' title='bbox 949 2706 999 2761; x_wconf 86' lang='lat' dir='ltr'><strong>bet</strong></span> <span class='ocrx_word' id='word_1_379' title='bbox 1017 2705 1216 2774; x_wconf 87' lang='lat' dir='ltr'><strong>Bellarminus,</strong></span> <span class='ocrx_word' id='word_1_380' title='bbox 1233 2704 1415 2762; x_wconf 73' lang='lat' dir='ltr'><strong>hereditatem</strong></span> <span class='ocrx_word' id='word_1_381' title='bbox 1431 2704 1460 2758; x_wconf 95' lang='lat' dir='ltr'><strong>in</strong></span> <span class='ocrx_word' id='word_1_382' title='bbox 1479 2702 1645 2759; x_wconf 85' lang='lat' dir='ltr'><strong>eucharistia</strong></span> <span class='ocrx_word' id='word_1_383' title='bbox 1663 2720 1718 2758; x_wconf 90' lang='lat' dir='ltr'><strong>non</strong></span> <span class='ocrx_word' id='word_1_384' title='bbox 1736 2719 1785 2775; x_wconf 89' lang='lat' dir='ltr'><strong>ap·</strong></span> 
     </span>
     <span class='ocr_line' id='line_1_30' title="bbox 90 2787 1786 2865; baseline -0.001 -20"><span class='ocrx_word' id='word_1_385' title='bbox 90 2791 175 2845; x_wconf 85' lang='lat' dir='ltr'><strong>rists‘a</strong></span> <span class='ocrx_word' id='word_1_386' title='bbox 193 2792 308 2847; x_wconf 72' lang='lat' dir='ltr'><strong>dicatur</strong></span> <span class='ocrx_word' id='word_1_387' title='bbox 325 2808 424 2845; x_wconf 83' lang='lat' dir='ltr'><strong>nocam</strong></span> <span class='ocrx_word' id='word_1_388' title='bbox 440 2797 650 2855; x_wconf 79' lang='lat' dir='ltr'><strong>testamentum,</strong></span> <span class='ocrx_word' id='word_1_389' title='bbox 674 2790 742 2859; x_wconf 74' lang='lat' dir='ltr'><strong>qnia</strong></span> <span class='ocrx_word' id='word_1_390' title='bbox 758 2789 924 2860; x_wconf 70' lang='lat' dir='ltr'><strong>cremensem</strong></span> <span class='ocrx_word' id='word_1_391' title='bbox 949 2791 1047 2863; x_wconf 86' lang='lat' dir='ltr'><strong>plicari</strong></span> <span class='ocrx_word' id='word_1_392' title='bbox 1066 2791 1147 2849; x_wconf 90' lang='lat' dir='ltr'><strong>nobis</strong></span> <span class='ocrx_word' id='word_1_393' title='bbox 1165 2789 1322 2865; x_wconf 77' lang='lat' dir='ltr'><strong>integram?</strong></span> <span class='ocrx_word' id='word_1_394' title='bbox 1353 2792 1390 2845; x_wconf 90' lang='lat' dir='ltr'><strong>In</strong></span> <span class='ocrx_word' id='word_1_395' title='bbox 1409 2791 1559 2861; x_wconf 74' lang='lat' dir='ltr'><strong>baptism,</strong></span> <span class='ocrx_word' id='word_1_396' title='bbox 1576 2787 1674 2861; x_wconf 87' lang='lat' dir='ltr'><strong>inquit,</strong></span> <span class='ocrx_word' id='word_1_397' title='bbox 1691 2790 1786 2860; x_wconf 87' lang='lat' dir='ltr'><strong>appli-</strong></span> 
     </span>
     <span class='ocr_line' id='line_1_31' title="bbox 92 2875 1787 2948; baseline 0 -16"><span class='ocrx_word' id='word_1_398' title='bbox 92 2877 242 2933; x_wconf 68' lang='lat' dir='ltr'><strong>volutatis</strong></span> <span class='ocrx_word' id='word_1_399' title='bbox 273 2878 428 2943; x_wconf 86' lang='lat' dir='ltr'><strong>testatoris,</strong></span> <span class='ocrx_word' id='word_1_400' title='bbox 462 2885 555 2930; x_wconf 69' lang='lat' dir='ltr'><strong>mnan</strong></span> <span class='ocrx_word' id='word_1_401' title='bbox 581 2876 664 2931; x_wconf 81' lang='lat' dir='ltr'><strong>nnita</strong></span> <span class='ocrx_word' id='word_1_402' title='bbox 690 2884 730 2930; x_wconf 89' lang='lat' dir='ltr'><strong>est</strong></span> <span class='ocrx_word' id='word_1_403' title='bbox 758 2875 924 2947; x_wconf 72' lang='lat' dir='ltr'><strong>difficultas.</strong></span> <span class='ocrx_word' id='word_1_404' title='bbox 951 2887 1052 2933; x_wconf 81' lang='lat' dir='ltr'><strong>cantrrr</strong></span> <span class='ocrx_word' id='word_1_405' title='bbox 1073 2879 1153 2935; x_wconf 80' lang='lat' dir='ltr'><strong>nobis</strong></span> <span class='ocrx_word' id='word_1_406' title='bbox 1172 2879 1281 2935; x_wconf 73' lang='lat' dir='ltr'><strong>Christi</strong></span> <span class='ocrx_word' id='word_1_407' title='bbox 1303 2878 1404 2933; x_wconf 83' lang='lat' dir='ltr'><strong>merita</strong></span> <span class='ocrx_word' id='word_1_408' title='bbox 1417 2893 1474 2948; x_wconf 85' lang='lat' dir='ltr'><strong>per</strong></span> <span class='ocrx_word' id='word_1_409' title='bbox 1488 2877 1602 2931; x_wconf 76' lang='lat' dir='ltr'><strong>modum</strong></span> <span class='ocrx_word' id='word_1_410' title='bbox 1617 2876 1728 2931; x_wconf 73' lang='lat' dir='ltr'><strong>iaeami</strong></span> <span class='ocrx_word' id='word_1_411' title='bbox 1744 2877 1787 2931; x_wconf 85' lang='lat' dir='ltr'><strong>ad</strong></span> 
     </span>
     <span class='ocr_line' id='line_1_32' title="bbox 96 2962 1785 3036; baseline -0.001 -17"><span class='ocrx_word' id='word_1_412' title='bbox 96 2965 166 3028; x_wconf 84' lang='lat' dir='ltr'><strong>Qrsic</strong></span> <span class='ocrx_word' id='word_1_413' title='bbox 190 2963 264 3019; x_wconf 86' lang='lat' dir='ltr'><strong>enim</strong></span> <span class='ocrx_word' id='word_1_414' title='bbox 281 2963 452 3018; x_wconf 77' lang='lat' dir='ltr'><strong>eucharistia</strong></span> <span class='ocrx_word' id='word_1_415' title='bbox 469 2971 509 3017; x_wconf 84' lang='lat' dir='ltr'><strong>est</strong></span> <span class='ocrx_word' id='word_1_416' title='bbox 527 2963 638 3033; x_wconf 76' lang='lat' dir='ltr'><strong>sianum</strong></span> <span class='ocrx_word' id='word_1_417' title='bbox 655 2969 681 3018; x_wconf 90' lang='lat' dir='ltr'><strong>et</strong></span> <span class='ocrx_word' id='word_1_418' title='bbox 700 2962 924 3034; x_wconf 78' lang='lat' dir='ltr'><strong>repraesentatio</strong></span> <span class='ocrx_word' id='word_1_419' title='bbox 951 2966 1106 3020; x_wconf 78' lang='lat' dir='ltr'><strong>abluendas</strong></span> <span class='ocrx_word' id='word_1_420' title='bbox 1121 2965 1267 3036; x_wconf 78' lang='lat' dir='ltr'><strong>maeatas,-</strong></span> <span class='ocrx_word' id='word_1_421' title='bbox 1289 2966 1320 3019; x_wconf 89' lang='lat' dir='ltr'><strong>in</strong></span> <span class='ocrx_word' id='word_1_422' title='bbox 1335 2973 1513 3019; x_wconf 80' lang='lat' dir='ltr'><strong>scermnentc</strong></span> <span class='ocrx_word' id='word_1_423' title='bbox 1526 2963 1717 3033; x_wconf 85' lang='lat' dir='ltr'><strong>poenitentias</strong></span> <span class='ocrx_word' id='word_1_424' title='bbox 1734 2981 1785 3034; x_wconf 81' lang='lat' dir='ltr'><strong>ap·</strong></span> 
     </span>
     <span class='ocr_line' id='line_1_33' title="bbox 92 3049 1785 3123; baseline -0.001 -18"><span class='ocrx_word' id='word_1_425' title='bbox 92 3050 189 3105; x_wconf 84' lang='lat' dir='ltr'><strong>morts’s</strong></span> <span class='ocrx_word' id='word_1_426' title='bbox 209 3049 323 3120; x_wconf 67' lang='lat' dir='ltr'><strong>Christi,</strong></span> <span class='ocrx_word' id='word_1_427' title='bbox 342 3059 383 3105; x_wconf 90' lang='lat' dir='ltr'><strong>est</strong></span> <span class='ocrx_word' id='word_1_428' title='bbox 401 3050 485 3104; x_wconf 68' lang='lat' dir='ltr'><strong>mian</strong></span> <span class='ocrx_word' id='word_1_429' title='bbox 498 3051 609 3119; x_wconf 79' lang='lat' dir='ltr'><strong>sipnrtm</strong></span> <span class='ocrx_word' id='word_1_430' title='bbox 620 3049 772 3105; x_wconf 78' lang='lat' dir='ltr'><strong>veluntatis</strong></span> <span class='ocrx_word' id='word_1_431' title='bbox 782 3049 926 3104; x_wconf 77' lang='lat' dir='ltr'><strong>testatms&#39;s</strong></span> <span class='ocrx_word' id='word_1_432' title='bbox 948 3052 1095 3122; x_wconf 81' lang='lat' dir='ltr'><strong>plicantur</strong></span> <span class='ocrx_word' id='word_1_433' title='bbox 1111 3069 1164 3123; x_wconf 84' lang='lat' dir='ltr'><strong>per</strong></span> <span class='ocrx_word' id='word_1_434' title='bbox 1179 3054 1288 3107; x_wconf 79' lang='lat' dir='ltr'><strong>modam</strong></span> <span class='ocrx_word' id='word_1_435' title='bbox 1306 3052 1452 3122; x_wconf 83' lang='lat' dir='ltr'><strong>ensplastrs&#39;</strong></span> <span class='ocrx_word' id='word_1_436' title='bbox 1468 3051 1512 3106; x_wconf 83' lang='lat' dir='ltr'><strong>cel</strong></span> <span class='ocrx_word' id='word_1_437' title='bbox 1520 3050 1673 3120; x_wconf 72' lang='lat' dir='ltr'><strong>pharmaci</strong></span> <span class='ocrx_word' id='word_1_438' title='bbox 1685 3051 1727 3104; x_wconf 83' lang='lat' dir='ltr'><strong>ad</strong></span> <span class='ocrx_word' id='word_1_439' title='bbox 1738 3067 1785 3104; x_wconf 85' lang='lat' dir='ltr'><strong>css·</strong></span> 
     </span>
     <span class='ocr_line' id='line_1_34' title="bbox 93 3137 1785 3207; baseline -0.001 -15"><span class='ocrx_word' id='word_1_440' title='bbox 93 3146 119 3192; x_wconf 88' lang='lat' dir='ltr'><strong>et</strong></span> <span class='ocrx_word' id='word_1_441' title='bbox 140 3140 262 3193; x_wconf 75' lang='lat' dir='ltr'><strong>metam</strong></span> <span class='ocrx_word' id='word_1_442' title='bbox 286 3139 420 3193; x_wconf 80' lang='lat' dir='ltr'><strong>tonorum</strong></span> <span class='ocrx_word' id='word_1_443' title='bbox 436 3137 515 3190; x_wconf 82' lang='lat' dir='ltr'><strong>nobis</strong></span> <span class='ocrx_word' id='word_1_444' title='bbox 527 3137 734 3207; x_wconf 75' lang='lat' dir='ltr'><strong>premissorum</strong></span> <span class='ocrx_word' id='word_1_445' title='bbox 750 3144 834 3206; x_wconf 79' lang='lat' dir='ltr'><strong>atque</strong></span> <span class='ocrx_word' id='word_1_446' title='bbox 852 3137 925 3190; x_wconf 82' lang='lat' dir='ltr'><strong>adeo</strong></span> <span class='ocrx_word' id='word_1_447' title='bbox 950 3141 1047 3195; x_wconf 80' lang='lat' dir='ltr'><strong>sanda</strong></span> <span class='ocrx_word' id='word_1_448' title='bbox 1076 3139 1208 3204; x_wconf 61' lang='lat' dir='ltr'><strong>animm</strong></span> <span class='ocrx_word' id='word_1_449' title='bbox 1237 3139 1267 3191; x_wconf 88' lang='lat' dir='ltr'><strong>in</strong></span> <span class='ocrx_word' id='word_1_450' title='bbox 1290 3137 1462 3193; x_wconf 72' lang='lat' dir='ltr'><strong>minnistin</strong></span> <span class='ocrx_word' id='word_1_451' title='bbox 1484 3144 1575 3191; x_wconf 80' lang='lat' dir='ltr'><strong>antem</strong></span> <span class='ocrx_word' id='word_1_452' title='bbox 1601 3137 1785 3206; x_wconf 70' lang='lat' dir='ltr'><strong>applicantes</strong></span> 
     </span>
     <span class='ocr_line' id='line_1_35' title="bbox 92 3223 1785 3295; baseline -0.002 -16"><span class='ocrx_word' id='word_1_453' title='bbox 92 3225 176 3279; x_wconf 67' lang='lat' dir='ltr'><strong>diam</strong></span> <span class='ocrx_word' id='word_1_454' title='bbox 198 3224 371 3279; x_wconf 76' lang='lat' dir='ltr'><strong>remissionis</strong></span> <span class='ocrx_word' id='word_1_455' title='bbox 390 3232 579 3295; x_wconf 82' lang='lat' dir='ltr'><strong>peccatorum.</strong></span> <span class='ocrx_word' id='word_1_456' title='bbox 616 3223 665 3278; x_wconf 80' lang='lat' dir='ltr'><strong>Sic</strong></span> <span class='ocrx_word' id='word_1_457' title='bbox 688 3239 754 3292; x_wconf 79' lang='lat' dir='ltr'><strong>erpo</strong></span> <span class='ocrx_word' id='word_1_458' title='bbox 777 3223 808 3276; x_wconf 88' lang='lat' dir='ltr'><strong>in</strong></span> <span class='ocrx_word' id='word_1_459' title='bbox 825 3223 925 3276; x_wconf 80' lang='lat' dir='ltr'><strong>sacia·</strong></span> <span class='ocrx_word' id='word_1_460' title='bbox 947 3241 1002 3295; x_wconf 88' lang='lat' dir='ltr'><strong>per</strong></span> <span class='ocrx_word' id='word_1_461' title='bbox 1019 3226 1132 3280; x_wconf 81' lang='lat' dir='ltr'><strong>modam</strong></span> <span class='ocrx_word' id='word_1_462' title='bbox 1150 3224 1207 3279; x_wconf 82' lang='lat' dir='ltr'><strong>eibi</strong></span> <span class='ocrx_word' id='word_1_463' title='bbox 1224 3233 1249 3278; x_wconf 87' lang='lat' dir='ltr'><strong>et</strong></span> <span class='ocrx_word' id='word_1_464' title='bbox 1261 3232 1348 3293; x_wconf 82' lang='lat' dir='ltr'><strong>patus</strong></span> <span class='ocrx_word' id='word_1_465' title='bbox 1364 3225 1406 3277; x_wconf 80' lang='lat' dir='ltr'><strong>ad</strong></span> <span class='ocrx_word' id='word_1_466' title='bbox 1421 3224 1601 3293; x_wconf 76' lang='lat' dir='ltr'><strong>reficiendum</strong></span> <span class='ocrx_word' id='word_1_467' title='bbox 1618 3231 1645 3276; x_wconf 90' lang='lat' dir='ltr'><strong>st</strong></span> <span class='ocrx_word' id='word_1_468' title='bbox 1662 3225 1785 3277; x_wconf 64' lang='lat' dir='ltr'><strong>nonme</strong></span> 
     </span>
     <span class='ocr_line' id='line_1_36' title="bbox 91 3308 1784 3381; baseline -0.002 -16"><span class='ocrx_word' id='word_1_469' title='bbox 91 3312 175 3365; x_wconf 75' lang='lat' dir='ltr'><strong>rists’a</strong></span> <span class='ocrx_word' id='word_1_470' title='bbox 192 3312 348 3366; x_wconf 64' lang='lat' dir='ltr'><strong>emsanetrtr</strong></span> <span class='ocrx_word' id='word_1_471' title='bbox 364 3309 492 3364; x_wconf 86' lang='lat' dir='ltr'><strong>remissio</strong></span> <span class='ocrx_word' id='word_1_472' title='bbox 507 3317 702 3381; x_wconf 79' lang='lat' dir='ltr'><strong>peccatorum,</strong></span> <span class='ocrx_word' id='word_1_473' title='bbox 720 3316 857 3380; x_wconf 67' lang='lat' dir='ltr'><strong>metentes</strong></span> <span class='ocrx_word' id='word_1_474' title='bbox 870 3325 925 3380; x_wconf 85' lang='lat' dir='ltr'><strong>per</strong></span> <span class='ocrx_word' id='word_1_475' title='bbox 952 3313 1019 3364; x_wconf 78' lang='lat' dir='ltr'><strong>etam</strong></span> <span class='ocrx_word' id='word_1_476' title='bbox 1037 3319 1063 3364; x_wconf 89' lang='lat' dir='ltr'><strong>et</strong></span> <span class='ocrx_word' id='word_1_477' title='bbox 1075 3311 1320 3381; x_wconf 76' lang='lat' dir='ltr'><strong>praese-eandum</strong></span> <span class='ocrx_word' id='word_1_478' title='bbox 1331 3326 1350 3362; x_wconf 87' lang='lat' dir='ltr'><strong>a</strong></span> <span class='ocrx_word' id='word_1_479' title='bbox 1362 3310 1474 3363; x_wconf 70' lang='lat' dir='ltr'><strong>morbus.</strong></span> <span class='ocrx_word' id='word_1_480' title='bbox 1492 3308 1715 3378; x_wconf 83' lang='lat' dir='ltr'><strong>Respondemus:</strong></span> <span class='ocrx_word' id='word_1_481' title='bbox 1728 3315 1784 3362; x_wconf 87' lang='lat' dir='ltr'><strong>tem</strong></span> 
     </span>
     <span class='ocr_line' id='line_1_37' title="bbox 91 3393 1784 3469; baseline -0.003 -16"><span class='ocrx_word' id='word_1_482' title='bbox 91 3415 152 3452; x_wconf 90' lang='lat' dir='ltr'><strong>scm</strong></span> <span class='ocrx_word' id='word_1_483' title='bbox 168 3405 396 3469; x_wconf 78' lang='lat' dir='ltr'><strong>repraesentator</strong></span> <span class='ocrx_word' id='word_1_484' title='bbox 420 3397 520 3467; x_wconf 73' lang='lat' dir='ltr'><strong>effisss&#39;o</strong></span> <span class='ocrx_word' id='word_1_485' title='bbox 546 3396 694 3466; x_wconf 72' lang='lat' dir='ltr'><strong>sanquins&#39;s</strong></span> <span class='ocrx_word' id='word_1_486' title='bbox 718 3393 851 3462; x_wconf 85' lang='lat' dir='ltr'><strong>Domini,</strong></span> <span class='ocrx_word' id='word_1_487' title='bbox 872 3412 925 3465; x_wconf 84' lang='lat' dir='ltr'><strong>per</strong></span> <span class='ocrx_word' id='word_1_488' title='bbox 951 3398 981 3453; x_wconf 91' lang='lat' dir='ltr'><strong>in</strong></span> <span class='ocrx_word' id='word_1_489' title='bbox 1003 3395 1169 3452; x_wconf 73' lang='lat' dir='ltr'><strong>euchmbda</strong></span> <span class='ocrx_word' id='word_1_490' title='bbox 1191 3411 1274 3466; x_wconf 87' lang='lat' dir='ltr'><strong>quam</strong></span> <span class='ocrx_word' id='word_1_491' title='bbox 1300 3395 1330 3450; x_wconf 91' lang='lat' dir='ltr'><strong>in</strong></span> <span class='ocrx_word' id='word_1_492' title='bbox 1348 3394 1487 3466; x_wconf 87' lang='lat' dir='ltr'><strong>baptismo</strong></span> <span class='ocrx_word' id='word_1_493' title='bbox 1503 3393 1679 3450; x_wconf 81' lang='lat' dir='ltr'><strong>credentibus</strong></span> <span class='ocrx_word' id='word_1_494' title='bbox 1695 3393 1784 3465; x_wconf 89' lang='lat' dir='ltr'><strong>appii·</strong></span> 
     </span>
     <span class='ocr_line' id='line_1_38' title="bbox 92 3479 1784 3556; baseline -0.002 -18"><span class='ocrx_word' id='word_1_495' title='bbox 92 3503 174 3556; x_wconf 73' lang='lat' dir='ltr'><strong>qaam</strong></span> <span class='ocrx_word' id='word_1_496' title='bbox 197 3486 291 3540; x_wconf 81' lang='lat' dir='ltr'><strong>onmia</strong></span> <span class='ocrx_word' id='word_1_497' title='bbox 306 3491 428 3554; x_wconf 85' lang='lat' dir='ltr'><strong>peccata</strong></span> <span class='ocrx_word' id='word_1_498' title='bbox 444 3484 636 3552; x_wconf 79' lang='lat' dir='ltr'><strong>remittantur,</strong></span> <span class='ocrx_word' id='word_1_499' title='bbox 659 3500 714 3537; x_wconf 85' lang='lat' dir='ltr'><strong>non</strong></span> <span class='ocrx_word' id='word_1_500' title='bbox 731 3489 823 3535; x_wconf 81' lang='lat' dir='ltr'><strong>erstem</strong></span> <span class='ocrx_word' id='word_1_501' title='bbox 842 3497 876 3534; x_wconf 86' lang='lat' dir='ltr'><strong>ea</strong></span> <span class='ocrx_word' id='word_1_502' title='bbox 893 3497 925 3535; x_wconf 90' lang='lat' dir='ltr'><strong>ec</strong></span> <span class='ocrx_word' id='word_1_503' title='bbox 952 3490 1050 3540; x_wconf 87' lang='lat' dir='ltr'><strong>cantur</strong></span> <span class='ocrx_word' id='word_1_504' title='bbox 1072 3488 1101 3538; x_wconf 90' lang='lat' dir='ltr'><strong>et</strong></span> <span class='ocrx_word' id='word_1_505' title='bbox 1117 3481 1300 3554; x_wconf 75' lang='lat' dir='ltr'><strong>obsignantur</strong></span> <span class='ocrx_word' id='word_1_506' title='bbox 1317 3479 1410 3535; x_wconf 89' lang='lat' dir='ltr'><strong>omnia</strong></span> <span class='ocrx_word' id='word_1_507' title='bbox 1426 3479 1530 3535; x_wconf 83' lang='lat' dir='ltr'><strong>Christi</strong></span> <span class='ocrx_word' id='word_1_508' title='bbox 1549 3479 1697 3549; x_wconf 69' lang='lat' dir='ltr'><strong>benefida,</strong></span> <span class='ocrx_word' id='word_1_509' title='bbox 1720 3496 1784 3535; x_wconf 83' lang='lat' dir='ltr'><strong>cum</strong></span> 
     </span>
     <span class='ocr_line' id='line_1_39' title="bbox 92 3564 1786 3641; baseline -0.004 -13"><span class='ocrx_word' id='word_1_510' title='bbox 92 3574 287 3636; x_wconf 77' lang='lat' dir='ltr'><strong>inferendam,</strong></span> <span class='ocrx_word' id='word_1_511' title='bbox 312 3572 390 3641; x_wconf 80' lang='lat' dir='ltr'><strong>qnod</strong></span> <span class='ocrx_word' id='word_1_512' title='bbox 414 3570 524 3623; x_wconf 67' lang='lat' dir='ltr'><strong>meana</strong></span> <span class='ocrx_word' id='word_1_513' title='bbox 546 3569 663 3638; x_wconf 75' lang='lat' dir='ltr'><strong>sanquis</strong></span> <span class='ocrx_word' id='word_1_514' title='bbox 687 3570 717 3622; x_wconf 85' lang='lat' dir='ltr'><strong>r&#39;n</strong></span> <span class='ocrx_word' id='word_1_515' title='bbox 736 3568 925 3622; x_wconf 86' lang='lat' dir='ltr'><strong>remissionem</strong></span> <span class='ocrx_word' id='word_1_516' title='bbox 950 3570 1016 3627; x_wconf 88' lang='lat' dir='ltr'><strong>fidei</strong></span> <span class='ocrx_word' id='word_1_517' title='bbox 1039 3568 1222 3634; x_wconf 83' lang='lat' dir='ltr'><strong>confirmatio,</strong></span> <span class='ocrx_word' id='word_1_518' title='bbox 1244 3572 1425 3640; x_wconf 88' lang='lat' dir='ltr'><strong>augmentum</strong></span> <span class='ocrx_word' id='word_1_519' title='bbox 1452 3575 1481 3622; x_wconf 90' lang='lat' dir='ltr'><strong>ct</strong></span> <span class='ocrx_word' id='word_1_520' title='bbox 1496 3565 1653 3639; x_wconf 74' lang='lat' dir='ltr'><strong>obsignatio</strong></span> <span class='ocrx_word' id='word_1_521' title='bbox 1668 3566 1706 3622; x_wconf 93' lang='lat' dir='ltr'><strong>sit</strong></span> <span class='ocrx_word' id='word_1_522' title='bbox 1722 3564 1786 3622; x_wconf 84' lang='lat' dir='ltr'><strong>bnis</strong></span> 
     </span>
     <span class='ocr_line' id='line_1_40' title="bbox 91 3652 1786 3730; baseline -0.002 -15"><span class='ocrx_word' id='word_1_523' title='bbox 91 3667 277 3730; x_wconf 78' lang='lat' dir='ltr'><strong>peccaterum</strong></span> <span class='ocrx_word' id='word_1_524' title='bbox 306 3657 528 3729; x_wconf 84' lang='lat' dir='ltr'><strong>Respondemus:</strong></span> <span class='ocrx_word' id='word_1_525' title='bbox 547 3655 611 3711; x_wconf 85' lang='lat' dir='ltr'><strong>finis</strong></span> <span class='ocrx_word' id='word_1_526' title='bbox 627 3653 808 3711; x_wconf 88' lang='lat' dir='ltr'><strong>institutionis</strong></span> <span class='ocrx_word' id='word_1_527' title='bbox 826 3652 925 3709; x_wconf 89' lang='lat' dir='ltr'><strong>cucha-</strong></span> <span class='ocrx_word' id='word_1_528' title='bbox 951 3656 1090 3729; x_wconf 88' lang='lat' dir='ltr'><strong>generalis</strong></span> <span class='ocrx_word' id='word_1_529' title='bbox 1137 3654 1259 3710; x_wconf 89' lang='lat' dir='ltr'><strong>omnium</strong></span> <span class='ocrx_word' id='word_1_530' title='bbox 1301 3660 1541 3710; x_wconf 86' lang='lat' dir='ltr'><strong>sacramentorum.</strong></span> <span class='ocrx_word' id='word_1_531' title='bbox 1593 3653 1786 3727; x_wconf 74' lang='lat' dir='ltr'><strong>Behnquimu</strong></span> 
     </span>
     <span class='ocr_line' id='line_1_41' title="bbox 93 3739 1786 3816; baseline -0.004 -14"><span class='ocrx_word' id='word_1_532' title='bbox 93 3746 187 3803; x_wconf 89' lang='lat' dir='ltr'><strong>ristiac</strong></span> <span class='ocrx_word' id='word_1_533' title='bbox 204 3762 260 3801; x_wconf 91' lang='lat' dir='ltr'><strong>non</strong></span> <span class='ocrx_word' id='word_1_534' title='bbox 272 3749 315 3800; x_wconf 90' lang='lat' dir='ltr'><strong>est</strong></span> <span class='ocrx_word' id='word_1_535' title='bbox 327 3742 545 3816; x_wconf 85' lang='lat' dir='ltr'><strong>repraesentatio</strong></span> <span class='ocrx_word' id='word_1_536' title='bbox 558 3740 702 3814; x_wconf 87' lang='lat' dir='ltr'><strong>passionis,</strong></span> <span class='ocrx_word' id='word_1_537' title='bbox 715 3739 924 3796; x_wconf 89' lang='lat' dir='ltr'><strong>ssdccmmuni·</strong></span> <span class='ocrx_word' id='word_1_538' title='bbox 952 3743 1064 3815; x_wconf 88' lang='lat' dir='ltr'><strong>quidem</strong></span> <span class='ocrx_word' id='word_1_539' title='bbox 1093 3748 1122 3798; x_wconf 88' lang='lat' dir='ltr'><strong>et</strong></span> <span class='ocrx_word' id='word_1_540' title='bbox 1148 3739 1296 3798; x_wconf 87' lang='lat' dir='ltr'><strong>tribuimus</strong></span> <span class='ocrx_word' id='word_1_541' title='bbox 1322 3740 1424 3813; x_wconf 74' lang='lat' dir='ltr'><strong>cuiqam</strong></span> <span class='ocrx_word' id='word_1_542' title='bbox 1449 3745 1620 3796; x_wconf 86' lang='lat' dir='ltr'><strong>sacramenta</strong></span> <span class='ocrx_word' id='word_1_543' title='bbox 1640 3741 1714 3812; x_wconf 88' lang='lat' dir='ltr'><strong>quod</strong></span> <span class='ocrx_word' id='word_1_544' title='bbox 1739 3756 1786 3796; x_wconf 88' lang='lat' dir='ltr'><strong>cu·</strong></span> 
     </span>
     <span class='ocr_line' id='line_1_42' title="bbox 94 3825 1786 3903; baseline -0.003 -14"><span class='ocrx_word' id='word_1_545' title='bbox 94 3835 167 3889; x_wconf 90' lang='lat' dir='ltr'><strong>catio</strong></span> <span class='ocrx_word' id='word_1_546' title='bbox 183 3831 306 3903; x_wconf 89' lang='lat' dir='ltr'><strong>corporis</strong></span> <span class='ocrx_word' id='word_1_547' title='bbox 325 3837 354 3887; x_wconf 90' lang='lat' dir='ltr'><strong>et</strong></span> <span class='ocrx_word' id='word_1_548' title='bbox 372 3828 516 3902; x_wconf 88' lang='lat' dir='ltr'><strong>sanguinis</strong></span> <span class='ocrx_word' id='word_1_549' title='bbox 533 3826 648 3892; x_wconf 78' lang='lat' dir='ltr'><strong>Christi,</strong></span> <span class='ocrx_word' id='word_1_550' title='bbox 672 3832 704 3881; x_wconf 92' lang='lat' dir='ltr'><strong>ut</strong></span> <span class='ocrx_word' id='word_1_551' title='bbox 721 3843 772 3882; x_wconf 89' lang='lat' dir='ltr'><strong>suo</strong></span> <span class='ocrx_word' id='word_1_552' title='bbox 790 3827 850 3882; x_wconf 90' lang='lat' dir='ltr'><strong>loco</strong></span> <span class='ocrx_word' id='word_1_553' title='bbox 868 3825 926 3897; x_wconf 89' lang='lat' dir='ltr'><strong>ple·</strong></span> <span class='ocrx_word' id='word_1_554' title='bbox 948 3833 1081 3903; x_wconf 85' lang='lat' dir='ltr'><strong>jusqnam</strong></span> <span class='ocrx_word' id='word_1_555' title='bbox 1099 3827 1240 3901; x_wconf 86' lang='lat' dir='ltr'><strong>proprium</strong></span> <span class='ocrx_word' id='word_1_556' title='bbox 1258 3834 1301 3883; x_wconf 91' lang='lat' dir='ltr'><strong>cst</strong></span> <span class='ocrx_word' id='word_1_557' title='bbox 1318 3827 1422 3900; x_wconf 86' lang='lat' dir='ltr'><strong>(inquit</strong></span> <span class='ocrx_word' id='word_1_558' title='bbox 1434 3826 1631 3895; x_wconf 82' lang='lat' dir='ltr'><strong>Chemnicins),</strong></span> <span class='ocrx_word' id='word_1_559' title='bbox 1650 3843 1702 3899; x_wconf 90' lang='lat' dir='ltr'><strong>per</strong></span> <span class='ocrx_word' id='word_1_560' title='bbox 1717 3828 1786 3899; x_wconf 89' lang='lat' dir='ltr'><strong>bap·</strong></span> 
     </span>
     <span class='ocr_line' id='line_1_43' title="bbox 94 3912 1787 3988; baseline -0.003 -14"><span class='ocrx_word' id='word_1_561' title='bbox 94 3921 156 3975; x_wconf 87' lang='lat' dir='ltr'><strong>nius</strong></span> <span class='ocrx_word' id='word_1_562' title='bbox 175 3918 324 3974; x_wconf 80' lang='lat' dir='ltr'><strong>docuimus</strong></span> <span class='ocrx_word' id='word_1_563' title='bbox 354 3916 427 3982; x_wconf 81' lang='lat' dir='ltr'><strong>Quia</strong></span> <span class='ocrx_word' id='word_1_564' title='bbox 445 3931 512 3988; x_wconf 87' lang='lat' dir='ltr'><strong>ergo</strong></span> <span class='ocrx_word' id='word_1_565' title='bbox 523 3932 574 3986; x_wconf 90' lang='lat' dir='ltr'><strong>per</strong></span> <span class='ocrx_word' id='word_1_566' title='bbox 586 3913 700 3970; x_wconf 88' lang='lat' dir='ltr'><strong>calicem</strong></span> <span class='ocrx_word' id='word_1_567' title='bbox 714 3912 926 3968; x_wconf 89' lang='lat' dir='ltr'><strong>eucharisticum</strong></span> <span class='ocrx_word' id='word_1_568' title='bbox 952 3918 1063 3974; x_wconf 88' lang='lat' dir='ltr'><strong>tismum</strong></span> <span class='ocrx_word' id='word_1_569' title='bbox 1080 3915 1109 3970; x_wconf 95' lang='lat' dir='ltr'><strong>in</strong></span> <span class='ocrx_word' id='word_1_570' title='bbox 1129 3913 1238 3970; x_wconf 84' lang='lat' dir='ltr'><strong>Christo</strong></span> <span class='ocrx_word' id='word_1_571' title='bbox 1249 3915 1428 3980; x_wconf 72' lang='lat' dir='ltr'><strong>nuncium,</strong></span> <span class='ocrx_word' id='word_1_572' title='bbox 1446 3914 1537 3970; x_wconf 88' lang='lat' dir='ltr'><strong>renati</strong></span> <span class='ocrx_word' id='word_1_573' title='bbox 1547 3914 1632 3971; x_wconf 84' lang='lat' dir='ltr'><strong>verbo</strong></span> <span class='ocrx_word' id='word_1_574' title='bbox 1647 3921 1675 3970; x_wconf 91' lang='lat' dir='ltr'><strong>ct</strong></span> <span class='ocrx_word' id='word_1_575' title='bbox 1688 3914 1787 3969; x_wconf 80' lang='lat' dir='ltr'><strong>eucha-</strong></span> 
     </span>
     <span class='ocr_line' id='line_1_44' title="bbox 94 3998 1787 4078; baseline -0.005 -15"><span class='ocrx_word' id='word_1_576' title='bbox 94 4023 149 4063; x_wconf 89' lang='lat' dir='ltr'><strong>non</strong></span> <span class='ocrx_word' id='word_1_577' title='bbox 166 4009 389 4078; x_wconf 83' lang='lat' dir='ltr'><strong>repraesentatur</strong></span> <span class='ocrx_word' id='word_1_578' title='bbox 405 4001 503 4058; x_wconf 82' lang='lat' dir='ltr'><strong>effusio</strong></span> <span class='ocrx_word' id='word_1_579' title='bbox 523 3999 666 4074; x_wconf 86' lang='lat' dir='ltr'><strong>sanguinis</strong></span> <span class='ocrx_word' id='word_1_580' title='bbox 680 3998 781 4056; x_wconf 82' lang='lat' dir='ltr'><strong>Christi</strong></span> <span class='ocrx_word' id='word_1_581' title='bbox 798 3999 828 4055; x_wconf 89' lang='lat' dir='ltr'><strong>in</strong></span> <span class='ocrx_word' id='word_1_582' title='bbox 843 4016 926 4057; x_wconf 89' lang='lat' dir='ltr'><strong>cruce</strong></span> <span class='ocrx_word' id='word_1_583' title='bbox 952 4002 1031 4059; x_wconf 81' lang='lat' dir='ltr'><strong>sistis</strong></span> <span class='ocrx_word' id='word_1_584' title='bbox 1053 4001 1167 4070; x_wconf 75' lang='lat' dir='ltr'><strong>alimur3</strong></span> <span class='ocrx_word' id='word_1_585' title='bbox 1202 3999 1274 4071; x_wconf 91' lang='lat' dir='ltr'><strong>lapsi</strong></span> <span class='ocrx_word' id='word_1_586' title='bbox 1298 4017 1349 4071; x_wconf 91' lang='lat' dir='ltr'><strong>per</strong></span> <span class='ocrx_word' id='word_1_587' title='bbox 1371 4000 1568 4070; x_wconf 60' lang='lat' dir='ltr'><strong>poeniendam</strong></span> <span class='ocrx_word' id='word_1_588' title='bbox 1591 4005 1619 4055; x_wconf 89' lang='lat' dir='ltr'><strong>et</strong></span> <span class='ocrx_word' id='word_1_589' title='bbox 1645 3999 1729 4055; x_wconf 88' lang='lat' dir='ltr'><strong>iidem</strong></span> <span class='ocrx_word' id='word_1_590' title='bbox 1749 4000 1787 4055; x_wconf 85' lang='lat' dir='ltr'><strong>ad</strong></span> 
     </span>
     <span class='ocr_line' id='line_1_45' title="bbox 94 4085 1788 4162; baseline -0.004 -13"><span class='ocrx_word' id='word_1_591' title='bbox 94 4093 170 4162; x_wconf 80' lang='lat' dir='ltr'><strong>(elias</strong></span> <span class='ocrx_word' id='word_1_592' title='bbox 191 4091 263 4148; x_wconf 88' lang='lat' dir='ltr'><strong>anim</strong></span> <span class='ocrx_word' id='word_1_593' title='bbox 282 4089 354 4146; x_wconf 85' lang='lat' dir='ltr'><strong>calix</strong></span> <span class='ocrx_word' id='word_1_594' title='bbox 373 4095 447 4146; x_wconf 88' lang='lat' dir='ltr'><strong>esset</strong></span> <span class='ocrx_word' id='word_1_595' title='bbox 466 4087 677 4157; x_wconf 80' lang='lat' dir='ltr'><strong>effundendus),</strong></span> <span class='ocrx_word' id='word_1_596' title='bbox 700 4087 750 4144; x_wconf 90' lang='lat' dir='ltr'><strong>sed</strong></span> <span class='ocrx_word' id='word_1_597' title='bbox 768 4086 874 4143; x_wconf 91' lang='lat' dir='ltr'><strong>bibitur</strong></span> <span class='ocrx_word' id='word_1_598' title='bbox 892 4105 926 4143; x_wconf 87' lang='lat' dir='ltr'><strong>ex</strong></span> <span class='ocrx_word' id='word_1_599' title='bbox 952 4089 1161 4161; x_wconf 88' lang='lat' dir='ltr'><strong>promissionem</strong></span> <span class='ocrx_word' id='word_1_600' title='bbox 1179 4087 1287 4159; x_wconf 85' lang='lat' dir='ltr'><strong>gratiae</strong></span> <span class='ocrx_word' id='word_1_601' title='bbox 1302 4086 1468 4142; x_wconf 83' lang='lat' dir='ltr'><strong>revertimur</strong></span> <span class='ocrx_word' id='word_1_602' title='bbox 1488 4092 1517 4141; x_wconf 93' lang='lat' dir='ltr'><strong>et</strong></span> <span class='ocrx_word' id='word_1_603' title='bbox 1533 4087 1595 4156; x_wconf 75' lang='lat' dir='ltr'><strong>cJus</strong></span> <span class='ocrx_word' id='word_1_604' title='bbox 1606 4085 1662 4141; x_wconf 91' lang='lat' dir='ltr'><strong>iide</strong></span> <span class='ocrx_word' id='word_1_605' title='bbox 1674 4091 1788 4156; x_wconf 84' lang='lat' dir='ltr'><strong>propter</strong></span> 
     </span>
     <span class='ocr_line' id='line_1_46' title="bbox 95 4171 1787 4251; baseline -0.005 -14"><span class='ocrx_word' id='word_1_606' title='bbox 95 4199 126 4238; x_wconf 91' lang='lat' dir='ltr'><strong>ec</strong></span> <span class='ocrx_word' id='word_1_607' title='bbox 143 4179 246 4236; x_wconf 83' lang='lat' dir='ltr'><strong>christi</strong></span> <span class='ocrx_word' id='word_1_608' title='bbox 272 4177 385 4251; x_wconf 86' lang='lat' dir='ltr'><strong>sanguis</strong></span> <span class='ocrx_word' id='word_1_609' title='bbox 410 4177 440 4231; x_wconf 91' lang='lat' dir='ltr'><strong>in</strong></span> <span class='ocrx_word' id='word_1_610' title='bbox 457 4175 646 4232; x_wconf 89' lang='lat' dir='ltr'><strong>remissionem</strong></span> <span class='ocrx_word' id='word_1_611' title='bbox 663 4180 840 4246; x_wconf 82' lang='lat' dir='ltr'><strong>peccatoram</strong></span> <span class='ocrx_word' id='word_1_612' title='bbox 858 4173 926 4228; x_wconf 84' lang='lat' dir='ltr'><strong>eiiu-</strong></span> <span class='ocrx_word' id='word_1_613' title='bbox 952 4176 1132 4232; x_wconf 83' lang='lat' dir='ltr'><strong>mediatorem</strong></span> <span class='ocrx_word' id='word_1_614' title='bbox 1146 4174 1205 4230; x_wconf 87' lang='lat' dir='ltr'><strong>Dec</strong></span> <span class='ocrx_word' id='word_1_615' title='bbox 1222 4189 1318 4228; x_wconf 86' lang='lat' dir='ltr'><strong>rursus</strong></span> <span class='ocrx_word' id='word_1_616' title='bbox 1335 4172 1554 4228; x_wconf 86' lang='lat' dir='ltr'><strong>reconciliemur.</strong></span> <span class='ocrx_word' id='word_1_617' title='bbox 1587 4172 1624 4227; x_wconf 82' lang='lat' dir='ltr'><strong>Et</strong></span> <span class='ocrx_word' id='word_1_618' title='bbox 1643 4179 1736 4227; x_wconf 90' lang='lat' dir='ltr'><strong>tamen</strong></span> <span class='ocrx_word' id='word_1_619' title='bbox 1749 4171 1787 4233; x_wconf 87' lang='lat' dir='ltr'><strong>ab</strong></span> 
     </span>
     <span class='ocr_line' id='line_1_47' title="bbox 95 4257 1787 4338; baseline -0.006 -16"><span class='ocrx_word' id='word_1_620' title='bbox 95 4285 155 4333; x_wconf 90' lang='lat' dir='ltr'><strong>sus,</strong></span> <span class='ocrx_word' id='word_1_621' title='bbox 178 4282 246 4338; x_wconf 86' lang='lat' dir='ltr'><strong>erga</strong></span> <span class='ocrx_word' id='word_1_622' title='bbox 267 4264 367 4320; x_wconf 91' lang='lat' dir='ltr'><strong>bibitio</strong></span> <span class='ocrx_word' id='word_1_623' title='bbox 393 4263 443 4319; x_wconf 90' lang='lat' dir='ltr'><strong>illa</strong></span> <span class='ocrx_word' id='word_1_624' title='bbox 465 4262 608 4335; x_wconf 82' lang='lat' dir='ltr'><strong>sanguinis</strong></span> <span class='ocrx_word' id='word_1_625' title='bbox 625 4278 659 4317; x_wconf 84' lang='lat' dir='ltr'><strong>ex</strong></span> <span class='ocrx_word' id='word_1_626' title='bbox 678 4260 765 4317; x_wconf 89' lang='lat' dir='ltr'><strong>calice</strong></span> <span class='ocrx_word' id='word_1_627' title='bbox 782 4259 927 4316; x_wconf 84' lang='lat' dir='ltr'><strong>confirmet</strong></span> <span class='ocrx_word' id='word_1_628' title='bbox 951 4263 1004 4317; x_wconf 93' lang='lat' dir='ltr'><strong>hoc</strong></span> <span class='ocrx_word' id='word_1_629' title='bbox 1021 4266 1105 4317; x_wconf 85' lang='lat' dir='ltr'><strong>etiam</strong></span> <span class='ocrx_word' id='word_1_630' title='bbox 1123 4274 1177 4314; x_wconf 89' lang='lat' dir='ltr'><strong>usa</strong></span> <span class='ocrx_word' id='word_1_631' title='bbox 1195 4257 1386 4323; x_wconf 88' lang='lat' dir='ltr'><strong>eucharistiae,</strong></span> <span class='ocrx_word' id='word_1_632' title='bbox 1405 4274 1478 4329; x_wconf 88' lang='lat' dir='ltr'><strong>quac</strong></span> <span class='ocrx_word' id='word_1_633' title='bbox 1490 4258 1613 4314; x_wconf 77' lang='lat' dir='ltr'><strong>eondnet</strong></span> <span class='ocrx_word' id='word_1_634' title='bbox 1625 4257 1787 4313; x_wconf 81' lang='lat' dir='ltr'><strong>fundamen·</strong></span> 
     </span>
     <span class='ocr_line' id='line_1_48' title="bbox 95 4343 1787 4424; baseline -0.005 -15"><span class='ocrx_word' id='word_1_635' title='bbox 95 4358 123 4410; x_wconf 91' lang='lat' dir='ltr'><strong>et</strong></span> <span class='ocrx_word' id='word_1_636' title='bbox 143 4350 274 4424; x_wconf 86' lang='lat' dir='ltr'><strong>obsignat</strong></span> <span class='ocrx_word' id='word_1_637' title='bbox 294 4350 323 4405; x_wconf 91' lang='lat' dir='ltr'><strong>in</strong></span> <span class='ocrx_word' id='word_1_638' title='bbox 347 4349 522 4405; x_wconf 89' lang='lat' dir='ltr'><strong>credentibus</strong></span> <span class='ocrx_word' id='word_1_639' title='bbox 540 4347 726 4404; x_wconf 88' lang='lat' dir='ltr'><strong>remissionem</strong></span> <span class='ocrx_word' id='word_1_640' title='bbox 743 4355 927 4419; x_wconf 84' lang='lat' dir='ltr'><strong>pcccatorum.</strong></span> <span class='ocrx_word' id='word_1_641' title='bbox 952 4354 1012 4403; x_wconf 89' lang='lat' dir='ltr'><strong>tum</strong></span> <span class='ocrx_word' id='word_1_642' title='bbox 1024 4345 1192 4403; x_wconf 89' lang='lat' dir='ltr'><strong>remissionis</strong></span> <span class='ocrx_word' id='word_1_643' title='bbox 1200 4349 1388 4415; x_wconf 88' lang='lat' dir='ltr'><strong>peccatorum,</strong></span> <span class='ocrx_word' id='word_1_644' title='bbox 1407 4360 1506 4415; x_wconf 88' lang='lat' dir='ltr'><strong>corpus</strong></span> <span class='ocrx_word' id='word_1_645' title='bbox 1519 4343 1626 4401; x_wconf 89' lang='lat' dir='ltr'><strong>scilicet</strong></span> <span class='ocrx_word' id='word_1_646' title='bbox 1636 4352 1665 4400; x_wconf 91' lang='lat' dir='ltr'><strong>et</strong></span> <span class='ocrx_word' id='word_1_647' title='bbox 1675 4343 1787 4416; x_wconf 86' lang='lat' dir='ltr'><strong>sangui·</strong></span> 
     </span>
     <span class='ocr_line' id='line_1_49' title="bbox 95 4429 1788 4509; baseline -0.006 -14"><span class='ocrx_word' id='word_1_648' title='bbox 95 4439 219 4495; x_wconf 81' lang='lat' dir='ltr'><strong>Pertinet</strong></span> <span class='ocrx_word' id='word_1_649' title='bbox 249 4440 304 4494; x_wconf 87' lang='lat' dir='ltr'><strong>huc</strong></span> <span class='ocrx_word' id='word_1_650' title='bbox 331 4436 516 4509; x_wconf 88' lang='lat' dir='ltr'><strong>pulcherrime</strong></span> <span class='ocrx_word' id='word_1_651' title='bbox 541 4433 669 4507; x_wconf 88' lang='lat' dir='ltr'><strong>gradatio</strong></span> <span class='ocrx_word' id='word_1_652' title='bbox 685 4433 814 4489; x_wconf 85' lang='lat' dir='ltr'><strong>Lutheri:</strong></span> <span class='ocrx_word' id='word_1_653' title='bbox 847 4432 928 4487; x_wconf 77' lang='lat' dir='ltr'><strong>(ialin</strong></span> <span class='ocrx_word' id='word_1_654' title='bbox 953 4449 1017 4490; x_wconf 90' lang='lat' dir='ltr'><strong>nem</strong></span> <span class='ocrx_word' id='word_1_655' title='bbox 1034 4431 1153 4499; x_wconf 81' lang='lat' dir='ltr'><strong>Christi,</strong></span> <span class='ocrx_word' id='word_1_656' title='bbox 1182 4446 1237 4486; x_wconf 90' lang='lat' dir='ltr'><strong>nou</strong></span> <span class='ocrx_word' id='word_1_657' title='bbox 1261 4429 1448 4500; x_wconf 77' lang='lat' dir='ltr'><strong>excludimur3</strong></span> <span class='ocrx_word' id='word_1_658' title='bbox 1475 4430 1564 4485; x_wconf 79' lang='lat' dir='ltr'><strong>bilius</strong></span> <span class='ocrx_word' id='word_1_659' title='bbox 1582 4431 1634 4486; x_wconf 89' lang='lat' dir='ltr'><strong>Dei</strong></span> <span class='ocrx_word' id='word_1_660' title='bbox 1659 4431 1733 4485; x_wconf 89' lang='lat' dir='ltr'><strong>euim</strong></span> <span class='ocrx_word' id='word_1_661' title='bbox 1757 4429 1788 4485; x_wconf 91' lang='lat' dir='ltr'><strong>in</strong></span> 
     </span>
     <span class='ocr_line' id='line_1_50' title="bbox 96 4516 1788 4589; baseline -0.005 -9"><span class='ocrx_word' id='word_1_662' title='bbox 96 4525 296 4580; x_wconf 77' lang='lat' dir='ltr'><strong>metarists&#39;crss</strong></span> <span class='ocrx_word' id='word_1_663' title='bbox 313 4523 436 4579; x_wconf 67' lang='lat' dir='ltr'><strong>carminat</strong></span> <span class='ocrx_word' id='word_1_664' title='bbox 454 4523 556 4577; x_wconf 82' lang='lat' dir='ltr'><strong>cinam.</strong></span> <span class='ocrx_word' id='word_1_665' title='bbox 592 4520 691 4576; x_wconf 82' lang='lat' dir='ltr'><strong>Visam</strong></span> <span class='ocrx_word' id='word_1_666' title='bbox 704 4521 808 4575; x_wconf 81' lang='lat' dir='ltr'><strong>ecbibst</strong></span> <span class='ocrx_word' id='word_1_667' title='bbox 824 4516 929 4574; x_wconf 72' lang='lat' dir='ltr'><strong>Obriiti</strong></span> <span class='ocrx_word' id='word_1_668' title='bbox 954 4517 1121 4576; x_wconf 82' lang='lat' dir='ltr'><strong>eucharistia</strong></span> <span class='ocrx_word' id='word_1_669' title='bbox 1139 4516 1377 4589; x_wconf 84' lang='lat' dir='ltr'><strong>praestantissimo</strong></span> <span class='ocrx_word' id='word_1_670' title='bbox 1395 4523 1425 4572; x_wconf 91' lang='lat' dir='ltr'><strong>ct</strong></span> <span class='ocrx_word' id='word_1_671' title='bbox 1437 4516 1590 4573; x_wconf 87' lang='lat' dir='ltr'><strong>certissima</strong></span> <span class='ocrx_word' id='word_1_672' title='bbox 1601 4517 1724 4588; x_wconf 87' lang='lat' dir='ltr'><strong>pignore,</strong></span> <span class='ocrx_word' id='word_1_673' title='bbox 1742 4532 1788 4572; x_wconf 80' lang='lat' dir='ltr'><strong>ex·</strong></span> 
     </span>
     <span class='ocr_line' id='line_1_51' title="bbox 95 4601 1789 4686; baseline -0.006 -19"><span class='ocrx_word' id='word_1_674' title='bbox 95 4613 266 4686; x_wconf 67' lang='lat' dir='ltr'><strong>sanguinem,</strong></span> <span class='ocrx_word' id='word_1_675' title='bbox 321 4610 444 4680; x_wconf 51' lang='lat' dir='ltr'><strong>&amp;aaa</strong></span> <span class='ocrx_word' id='word_1_676' title='bbox 475 4608 582 4664; x_wconf 73' lang='lat' dir='ltr'><strong>Christi</strong></span> <span class='ocrx_word' id='word_1_677' title='bbox 609 4609 802 4679; x_wconf 78' lang='lat' dir='ltr'><strong>complectitur</strong></span> <span class='ocrx_word' id='word_1_678' title='bbox 829 4623 928 4662; x_wconf 81' lang='lat' dir='ltr'><strong>norum</strong></span> <span class='ocrx_word' id='word_1_679' title='bbox 954 4605 1088 4662; x_wconf 88' lang='lat' dir='ltr'><strong>bibitione</strong></span> <span class='ocrx_word' id='word_1_680' title='bbox 1106 4603 1215 4660; x_wconf 89' lang='lat' dir='ltr'><strong>scilicet</strong></span> <span class='ocrx_word' id='word_1_681' title='bbox 1229 4602 1352 4669; x_wconf 87' lang='lat' dir='ltr'><strong>corporis</strong></span> <span class='ocrx_word' id='word_1_682' title='bbox 1368 4607 1398 4657; x_wconf 90' lang='lat' dir='ltr'><strong>et</strong></span> <span class='ocrx_word' id='word_1_683' title='bbox 1417 4601 1636 4674; x_wconf 69' lang='lat' dir='ltr'><strong>sanguinium,</strong></span> <span class='ocrx_word' id='word_1_684' title='bbox 1660 4606 1789 4667; x_wconf 86' lang='lat' dir='ltr'><strong>testetur,</strong></span> 
     </span>
     <span class='ocr_line' id='line_1_52' title="bbox 97 4687 1788 4768; baseline -0.007 -14"><span class='ocrx_word' id='word_1_685' title='bbox 97 4698 380 4768; x_wconf 67' lang='lat' dir='ltr'><strong>testamentumque</strong></span> <span class='ocrx_word' id='word_1_686' title='bbox 400 4704 440 4750; x_wconf 89' lang='lat' dir='ltr'><strong>est</strong></span> <span class='ocrx_word' id='word_1_687' title='bbox 460 4695 526 4749; x_wconf 82' lang='lat' dir='ltr'><strong>neci</strong></span> <span class='ocrx_word' id='word_1_688' title='bbox 544 4695 702 4750; x_wconf 78' lang='lat' dir='ltr'><strong>testamenti</strong></span> <span class='ocrx_word' id='word_1_689' title='bbox 718 4693 842 4762; x_wconf 63' lang='lat' dir='ltr'><strong>samam.</strong></span> <span class='ocrx_word' id='word_1_690' title='bbox 870 4694 930 4747; x_wconf 87' lang='lat' dir='ltr'><strong>No·</strong></span> <span class='ocrx_word' id='word_1_691' title='bbox 953 4711 984 4750; x_wconf 90' lang='lat' dir='ltr'><strong>se</strong></span> <span class='ocrx_word' id='word_1_692' title='bbox 1015 4689 1131 4764; x_wconf 86' lang='lat' dir='ltr'><strong>singulis</strong></span> <span class='ocrx_word' id='word_1_693' title='bbox 1165 4687 1221 4744; x_wconf 89' lang='lat' dir='ltr'><strong>iide</strong></span> <span class='ocrx_word' id='word_1_694' title='bbox 1253 4688 1308 4744; x_wconf 94' lang='lat' dir='ltr'><strong>hcc</strong></span> <span class='ocrx_word' id='word_1_695' title='bbox 1335 4697 1507 4744; x_wconf 86' lang='lat' dir='ltr'><strong>sacramento</strong></span> <span class='ocrx_word' id='word_1_696' title='bbox 1539 4687 1681 4744; x_wconf 84' lang='lat' dir='ltr'><strong>utentibus</strong></span> <span class='ocrx_word' id='word_1_697' title='bbox 1711 4693 1788 4744; x_wconf 86' lang='lat' dir='ltr'><strong>certo</strong></span> 
     </span>
     <span class='ocr_line' id='line_1_53' title="bbox 96 4773 1789 4850; baseline -0.007 -8"><span class='ocrx_word' id='word_1_698' title='bbox 96 4806 157 4842; x_wconf 82' lang='lat' dir='ltr'><strong>oum</strong></span> <span class='ocrx_word' id='word_1_699' title='bbox 179 4793 369 4841; x_wconf 75' lang='lat' dir='ltr'><strong>metanensem</strong></span> <span class='ocrx_word' id='word_1_700' title='bbox 393 4782 517 4837; x_wconf 82' lang='lat' dir='ltr'><strong>sentinet</strong></span> <span class='ocrx_word' id='word_1_701' title='bbox 534 4781 726 4836; x_wconf 79' lang='lat' dir='ltr'><strong>remissionem</strong></span> <span class='ocrx_word' id='word_1_702' title='bbox 739 4787 929 4850; x_wconf 72' lang='lat' dir='ltr'><strong>peccatores.</strong></span> <span class='ocrx_word' id='word_1_703' title='bbox 954 4775 1170 4839; x_wconf 84' lang='lat' dir='ltr'><strong>communicare,</strong></span> <span class='ocrx_word' id='word_1_704' title='bbox 1208 4774 1350 4846; x_wconf 87' lang='lat' dir='ltr'><strong>applicare</strong></span> <span class='ocrx_word' id='word_1_705' title='bbox 1377 4779 1406 4831; x_wconf 87' lang='lat' dir='ltr'><strong>et</strong></span> <span class='ocrx_word' id='word_1_706' title='bbox 1429 4774 1578 4846; x_wconf 86' lang='lat' dir='ltr'><strong>obsignare</strong></span> <span class='ocrx_word' id='word_1_707' title='bbox 1600 4773 1789 4830; x_wconf 87' lang='lat' dir='ltr'><strong>remissionem</strong></span> 
     </span>
     <span class='ocr_line' id='line_1_54' title="bbox 98 4858 1789 4944; baseline -0.008 -14"><span class='ocrx_word' id='word_1_708' title='bbox 98 4877 178 4944; x_wconf 76' lang='lat' dir='ltr'><strong>Erpa</strong></span> <span class='ocrx_word' id='word_1_709' title='bbox 190 4873 287 4928; x_wconf 80' lang='lat' dir='ltr'><strong>bibitio</strong></span> <span class='ocrx_word' id='word_1_710' title='bbox 306 4888 338 4926; x_wconf 82' lang='lat' dir='ltr'><strong>ec</strong></span> <span class='ocrx_word' id='word_1_711' title='bbox 356 4867 640 4925; x_wconf 79' lang='lat' dir='ltr'><strong>caiieeerscbarists&#39;co</strong></span> <span class='ocrx_word' id='word_1_712' title='bbox 653 4866 931 4938; x_wconf 60' lang='lat' dir='ltr'><strong>applicueris-imai</strong></span> <span class='ocrx_word' id='word_1_713' title='bbox 954 4870 1145 4938; x_wconf 75' lang='lat' dir='ltr'><strong>peccator-m,</strong></span> <span class='ocrx_word' id='word_1_714' title='bbox 1175 4861 1428 4917; x_wconf 88' lang='lat' dir='ltr'><strong>reconciliationem</strong></span> <span class='ocrx_word' id='word_1_715' title='bbox 1460 4877 1523 4915; x_wconf 89' lang='lat' dir='ltr'><strong>curn</strong></span> <span class='ocrx_word' id='word_1_716' title='bbox 1547 4860 1609 4916; x_wconf 91' lang='lat' dir='ltr'><strong>Deo</strong></span> <span class='ocrx_word' id='word_1_717' title='bbox 1631 4865 1660 4915; x_wconf 91' lang='lat' dir='ltr'><strong>ct</strong></span> <span class='ocrx_word' id='word_1_718' title='bbox 1681 4858 1789 4930; x_wconf 85' lang='lat' dir='ltr'><strong>reliqas</strong></span> 
     </span>
     <span class='ocr_line' id='line_1_55' title="bbox 98 4943 1791 5025; baseline -0.009 -10"><span class='ocrx_word' id='word_1_719' title='bbox 98 4969 122 5015; x_wconf 88' lang='lat' dir='ltr'><strong>et</strong></span> <span class='ocrx_word' id='word_1_720' title='bbox 139 4961 286 5025; x_wconf 69' lang='lat' dir='ltr'><strong>connrrnat</strong></span> <span class='ocrx_word' id='word_1_721' title='bbox 304 4956 478 5012; x_wconf 74' lang='lat' dir='ltr'><strong>credentiam</strong></span> <span class='ocrx_word' id='word_1_722' title='bbox 491 4952 710 5024; x_wconf 82' lang='lat' dir='ltr'><strong>promissionem</strong></span> <span class='ocrx_word' id='word_1_723' title='bbox 721 4954 756 5007; x_wconf 80' lang='lat' dir='ltr'><strong>de</strong></span> <span class='ocrx_word' id='word_1_724' title='bbox 768 4953 930 5008; x_wconf 81' lang='lat' dir='ltr'><strong>remissione</strong></span> <span class='ocrx_word' id='word_1_725' title='bbox 954 4967 1006 5007; x_wconf 91' lang='lat' dir='ltr'><strong>sua</strong></span> <span class='ocrx_word' id='word_1_726' title='bbox 1015 4945 1158 5013; x_wconf 80' lang='lat' dir='ltr'><strong>beneficia,</strong></span> <span class='ocrx_word' id='word_1_727' title='bbox 1178 4963 1249 5020; x_wconf 87' lang='lat' dir='ltr'><strong>quae</strong></span> <span class='ocrx_word' id='word_1_728' title='bbox 1263 4947 1413 5005; x_wconf 88' lang='lat' dir='ltr'><strong>traditione</strong></span> <span class='ocrx_word' id='word_1_729' title='bbox 1424 4944 1468 5000; x_wconf 91' lang='lat' dir='ltr'><strong>sui</strong></span> <span class='ocrx_word' id='word_1_730' title='bbox 1481 4945 1603 5015; x_wconf 88' lang='lat' dir='ltr'><strong>corporis</strong></span> <span class='ocrx_word' id='word_1_731' title='bbox 1615 4952 1643 5000; x_wconf 93' lang='lat' dir='ltr'><strong>et</strong></span> <span class='ocrx_word' id='word_1_732' title='bbox 1655 4943 1791 5000; x_wconf 79' lang='lat' dir='ltr'><strong>effmions</strong></span> 
     </span>
    </p>
   </div>
   <div class='ocr_carea' id='block_1_3' title="bbox 93 5030 1791 5550">
    <p class='ocr_par' dir='ltr' id='par_1_3' title="bbox 93 5030 1791 5550">
     <span class='ocr_line' id='line_1_56' title="bbox 93 5030 1790 5118; baseline -0.009 -15"><span class='ocrx_word' id='word_1_733' title='bbox 93 5055 281 5118; x_wconf 80' lang='lat' dir='ltr'><strong>peccatorum.</strong></span> <span class='ocrx_word' id='word_1_734' title='bbox 312 5045 520 5101; x_wconf 83' lang='lat' dir='ltr'><strong>Sacramentum</strong></span> <span class='ocrx_word' id='word_1_735' title='bbox 537 5037 607 5093; x_wconf 89' lang='lat' dir='ltr'><strong>illud</strong></span> <span class='ocrx_word' id='word_1_736' title='bbox 624 5038 723 5109; x_wconf 88' lang='lat' dir='ltr'><strong>ipsum,</strong></span> <span class='ocrx_word' id='word_1_737' title='bbox 743 5038 932 5111; x_wconf 84' lang='lat' dir='ltr'><strong>quodsignat,</strong></span> <span class='ocrx_word' id='word_1_738' title='bbox 955 5036 998 5094; x_wconf 91' lang='lat' dir='ltr'><strong>sui</strong></span> <span class='ocrx_word' id='word_1_739' title='bbox 1024 5033 1167 5107; x_wconf 86' lang='lat' dir='ltr'><strong>sauguinis</strong></span> <span class='ocrx_word' id='word_1_740' title='bbox 1194 5033 1312 5089; x_wconf 88' lang='lat' dir='ltr'><strong>ecclesia</strong></span> <span class='ocrx_word' id='word_1_741' title='bbox 1337 5033 1378 5088; x_wconf 88' lang='lat' dir='ltr'><strong>ita</strong></span> <span class='ocrx_word' id='word_1_742' title='bbox 1400 5031 1561 5104; x_wconf 81' lang='lat' dir='ltr'><strong>acquisivit,</strong></span> <span class='ocrx_word' id='word_1_743' title='bbox 1587 5035 1620 5085; x_wconf 88' lang='lat' dir='ltr'><strong>ut</strong></span> <span class='ocrx_word' id='word_1_744' title='bbox 1647 5030 1734 5086; x_wconf 83' lang='lat' dir='ltr'><strong>verbo</strong></span> <span class='ocrx_word' id='word_1_745' title='bbox 1760 5036 1790 5087; x_wconf 86' lang='lat' dir='ltr'><strong>st</strong></span> 
     </span>
     <span class='ocr_line' id='line_1_57' title="bbox 98 5116 1789 5189; baseline -0.009 0"><span class='ocrx_word' id='word_1_746' title='bbox 98 5134 181 5189; x_wconf 88' lang='lat' dir='ltr'><strong>etiam</strong></span> <span class='ocrx_word' id='word_1_747' title='bbox 198 5131 305 5188; x_wconf 88' lang='lat' dir='ltr'><strong>coniert</strong></span> <span class='ocrx_word' id='word_1_748' title='bbox 321 5139 350 5188; x_wconf 90' lang='lat' dir='ltr'><strong>et</strong></span> <span class='ocrx_word' id='word_1_749' title='bbox 368 5128 486 5186; x_wconf 77' lang='lat' dir='ltr'><strong>exhibet.</strong></span> <span class='ocrx_word' id='word_1_750' title='bbox 524 5124 733 5181; x_wconf 60' lang='lat' dir='ltr'><strong>wammam</strong></span> <span class='ocrx_word' id='word_1_751' title='bbox 749 5124 933 5180; x_wconf 84' lang='lat' dir='ltr'><strong>eucharistias</strong></span> <span class='ocrx_word' id='word_1_752' title='bbox 956 5121 1134 5178; x_wconf 74' lang='lat' dir='ltr'><strong>scemmentis</strong></span> <span class='ocrx_word' id='word_1_753' title='bbox 1150 5120 1316 5176; x_wconf 82' lang='lat' dir='ltr'><strong>offerrentur</strong></span> <span class='ocrx_word' id='word_1_754' title='bbox 1334 5126 1362 5176; x_wconf 90' lang='lat' dir='ltr'><strong>et</strong></span> <span class='ocrx_word' id='word_1_755' title='bbox 1378 5118 1434 5174; x_wconf 90' lang='lat' dir='ltr'><strong>fide</strong></span> <span class='ocrx_word' id='word_1_756' title='bbox 1451 5116 1650 5188; x_wconf 88' lang='lat' dir='ltr'><strong>acciperentur.</strong></span> <span class='ocrx_word' id='word_1_757' title='bbox 1680 5117 1789 5173; x_wconf 65' lang='grc' dir='ltr'><strong>Πιρ-</strong></span> 
     </span>
     <span class='ocr_line' id='line_1_58' title="bbox 99 5201 1790 5292; baseline -0.009 -17"><span class='ocrx_word' id='word_1_758' title='bbox 99 5226 140 5275; x_wconf 90' lang='lat' dir='ltr'><strong>est</strong></span> <span class='ocrx_word' id='word_1_759' title='bbox 160 5220 272 5292; x_wconf 88' lang='lat' dir='ltr'><strong>signum</strong></span> <span class='ocrx_word' id='word_1_760' title='bbox 300 5215 467 5274; x_wconf 86' lang='lat' dir='ltr'><strong>remissionis</strong></span> <span class='ocrx_word' id='word_1_761' title='bbox 492 5216 676 5286; x_wconf 85' lang='lat' dir='ltr'><strong>peccatorum.</strong></span> <span class='ocrx_word' id='word_1_762' title='bbox 717 5209 792 5282; x_wconf 85' lang='lat' dir='ltr'><strong>lirgo</strong></span> <span class='ocrx_word' id='word_1_763' title='bbox 815 5211 932 5268; x_wconf 88' lang='lat' dir='ltr'><strong>eandem</strong></span> <span class='ocrx_word' id='word_1_764' title='bbox 956 5210 1020 5266; x_wconf 90' lang='lat' dir='ltr'><strong>dem</strong></span> <span class='ocrx_word' id='word_1_765' title='bbox 1066 5207 1152 5280; x_wconf 81' lang='lat' dir='ltr'><strong>igitur</strong></span> <span class='ocrx_word' id='word_1_766' title='bbox 1196 5205 1324 5262; x_wconf 69' lang='lat' dir='ltr'><strong>mussat</strong></span> <span class='ocrx_word' id='word_1_767' title='bbox 1365 5203 1552 5261; x_wconf 73' lang='lat' dir='ltr'><strong>Bellmrmnus</strong></span> <span class='ocrx_word' id='word_1_768' title='bbox 1596 5201 1790 5260; x_wconf 83' lang='lat' dir='ltr'><strong>eucharistiam</strong></span> 
     </span>
     <span class='ocr_line' id='line_1_59' title="bbox 101 5289 1790 5374; baseline -0.01 -11"><span class='ocrx_word' id='word_1_769' title='bbox 101 5306 206 5363; x_wconf 80' lang='lat' dir='ltr'><strong>confert</strong></span> <span class='ocrx_word' id='word_1_770' title='bbox 230 5310 258 5362; x_wconf 90' lang='lat' dir='ltr'><strong>st</strong></span> <span class='ocrx_word' id='word_1_771' title='bbox 280 5303 399 5361; x_wconf 79' lang='lat' dir='ltr'><strong>exhibet</strong></span> <span class='ocrx_word' id='word_1_772' title='bbox 440 5301 566 5374; x_wconf 84' lang='lat' dir='ltr'><strong>Utraque</strong></span> <span class='ocrx_word' id='word_1_773' title='bbox 589 5294 741 5370; x_wconf 90' lang='lat' dir='ltr'><strong>propositio</strong></span> <span class='ocrx_word' id='word_1_774' title='bbox 763 5301 806 5352; x_wconf 89' lang='lat' dir='ltr'><strong>est</strong></span> <span class='ocrx_word' id='word_1_775' title='bbox 828 5297 933 5354; x_wconf 81' lang='lat' dir='ltr'><strong>Beller-</strong></span> <span class='ocrx_word' id='word_1_776' title='bbox 957 5295 1040 5353; x_wconf 87' lang='lat' dir='ltr'><strong>etiarn</strong></span> <span class='ocrx_word' id='word_1_777' title='bbox 1073 5291 1213 5364; x_wconf 86' lang='lat' dir='ltr'><strong>applicare</strong></span> <span class='ocrx_word' id='word_1_778' title='bbox 1239 5292 1433 5355; x_wconf 77' lang='lat' dir='ltr'><strong>hmeditatem,</strong></span> <span class='ocrx_word' id='word_1_779' title='bbox 1466 5294 1600 5362; x_wconf 84' lang='lat' dir='ltr'><strong>quantam</strong></span> <span class='ocrx_word' id='word_1_780' title='bbox 1631 5290 1668 5346; x_wconf 87' lang='lat' dir='ltr'><strong>sd</strong></span> <span class='ocrx_word' id='word_1_781' title='bbox 1695 5289 1790 5346; x_wconf 70' lang='lat' dir='ltr'><strong>rearisd</strong></span> 
     </span>
     <span class='ocr_line' id='line_1_60' title="bbox 101 5375 1791 5465; baseline -0.011 -19"><span class='ocrx_word' id='word_1_782' title='bbox 101 5392 179 5460; x_wconf 77' lang='lat' dir='ltr'><strong>mini3</strong></span> <span class='ocrx_word' id='word_1_783' title='bbox 215 5391 290 5465; x_wconf 87' lang='lat' dir='ltr'><strong>prior</strong></span> <span class='ocrx_word' id='word_1_784' title='bbox 323 5389 434 5463; x_wconf 89' lang='lat' dir='ltr'><strong>quidem</strong></span> <span class='ocrx_word' id='word_1_785' title='bbox 458 5388 522 5446; x_wconf 89' lang='lat' dir='ltr'><strong>libr.</strong></span> <span class='ocrx_word' id='word_1_786' title='bbox 548 5393 571 5444; x_wconf 86' lang='lat' dir='ltr'><strong>i.</strong></span> <span class='ocrx_word' id='word_1_787' title='bbox 596 5385 631 5440; x_wconf 91' lang='lat' dir='ltr'><strong>de</strong></span> <span class='ocrx_word' id='word_1_788' title='bbox 655 5383 833 5438; x_wconf 73' lang='lat' dir='ltr'><strong>sacrmenti·</strong></span> <span class='ocrx_word' id='word_1_789' title='bbox 857 5399 883 5439; x_wconf 87' lang='lat' dir='ltr'><strong>a.</strong></span> <span class='ocrx_word' id='word_1_790' title='bbox 909 5389 933 5441; x_wconf 85' lang='grc'><strong>9.</strong></span> <span class='ocrx_word' id='word_1_791' title='bbox 957 5383 1062 5438; x_wconf 85' lang='lat' dir='ltr'><strong>sionem</strong></span> <span class='ocrx_word' id='word_1_792' title='bbox 1096 5383 1281 5450; x_wconf 80' lang='lat' dir='ltr'><strong>peecatorum</strong></span> <span class='ocrx_word' id='word_1_793' title='bbox 1333 5379 1434 5432; x_wconf 86' lang='lat' dir='ltr'><strong>Posset</strong></span> <span class='ocrx_word' id='word_1_794' title='bbox 1465 5376 1552 5431; x_wconf 83' lang='lat' dir='ltr'><strong>etiam</strong></span> <span class='ocrx_word' id='word_1_795' title='bbox 1581 5377 1654 5446; x_wconf 81' lang='lat' dir='ltr'><strong>diei,</strong></span> <span class='ocrx_word' id='word_1_796' title='bbox 1690 5375 1791 5447; x_wconf 87' lang='lat' dir='ltr'><strong>inquit,</strong></span> 
     </span>
     <span class='ocr_line' id='line_1_61' title="bbox 101 5463 1790 5550; baseline -0.01 -17"><span class='ocrx_word' id='word_1_797' title='bbox 101 5477 214 5536; x_wconf 71' lang='lat' dir='ltr'><strong>membr·</strong></span> <span class='ocrx_word' id='word_1_798' title='bbox 239 5483 263 5534; x_wconf 82' lang='lat' dir='ltr'><strong>t.</strong></span> <span class='ocrx_word' id='word_1_799' title='bbox 286 5475 423 5550; x_wconf 88' lang='lat' dir='ltr'><strong>posterior</strong></span> <span class='ocrx_word' id='word_1_800' title='bbox 448 5490 514 5532; x_wconf 80' lang='lat' dir='ltr'><strong>sero</strong></span> <span class='ocrx_word' id='word_1_801' title='bbox 536 5472 591 5530; x_wconf 89' lang='lat' dir='ltr'><strong>hoa</strong></span> <span class='ocrx_word' id='word_1_802' title='bbox 612 5471 682 5528; x_wconf 87' lang='lat' dir='ltr'><strong>icco.</strong></span> <span class='ocrx_word' id='word_1_803' title='bbox 716 5469 745 5523; x_wconf 78' lang='lat'><strong>3.</strong></span> <span class='ocrx_word' id='word_1_804' title='bbox 763 5468 798 5524; x_wconf 78' lang='lat' dir='ltr'><strong>cr·</strong></span> <span class='ocrx_word' id='word_1_805' title='bbox 820 5467 934 5525; x_wconf 68' lang='lat' dir='ltr'><strong>dim</strong></span> <span class='ocrx_word' id='word_1_806' title='bbox 958 5465 1154 5526; x_wconf 69' lang='lat' dir='ltr'><strong>wharisticm</strong></span> <span class='ocrx_word' id='word_1_807' title='bbox 1189 5466 1337 5537; x_wconf 79' lang='lat' dir='ltr'><strong>applicare</strong></span> <span class='ocrx_word' id='word_1_808' title='bbox 1371 5463 1551 5520; x_wconf 69' lang='lat' dir='ltr'><strong>eruditatem</strong></span> <span class='ocrx_word' id='word_1_809' title='bbox 1585 5463 1670 5517; x_wconf 80' lang='lat' dir='ltr'><strong>stiam</strong></span> <span class='ocrx_word' id='word_1_810' title='bbox 1701 5479 1790 5532; x_wconf 71' lang='lat' dir='ltr'><strong>quon</strong></span> 
     </span>
    </p>
   </div>
   <div class='ocr_carea' id='block_1_4' title="bbox 0 0 2028 6020">
    <p class='ocr_par' dir='ltr' id='par_1_4' title="bbox 0 0 2028 6020">
     <span class='ocr_line' id='line_1_62' title="bbox 0 0 2028 6020; baseline 0 0"><span class='ocrx_word' id='word_1_811' title='bbox 0 0 2028 6020; x_wconf 95' lang='lat' dir='ltr'><strong> </strong></span> 
     </span>
    </p>
   </div>
  </div>
 </body>
</html>
