4004 6022
760 114 816 172 DE
831 112 1024 176 nemnem.
1153 144 1156 155 ·
1665 126 1739 188 -438

50 280 141 335 arque
159 266 329 336 maiani
346 266 623 338 caminatum
646 267 886 325 maumam
913 278 938 324 et
963 288 1035 342 quae
1062 288 1224 327 enumoeors
1240 288 1467 343 mpsim.
1507 273 1695 347 Hieronymus
1713 277 1741 330 in

49 350 97 405 etl
118 352 265 405 mandant
279 350 323 405 cel
343 352 527 418 mmmm,
546 357 668 424 mannia
678 357 744 426 jam
762 363 885 425 accepta,
912 371 936 410 e.
955 361 997 411 24.
1013 356 1127 411 Mattht
1152 358 1218 412 Non
1237 366 1322 428 puta,
1351 359 1478 428 aliquam
1494 362 1660 415 remansisse
1678 380 1741 432 qen-

49 454 110 489 non
129 439 282 491 admodum
300 446 415 506 eurant;
435 447 494 491 tota
509 440 597 507 icatur
610 443 885 496 catechisancliratio
912 450 981 509 tem,
1008 461 1079 511 qrtoe
1108 444 1214 498 Christi
1240 461 1338 497 oramen
1364 447 1479 513 iqnoret.
1524 446 1687 501 Ambrosius
1713 448 1742 501 in

51 523 214 577 emanatio
241 532 266 578 et
291 523 420 577 ludicrae
443 526 551 580 semilis.
589 526 666 584 Haec
694 530 813 596 Acesta,
839 516 936 598 quilc.
958 529 1108 583 10.R0m.:
1136 531 1241 599 Ubique
1259 532 1359 584 audita
1377 539 1418 584 est
1437 540 1462 583 et
1479 532 1509 583 in
1526 550 1631 585 omnem
1651 535 1741 586 locvm

52 608 123 664 ibid.
140 624 165 663 c.
183 614 209 663 4.
226 608 388 680 subjungit:
415 610 482 663 Vere
500 613 616 679 quidam
635 618 762 668 nostrum
775 576 1035 683 scripsitiperacnit
1055 617 1376 683 praedicacionem
1392 616 1555 673 Christiani.
1595 618 1650 674 Ubi
1669 619 1741 672 enim

49 702 151 763 pater,
175 713 231 748 noa
254 695 348 749 uitiari
368 696 423 748 sibi
449 698 489 749 ad
511 696 646 752 Iordanem
665 701 763 752 torum
781 700 889 753 animos
912 702 1108 770 praedicantis
1125 702 1245 755 horninis
1261 706 1424 771 praesentia
1439 704 1539 772 deficit,
1557 722 1641 756 sontes
1652 713 1743 757 tamen

47 788 216 848 petrenessa
233 781 416 849 ecanpeliam,
432 784 484 835 sed
501 785 541 836 ad
557 786 676 853 spamam
694 793 801 839 tantam
815 802 888 838 rece·
915 796 942 841 ct
958 789 1046 855 sama
1062 789 1199 857 pervenit.
1234 788 1312 843 Idem
1334 795 1472 844 testantur
1494 790 1626 844 irenaeus
1652 790 1700 846 lib.
1724 798 1744 845 i.

50 874 141 935 ptura,
161 867 262 937 necari
281 868 353 921 enim
370 886 426 921 non
443 885 534 937 posse,
553 871 619 939 quin
639 872 666 924 si
683 871 788 925 intimis
804 872 889 925 senn-
915 892 938 929 e.
959 880 983 929 2.
1005 881 1033 929 et
1052 880 1077 931 3.
1098 874 1309 945 chrysostomus
1325 875 1397 931 hom.
1417 883 1457 932 te.
1474 874 1743 933 inMatth.hom.18.
1810 912 1814 920 ·

54 952 106 1005 hus
126 954 239 1007 radices
259 955 373 1022 eausa,
397 956 525 1024 copiosos
542 958 761 1027 manifestasque
778 960 890 1022 metus
915 961 951 1015 ad
975 960 1053 1016 Rom.
1078 960 1150 1016 hom.
1175 969 1198 1016 i.
1222 961 1258 1015 ad
1282 961 1386 1018 Coloss.
1409 962 1584 1032 Augustinus
1602 963 1682 1032 epist.
1702 968 1742 1017 te.
1820 1000 1825 1017 .

53 1055 244 1107 camaenas,
269 1041 339 1109 quiri
364 1041 437 1095 enim
451 1044 593 1111 patentius
610 1045 692 1098 uerbo
715 1045 773 1099 Dei
780 1047 793 1097 l
822 1045 892 1114 quid
916 1055 945 1101 at
962 1052 1003 1102 80.
1022 1047 1058 1100 ad
1075 1046 1246 1118 Hesychium
1266 1053 1316 1101 etc
1346 1048 1410 1102 inde
1430 1049 1513 1103 etiam
1533 1049 1744 1120 obscuraquae·

53 1126 97 1177 ad
119 1124 306 1179 immutandos
327 1127 452 1181 homines
476 1130 645 1194 efficacius?
671 1130 718 1199 lib.
744 1138 768 1184 5.
786 1147 846 1201 cap.
867 1136 891 1185 2.
916 1133 981 1187 dam
1005 1132 1108 1187 indicia
1132 1132 1332 1186 Christianismi
1357 1133 1422 1187 olim
1447 1134 1597 1188 introducti
1620 1135 1647 1187 in
1674 1151 1745 1188 novo

53 1212 212 1267 concludit:
254 1212 333 1266 Mihi
358 1231 427 1267 sane
456 1218 575 1269 monstri
600 1218 691 1270 nmile
716 1234 825 1287 semper
852 1225 891 1270 est
915 1219 963 1272 illo
980 1219 1046 1273 orbe
1063 1217 1180 1287 Hispani
1202 1218 1374 1273 invenerunt.
1410 1219 1507 1274 Refert
1524 1220 1624 1275 Petrus
1638 1220 1746 1291 Martyr

51 1299 159 1366 meum,
182 1300 254 1352 anta
272 1307 312 1353 tat
330 1299 424 1353 millia
443 1302 582 1356 Indorum
599 1302 760 1358 Christiano
781 1303 890 1356 nomine
916 1304 1068 1373 historiens,
1087 1306 1246 1358 sacerdotes
1266 1308 1401 1373 quosdam
1412 1307 1596 1360 Americanos
1615 1309 1644 1360 in
1660 1325 1744 1374 reque

55 1385 227 1439 denotamus
244 1393 303 1439 tam
323 1403 381 1439 esse
398 1405 513 1455 raram,
531 1390 581 1456 qai
594 1388 736 1443 fflristam
748 1399 891 1458 canescet,
916 1392 1066 1444 dissicano
1084 1408 1173 1459 supra
1185 1391 1340 1444 Dorienem
1353 1393 1499 1446 anniculas
1506 1410 1612 1461 pamas
1621 1395 1745 1463 puellos-

53 1479 86 1524 ut
111 1474 188 1538 quod
207 1472 328 1541 thesii
349 1473 417 1526 olim
436 1474 531 1528 Paulo
549 1476 584 1528 dc
605 1475 716 1544 Spiritu
735 1495 758 1529 s.
777 1492 891 1545 respon·
915 1494 967 1545 que
991 1479 1020 1530 in
1044 1477 1155 1544 ternplis
1178 1493 1252 1544 aqua
1273 1477 1302 1529 in
1320 1494 1429 1531 crucem
1444 1496 1506 1531 erem
1522 1481 1635 1534 urceolo
1652 1498 1745 1550 snper-

55 1559 167 1626 aanor,
183 1559 293 1627 possint
311 1559 342 1611 tr·
359 1561 394 1612 de
409 1560 520 1615 Christo
540 1561 639 1615 melius
658 1578 814 1631 usurpare:
835 1563 890 1615 Ne·
914 1563 1020 1631 injecta
1046 1563 1188 1631 baptizare
1210 1563 1285 1615 uisos
1302 1565 1400 1627 samse.
1438 1565 1507 1618 Cum
1527 1565 1664 1636 baptismo
1681 1583 1746 1621 con·

54 1661 110 1712 que
128 1662 166 1696 an
183 1647 221 1697 sit
244 1645 371 1700 C'trinus
388 1648 557 1705 audicimus.
593 1647 670 1703 Idem
698 1647 732 1702 de
759 1648 889 1702 Indorum
912 1648 1036 1717 jungunt
1053 1647 1302 1715 circumcisionem,
1325 1650 1399 1719 quad
1416 1650 1519 1705 indicio
1538 1658 1596 1721 est,
1615 1652 1745 1707 Christia-

54 1730 282 1801 praeeeptoribus
310 1732 487 1803 conqueritur
513 1733 594 1804 Vaga
620 1733 649 1788 in
669 1751 765 1804 opusc.
786 1734 822 1787 de
839 1733 887 1786 fid.
915 1752 978 1789 nam
995 1734 1156 1805 religionem
1176 1733 1212 1787 ab
1231 1733 1415 1804 Aethiopibus
1435 1738 1575 1807 quondam
1592 1737 1620 1791 in
1638 1738 1743 1792 Ameri-

55 1822 85 1870 et
104 1816 208 1887 operib.
228 1834 251 1871 e.
270 1826 299 1874 3:
323 1818 443 1881 Quidam
461 1819 512 1872 hoe
529 1828 624 1873 nostro
639 1827 762 1889 tempore
778 1819 889 1890 (inquit)
914 1838 976 1876 eam
993 1821 1183 1891 importatum,
1207 1836 1270 1874 cum
1290 1826 1318 1874 et
1338 1821 1378 1874 illi
1398 1824 1581 1877 ceremoniam
1598 1824 1744 1879 iudaicam

54 1904 186 1957 hahentes
209 1906 296 1958 mam
317 1906 390 1973 Dei,
412 1908 464 1960 sed
487 1925 541 1959 nan
565 1908 716 1960 secundnm
735 1907 888 1972 scientiam,
916 1906 1045 1977 baptismi
1064 1911 1236 1960 sacramento
1254 1908 1435 1979 conjungant.
1471 1908 1632 1964 ‹lohannnes
1650 1911 1745 1965 Lerius

55 1991 148 2043 Indos
165 1993 207 2044 acl
227 1992 390 2060 baptismum
413 1994 551 2046 uenientes
572 1993 819 2047 indiscriminatim
837 1993 889 2045 ad·
916 1994 951 2047 de
973 1991 1185 2047 Brasiliensibua
1203 1999 1412 2060 commemorat,
1430 1995 1503 2064 quod
1522 1996 1680 2048 animarum
1698 1998 1746 2049 im·

56 2077 207 2145 mesura,
230 2078 310 2131 nulla
328 2079 411 2143 saeta
429 2079 610 2147 inquisitione
633 2081 668 2133 dc
686 2081 744 2132 uita
764 2087 789 2132 et
807 2079 890 2132 mori-
915 2079 1084 2133 mortalitati
1092 2079 1309 2146 adstipulantur.
1331 2078 1429 2133 Refert
1443 2079 1534 2147 etiam,
1554 2098 1584 2135 se
1597 2081 1746 2152 aliquando

58 2166 118 2230 bra,
137 2165 192 2218 imo
210 2165 292 2219 nulla
310 2175 357 2219 aut
371 2183 463 2234 paene
482 2166 564 2220 nella
581 2166 618 2219 iis
630 2166 741 2219 tradita
760 2166 890 2219 doctrina
916 2165 982 2236 ipsis
1001 2164 1037 2218 de
1055 2181 1120 2218 vero
1139 2164 1193 2218 Dei
1210 2164 1296 2230 cultu,
1315 2164 1349 2218 de
1368 2165 1505 2220 creatione
1519 2182 1618 2230 rerum,
1636 2166 1671 2218 de
1683 2166 1746 2221 labe

58 2253 96 2305 de
121 2253 180 2305 vita
203 2260 229 2305 et
252 2253 376 2305 moriens
400 2254 556 2306 ricrossario
581 2254 740 2319 sanandis,
765 2253 817 2305 secl
839 2253 891 2306 hac
917 2259 944 2307 et
960 2251 1042 2304 ruina
1058 2250 1168 2322 generis
1186 2249 1298 2304 humani
1317 2256 1345 2304 et
1363 2251 1497 2306 similibus
1515 2251 1686 2305 Christianae
1705 2270 1744 2307 re-

57 2338 121 2390 cola
140 2338 268 2400 contami,
286 2341 362 2407 quael
377 2339 533 2406 propositio
547 2339 622 2404 fidei
637 2338 767 2391 articulis
778 2339 891 2392 oreore
917 2337 1026 2407 ligionis
1046 2336 1183 2406 capitibus
1203 2335 1371 2405 disseruisse,
1392 2336 1493 2407 quibus
1505 2343 1657 2407 postquam
1678 2338 1747 2391 duas

57 2441 89 2478 sc
109 2426 313 2493 respondeant,
343 2424 413 2476 aelle
437 2441 466 2476 re
490 2425 637 2492 baptisari.
679 2426 822 2478 Reaocare
845 2440 891 2477 eos
917 2423 1036 2493 amplius
1054 2422 1136 2476 horas
1153 2438 1255 2492 magna
1272 2438 1335 2475 eum
1353 2423 1505 2478 attentione
1522 2430 1550 2477 et
1567 2422 1747 2476 admiratione

58 2510 96 2563 ch
113 2510 164 2562 troc
186 2526 282 2563 errore
301 2509 395 2561 debuit
414 2510 489 2562 illud
507 2510 628 2564 Christi:
651 2510 749 2563 Nolite
766 2516 892 2562 canaam
918 2510 1126 2578 auscultassent
1146 2509 1256 2564 demum
1276 2508 1414 2578 quendam
1427 2525 1460 2562 ex
1472 2507 1624 2563 senioribus
1638 2523 1747 2578 respon-

59 2596 133 2647 dere
151 2595 278 2650 canibus.
313 2592 391 2648 Haec
410 2593 500 2665 Vaga.
535 2595 574 2649 At
592 2613 657 2651 num
675 2597 743 2651 haec
762 2601 803 2650 est
820 2594 892 2649 salu·
919 2596 1000 2663 disse,
1019 2596 1119 2648 hahere
1138 2612 1167 2648 se
1187 2612 1220 2648 ea
1240 2612 1354 2646 oacrrran
1371 2594 1472 2662 relator,
1484 2596 1549 2662 jam
1568 2595 1635 2647 inde
1654 2612 1673 2645 a
1686 2592 1748 2661 pri·

58 2679 127 2734 uris
143 2679 296 2734 adrerum
315 2679 368 2734 Dei
387 2681 493 2734 cultum
511 2680 674 2737 conversio?
692 2699 759 2736 num
777 2681 823 2736 hic
837 2698 893 2736 mo·
918 2683 974 2737 scis
1000 2683 1168 2752 comportas
1195 2688 1223 2734 et
1249 2687 1313 2733 ante
1339 2681 1478 2748 quarinior
1503 2698 1593 2734 ancras
1616 2680 1751 2747 nerninem

58 2767 112 2820 dus
131 2766 317 2822 conversionis
337 2773 380 2821 est
399 2765 586 2836 apostolicus?
606 2766 736 2839 Denique
752 2784 815 2822 eum
833 2784 893 2838 per-
919 2778 1014 2824 nostra
1038 2785 1114 2823 more
1139 2768 1266 2821 rrectitam
1289 2773 1315 2819 et
1333 2767 1478 2819 hartman
1494 2767 1656 2821 initlorum
1672 2767 1750 2818 cleve-

57 2860 144 2922 petuo
172 2853 325 2923 glorientur
348 2853 489 2922 Jesuitee,
514 2871 614 2909 nomen
640 2852 743 2908 Christi
768 2853 797 2908 in
816 2853 894 2909 novis
919 2857 993 2911 niam
1011 2864 1110 2924 raras,
1128 2853 1284 2924 quirinali
1304 2853 1431 2905 oratione
1450 2853 1526 2920 aptos
1542 2853 1592 2904 sith
1605 2852 1666 2904 Dei
1677 2851 1750 2902 obce-

56 2939 113 2994 illis
140 2938 238 2994 insulis
263 2945 347 2993 antea
366 2957 507 3011 nunquam
526 2940 652 2994 anditum
670 2940 771 3005 fuisse,
797 2946 894 2994 notan·
920 2945 1013 3013 qrrium
1043 2944 1183 2996 addamne
1211 2947 1328 2993 cannas
1353 2940 1406 3005 sit,
1435 2955 1496 2990 cam
1519 2945 1610 2990 autem
1629 2937 1752 3006 majores

59 3026 136 3094 dum,
154 3026 229 3096 quod
245 3025 387 3081 lohannes
406 3024 544 3095 Gorapius
562 3026 591 3079 in
613 3025 741 3096 originib.
770 3025 894 3080 Marinus
919 3032 1046 3100 ipsoram
1063 3029 1111 3082 illi
1121 3030 1210 3098 fidem
1230 3044 1287 3080 non
1305 3025 1483 3088 adhiberent,
1506 3042 1569 3077 mcc
1588 3023 1752 3077 saccmsime

59 3111 171 3167 Siculus
195 3112 243 3168 lib.
266 3118 305 3168 15.
329 3111 392 3167 hist.
417 3111 533 3182 Hispan.
557 3111 598 3165 uti
616 3111 700 3165 etiam
719 3112 848 3168 Neandcr
865 3113 894 3166 in
920 3117 1023 3185 alitem,
1043 3116 1093 3184 qui
1107 3130 1198 3168 mem
1222 3112 1375 3180 symbolum
1392 3111 1598 3164 maledictionis
1617 3110 1678 3163 illis
1696 3118 1751 3161 tra·

59 3199 249 3267 cosmograph.
274 3217 302 3269 p.
324 3205 348 3254 t.
374 3203 402 3253 et
424 3215 501 3269 seqq.
524 3215 557 3252 ex
583 3197 701 3253 Platone
724 3198 754 3253 in
772 3199 894 3263 Timaeo,
921 3205 1006 3270 deret,
1025 3202 1060 3253 ah
1079 3217 1111 3253 eo
1129 3207 1251 3267 tempore
1270 3197 1345 3250 bella
1363 3206 1389 3249 et
1403 3197 1590 3250 detensiones
1599 3202 1752 3264 perpetuas

59 3282 207 3352 Strabone,
224 3283 317 3338 Plinio
331 3289 383 3339 etc.
403 3284 557 3348 ostendant,
575 3284 732 3339 Amerinam
744 3303 799 3341 uon
810 3285 895 3339 fuisse
922 3291 995 3343 inter
1018 3288 1095 3356 ipsos
1112 3284 1246 3352 -sipuisse
1281 3281 1325 3337 De
1351 3281 1484 3337 Peruenis
1503 3281 1600 3335 scribit
1616 3280 1752 3349 Hierony-

59 3370 231 3441 incognitam
244 3369 392 3437 veteribus,
411 3371 459 3424 sed
479 3371 588 3425 nomine
607 3371 757 3425 Atlantidis
774 3371 894 3427 celebra·
920 3393 981 3430 mus
1001 3373 1094 3427 Benna
1118 3369 1165 3425 lib.
1190 3375 1214 3424 3.
1239 3387 1263 3423 c.
1288 3374 1329 3424 2⁰.
1354 3366 1429 3439 quod
1447 3367 1499 3437 ipsi
1517 3385 1624 3437 qumque
1641 3368 1752 3419 immar-

59 3464 135 3524 tam,
153 3473 186 3510 ac
207 3472 270 3510 eum
291 3457 340 3510 diu
358 3458 498 3525 latuisset,
516 3464 608 3511 nostro
628 3458 722 3512 seculo
740 3475 833 3512 rursus
849 3458 895 3513 de·
921 3463 1059 3517 talitatem
1083 3457 1241 3510 aniciorum
1258 3456 1388 3521 mederet,
1412 3459 1440 3508 et
1456 3468 1488 3508 ex
1509 3453 1668 3524 Hispanicie
1686 3452 1752 3506 scri·

59 3550 179 3610 tactam,
204 3543 387 3597 intermissam
406 3550 499 3597 autem
518 3543 724 3614 navigationem
741 3545 777 3598 ad
794 3562 895 3599 novum
921 3546 1047 3618 ptoribus
1070 3544 1163 3613 addit,
1188 3543 1303 3596 ereekre
1324 3542 1472 3594 Peraanos
1495 3540 1632 3607 inqentem
1646 3541 1753 3609 priscis

60 3629 157 3683 orbem
184 3646 202 3683 a
227 3629 368 3684 veteribus
393 3630 437 3685 vel
460 3647 556 3700 regum
584 3630 781 3701 civitatumque
812 3631 896 3685 inter·
922 3633 1091 3703 temporibus
1115 3638 1254 3683 arranem
1278 3628 1489 3680 inundationem
1516 3627 1667 3695 occiduae,
1695 3629 1752 3694 qm'-

60 3716 157 3779 dietis,
185 3714 230 3769 vel
253 3715 288 3770 ob
309 3715 426 3770 Romani
453 3715 560 3786 imperii
585 3715 805 3786 inclinationem,
832 3733 896 3771 cum
923 3721 972 3772 ern
994 3734 1087 3772 manes
1112 3716 1247 3769 submersi
1264 3714 1320 3766 sint
1336 3712 1484 3777 mortales,
1506 3713 1606 3780 perraris
1625 3714 1752 3780 arreptis,

60 3809 138 3856 tatus
162 3800 354 3856 orbisncster
380 3800 474 3869 bellis,
500 3801 703 3871 direptionibus
722 3808 750 3857 et
767 3804 896 3859 vastatio·
922 3808 971 3876 qai
993 3805 1195 3860 altissimorum
1219 3801 1352 3854 montium
1373 3798 1507 3867 specubus
1526 3798 1619 3851 certici
1636 3816 1754 3851 comanit-

60 3887 145 3943 nibus
164 3886 334 3956 Gothorum,
353 3886 557 3956 Vandalorum,
583 3887 761 3958 Hunnorum,
784 3889 895 3961 Longa·
922 3910 985 3946 nera
1001 3888 1269 3959 sortemeffaqerint.
1301 3886 1381 3951 Item,
1400 3884 1515 3937 medere
1528 3883 1602 3952 illos,
1623 3886 1754 3937 moenitum

62 3972 220 4043 bardarum,
240 3978 396 4027 exterarum
408 3974 474 4028 item
486 3974 610 4045 gentium
622 3975 733 4030 arderet
744 3981 773 4030 et
784 3976 896 4032 'Iurciei
923 3979 1099 4032 interituram
1119 3973 1277 4042 aliquando
1296 3971 1402 4038 inqenti
1420 3969 1545 4023 siccitate
1563 3971 1755 4038 etcormoqra·

61 4058 169 4129 impedi
198 4059 397 4113 incrementum
426 4074 520 4112 omnes
552 4061 624 4115 vires
657 4067 685 4116 et
714 4061 897 4133 cogitationes
923 4067 997 4120 tione
1015 4065 1098 4131 oeno,
1119 4061 1229 4131 qaosol
1242 4060 1301 4127 ipsc
1314 4066 1339 4110 et
1353 4057 1621 4122 tronchoariontar;
1640 4058 1754 4109 rreclm

10 4163 47 4205 aa.
63 4145 193 4216 Europae
219 4144 249 4197 in
275 4162 305 4198 se
331 4151 509 4200 converteret.
543 4146 701 4203 Verisimile
733 4148 818 4218 igitur
848 4154 897 4212 est,
923 4150 1154 4206 rmamectionem
1183 4153 1364 4198 rnortuorum.
1409 4141 1600 4197 Brachmanae
1625 4141 1756 4195 ludorum

61 4230 245 4301 apostolicam
284 4230 420 4300 evangelii
460 4230 695 4301 praedicationem
731 4235 790 4303 jam
832 4234 897 4288 olim
925 4237 1045 4307 theologi
1069 4239 1181 4305 gestant
1200 4241 1281 4284 terna
1300 4231 1351 4293 ila
1369 4228 1404 4283 ab
1423 4228 1536 4282 humero
1555 4229 1651 4282 hortm
1667 4229 1696 4282 in
1716 4229 1753 4282 la·

62 4319 148 4373 eu'am
173 4316 209 4370 ad
235 4316 284 4370 illa
309 4316 370 4370 loca
387 4318 559 4386 pervenisse,
587 4336 649 4373 cum
672 4318 898 4389 inductioni,
925 4323 1141 4387 tausinianum,
1163 4317 1293 4382 credunt,
1314 4314 1560 4385 Deuminspecio
1579 4314 1755 4369 humanala-

62 4422 89 4457 v.
110 4410 152 4459 23.
176 4402 256 4457 Rom.
279 4409 324 4471 te,
341 4421 366 4455 v.
387 4408 426 4457 18,
445 4409 575 4473 testetur,
601 4407 774 4473 eoarrqehiam
792 4408 822 4460 in
839 4415 897 4461 toto
925 4418 1029 4465 tentem
1047 4413 1133 4462 terras
1153 4402 1320 4467 lustraviese,
1339 4409 1370 4455 ut
1386 4401 1535 4455 humanum
1547 4418 1635 4471 genus
1650 4409 1756 4470 apeste

63 4491 129 4543 crta
135 4488 340 4557 fructificasse,
354 4505 387 4543 ae
398 4488 494 4559 primis
506 4491 638 4547 sedeciae
646 4491 818 4546 Christianae
830 4498 897 4546 tem-
924 4494 1092 4565 sempiterna
1118 4491 1279 4558 redimeret,
1317 4488 1376 4542 dics
1402 4486 1563 4542 Dominieos
1589 4492 1756 4541 venerantur

63 4576 178 4646 poribus
195 4574 274 4628 nulla
291 4592 360 4645 gens
377 4574 462 4629 fuerit
478 4583 552 4640 nota,
570 4577 607 4630 ad
625 4594 708 4647 quam
721 4577 898 4648 evmrgelicae
925 4578 1134 4653 precatiuncula
1146 4577 1198 4631 hae
1210 4576 1370 4645 frequenter
1379 4573 1492 4628 iterata:
1510 4574 1606 4626 Adoro
1619 4581 1654 4636 tc,
1667 4575 1757 4640 Deris,

63 4661 278 4733 praedicationis
297 4678 380 4715 sonus
398 4662 521 4715 nondum
537 4664 702 4731 pervenerit.
731 4665 898 4720 Jmtinmio
925 4687 987 4723 cnm
1003 4675 1051 4719 tota
1068 4665 1165 4733 pratia
1183 4665 1210 4715 ct
1226 4661 1334 4715 eradio
1351 4662 1381 4714 in
1400 4668 1549 4727 aeternnm,
1570 4660 1667 4714 ‹leecm
1687 4659 1757 4730 logis

63 4749 131 4805 dial.
149 4765 213 4802 eum
227 4745 333 4817 Tryph.
345 4764 372 4816 p.
386 4753 444 4802 270.
458 4746 562 4811 scribit,
583 4749 657 4818 quod
669 4750 763 4802 nullas
777 4752 807 4804 in
821 4758 898 4803 terra
925 4757 1075 4826 praecepta
1093 4750 1195 4804 cadent
1211 4754 1263 4804 etc.
1284 4763 1356 4817 quae
1375 4745 1468 4799 omnia
1487 4764 1542 4800 non
1560 4746 1678 4800 obseura
1695 4745 1757 4798 roli-

58 4836 187 4906 popalus
194 4834 292 4900 fuerit,
302 4834 349 4887 cai
359 4841 415 4886 tam
427 4835 560 4902 temporis
573 4853 628 4887 nort
639 4836 793 4889 innotuerit
802 4854 899 4891 ttamen
926 4841 1015 4913 gicnis
1038 4837 1211 4892 Christianae
1240 4832 1277 4888 ab
1297 4831 1429 4902 apostolis
1447 4832 1511 4886 olim
1531 4839 1680 4900 acceptae,
1710 4831 1759 4885 sed

65 4920 180 4975 Christi.
211 4918 401 4973 Tertullianus
415 4919 478 4972 adv.
491 4918 557 4974 lud.
571 4937 594 4973 c.
607 4926 632 4973 3.
649 4927 791 4990 memorat,
809 4923 898 4975 aedi·
926 4925 1066 4981 hominum
1088 4927 1230 4977 contemtu
1255 4926 1283 4973 et
1310 4923 1464 4986 temporum
1494 4918 1612 4972 decursu
1642 4919 1759 4972 amissae

64 5009 141 5062 &sse
167 5004 277 5059 wirnto
304 5005 488 5058 (lectioonem
508 5006 659 5059 cannatas
685 5015 712 5060 ct
730 5011 900 5063 Memorem
929 5012 1059 5068 exhibent
1084 5006 1209 5077 vestigia.
1253 5004 1404 5059 Chinenses
1432 5003 1610 5058 idololatricis
1639 5004 1760 5058 cultibus

65 5095 169 5149 nimos
183 5094 257 5160 fines
277 5099 301 5143 et
315 5093 520 5144 Britannorum
532 5092 675 5146 irtaeeesso
689 5095 900 5149 Romanisleto
929 5100 1078 5155 servientes
1104 5094 1265 5148 nonnullam
1293 5099 1322 5145 et
1349 5091 1403 5160 ipsi
1429 5090 1529 5144 veteris
1558 5089 1760 5144 Christianismi

65 5188 91 5234 et
126 5177 323 5231 Sarmatarum
355 5184 379 5228 et
412 5179 558 5230 nioman
589 5185 614 5229 tt
646 5176 852 5233 Gerasenorum
876 5190 902 5235 et
930 5186 1054 5240 umbram
1071 5180 1239 5251 imaginibus
1258 5184 1287 5232 et
1302 5177 1401 5231 ritibus
1416 5176 1759 5246 quibusdamaxprimunt.

67 5265 236 5334 &uticam
257 5271 282 5316 et
304 5263 465 5314 cholda-imm
485 5264 636 5317 inultorum
653 5266 775 5330 centium
793 5275 820 5320 et
834 5286 901 5336 pro·
933 5274 1105 5326 Venerantur
1123 5267 1196 5322 enirn
1215 5264 1392 5319 simulacrum
1410 5262 1511 5331 triceps
1524 5263 1612 5317 tribus
1625 5263 1763 5332 capitibus

64 5353 224 5406 uitiatarum
248 5357 273 5402 et
297 5349 455 5403 insularum
477 5352 626 5403 coreitarum
643 5352 722 5404 nohis
742 5354 901 5420 r'qrrotaram
931 5376 991 5415 sese
1010 5361 1106 5410 mutuo
1124 5351 1295 5406 intuentibus
1314 5355 1343 5403 et
1362 5349 1390 5401 in
1410 5366 1442 5402 etr
1463 5355 1517 5405 tres
1537 5349 1655 5405 numetis
1667 5348 1762 5419 facies,

125 5443 290 5490 tietberdiloei.
305 5442 330 5484 V.
1403 5458 1435 5508 28
