3998 6024
656 136 691 214 Ι·
776 115 1041 178 neumausi
1690 137 1762 193 xrm

49 289 78 328 v.
101 275 143 329 12.
162 276 215 326 sto.
251 275 276 326 4.
294 270 382 341 Apoe.
405 276 450 342 lt,
474 289 499 326 v.
520 276 545 329 6.
565 271 752 343 praedictum,
770 278 894 342 tempore
926 271 1025 327 Matth.
1047 279 1087 342 lt,
1105 290 1131 329 v.
1147 279 1190 330 ¹11.
1209 291 1309 330 cosme
1317 275 1401 347 jubet
1413 295 1432 330 a
1442 278 1582 341 iumento
1594 279 1765 336 Pharisaeo-

50 357 199 429 regnantis
216 355 382 412 Antichristi
407 357 551 413 ecelesiam
575 359 605 414 ia
624 360 802 415 solitudinem
823 359 896 430 fugi·
924 377 1000 428 rans,
1026 358 1141 415 horest
1162 363 1481 434 edocerinoilloram,
1509 370 1541 418 ut
1560 363 1663 420 ibidem
1682 383 1707 422 v.
1727 373 1765 422 12.

51 449 162 513 turam,
185 445 235 497 abi
249 444 350 497 habeat
366 443 457 497 locam
477 446 533 498 sibi
550 463 568 498 a
586 447 806 515 Desperatum.
842 446 897 499 Ini-
926 445 1085 514 exponitur,
1106 464 1158 502 nec
1177 448 1292 504 dubium
1312 455 1361 513 est,
1382 450 1490 521 aliquos
1511 451 1642 505 mandato
1662 451 1764 507 Christi

54 547 143 601 quum
162 530 249 600 igitur
268 530 437 600 postulatum
457 535 511 597 est,
536 539 568 586 ut
586 531 721 586 illustrem
741 539 770 587 et
789 532 896 602 conspi·
925 530 1070 586 obsecutos
1088 541 1236 606 utrumque
1254 537 1433 605 praestitisse,
1455 537 1495 591 ita
1513 544 1544 592 ut
1562 539 1720 594 sacerdotes
1737 549 1766 594 et

54 633 141 671 cuum
159 616 279 687 aliquem
297 621 406 672 coetum
424 617 617 685 ostendamus,
642 619 690 688 qui
709 627 832 690 tempore
850 635 897 690 pa·
924 618 1088 674 Pharisaeos
1113 622 1142 674 ln
1172 622 1305 677 cathedra
1329 623 1434 694 Moysis
1459 623 1587 679 sedentes
1609 625 1765 680 audiverint
1853 665 1855 669 ¹

53 709 138 774 patus
164 702 331 758 dominantis
356 720 406 773 per
430 704 521 759 omnia
544 722 645 775 purum
664 710 693 760 et
709 705 897 775 incorruptum
926 709 953 758 et
971 709 1064 760 tamen
1082 724 1098 761 a
1118 707 1254 763 fermento
1274 724 1368 763 eorum
1386 708 1439 763 sibi
1458 710 1589 764 caverint.
1628 710 1766 766 Videntur

53 789 187 845 habuerit
209 788 285 844 verbi
314 788 495 845 ministerium
520 798 548 845 et
571 797 683 847 externo
706 792 853 862 splendore
869 791 898 845 in
926 790 1038 860 quidem
1064 791 1132 847 haec
1157 793 1274 848 invicem
1299 811 1440 865 pugnare,
1469 797 1517 850 sed
1537 797 1641 866 optima
1659 797 1765 852 ratione
1842 790 1846 799 ’

57 876 153 931 oculos
179 875 321 930 hominum
345 893 405 931 sese
433 876 622 934 insinuaverit.
665 878 747 941 Quod
773 877 845 932 enim
870 877 898 931 in
926 878 1102 932 conveniunt.
1139 879 1252 935 Scribas
1272 888 1300 935 et
1317 880 1461 936 Pharisaei
1479 883 1621 936 constituti
1640 889 1718 937 erant
1736 884 1764 937 in

57 962 211 1018 solitudine
227 963 296 1018 latet
314 980 346 1017 ae
365 963 457 1017 locum
475 963 528 1019 sibi
548 981 565 1018 a
584 963 645 1019 Deo
663 973 792 1035 paratum
806 964 898 1027 habet,
926 963 1038 1033 publico
1063 964 1180 1021 docendi
1203 984 1329 1031 munere,
1352 968 1404 1022 hoc
1429 968 1502 1023 enim
1526 969 1691 1039 intelligitur
1714 988 1764 1039 per

56 1050 86 1104 id
102 1049 215 1121 publice
226 1054 323 1104 notum
336 1056 363 1104 ot
374 1049 482 1105 illustre
495 1067 554 1105 esse
564 1050 669 1122 nequit.
692 1058 716 1107 5.
730 1057 754 1106 2.
766 1050 862 1105 Thess.
873 1055 898 1114 2,
926 1051 1075 1107 sessionem
1094 1070 1177 1123 super
1196 1054 1357 1109 cathedram
1377 1054 1488 1125 Moysis.
1526 1054 1558 1108 In
1572 1055 1765 1132 cathedrailla

56 1153 82 1190 v.
104 1144 128 1192 4.
148 1136 336 1208 praedictum,
356 1137 561 1191 antichristum
579 1139 609 1190 ia
623 1139 725 1208 ternplo
740 1139 799 1191 Dei
809 1155 898 1191 sassa
926 1136 1125 1209 praelegebant
1143 1140 1245 1210 populo
1264 1140 1369 1209 scripta
1386 1140 1491 1210 Moysis
1509 1147 1537 1195 et
1560 1142 1763 1212 prophetarum.

54 1243 134 1291 rara,
159 1222 211 1280 hoc
229 1223 316 1277 estin
336 1223 454 1279 eeclesia
471 1224 685 1280 dominationem
707 1225 898 1280 exerciturum.
926 1221 1021 1279 Actor.
1050 1229 1096 1290 15,
1124 1244 1150 1278 v.
1179 1231 1226 1281 21:
1261 1229 1374 1295 Moyses
1400 1246 1418 1281 a
1444 1229 1615 1296 temporibus
1640 1230 1764 1298 antiquis

55 1310 133 1381 Ergo
152 1308 343 1364 Antichristus
363 1317 391 1364 et
407 1311 541 1381 templum
559 1311 629 1381 Dei,
647 1311 700 1366 hoc
719 1317 762 1366 est
779 1317 899 1382 papatus
926 1310 1006 1363 tolet
1037 1312 1066 1364 ie
1092 1313 1212 1382 sinuatis
1241 1314 1411 1383 civitatibus,
1441 1315 1491 1383 qai
1514 1332 1575 1368 eam
1597 1318 1764 1384 praedicent
1853 1379 1861 1395 ι

56 1404 87 1453 et
105 1396 236 1464 ecclesia,
257 1396 339 1450 simul
360 1404 533 1466 manserunt,
552 1405 672 1468 papatus
691 1398 840 1468 occupavit
855 1414 899 1452 ec·
927 1397 957 1448 io
987 1401 1137 1466 spnoqopls
1165 1408 1190 1452 et
1212 1416 1268 1468 per
1295 1416 1372 1454 omae
1400 1401 1544 1454 sabbatum
1567 1403 1670 1470 tepent.
1707 1401 1765 1457 Illis

56 1483 180 1551 alesiam,
197 1481 315 1537 ecclesia
332 1482 386 1537 fuit
406 1483 459 1537 sub
479 1490 593 1554 papatu.
629 1483 658 1540 Si
676 1484 823 1539 defecisset
834 1499 901 1536 vera
927 1483 1025 1553 igitur,
1057 1501 1129 1555 quae
1160 1504 1191 1540 ex
1217 1485 1313 1556 Moyse
1341 1492 1368 1540 ct
1394 1486 1536 1557 prophetis
1565 1488 1764 1560 praelegeban-

56 1569 191 1637 ecclesia,
217 1585 274 1623 non
300 1569 417 1624 sedisset
439 1569 629 1624 Antichristus
653 1571 683 1624 in
708 1570 813 1642 templo
838 1570 899 1626 Dei.
928 1578 985 1637 tur,
1015 1587 1078 1625 vere
1108 1571 1148 1641 pii
1174 1571 1290 1644 obsequi
1321 1572 1502 1638 tenebantur,
1531 1574 1656 1645 adeoque
1682 1574 1765 1629 etiam

57 1655 192 1720 Quamvis
215 1655 300 1727 igitur
318 1657 427 1710 ostendi
444 1674 500 1710 non
518 1664 627 1727 posset,
654 1657 791 1728 quomodo
809 1657 899 1711 ubivis
928 1655 1166 1728 obsequebantur,
1197 1659 1246 1712 scd
1273 1659 1384 1730 quando
1403 1677 1490 1730 purae
1510 1660 1574 1715 huic
1593 1678 1699 1717 massae
1718 1663 1764 1716 do-

57 1743 118 1798 lere
141 1743 300 1797 dominante
326 1749 355 1797 et
377 1750 523 1813 grassante
542 1743 714 1798 Antichristo
744 1743 901 1799 conservari
929 1743 1033 1798 ctrinae
1053 1745 1179 1799 coelestis
1199 1745 1364 1799 fermentum
1384 1745 1576 1816 traditionum,
1594 1749 1764 1818 superstitio-

57 1830 183 1899 potaerit
207 1845 241 1883 ac
268 1837 430 1883 conservata
453 1830 538 1885 luerit
561 1848 628 1885 vera
649 1831 779 1900 eeclesia,
808 1836 902 1884 tamen
929 1847 995 1883 num
1032 1837 1060 1884 et
1089 1830 1309 1901 corruptelarum
1340 1849 1453 1886 suarum
1483 1833 1686 1904 admiscebant,
1728 1836 1765 1890 ibi

59 1915 173 1971 oraculo
197 1915 289 1969 divino
312 1915 422 1969 firmam
444 1913 528 1970 fidem
554 1917 718 1971 adhibentes
743 1922 819 1971 certo
844 1922 901 1970 sta·
931 1933 1064 1971 memores
1090 1918 1214 1971 mandati
1240 1918 1387 1974 aChristo
1408 1919 1576 1990 promulgati
1595 1921 1766 1991 corruptelas
1865 1975 1871 1996 ,

58 2007 140 2057 tuere
159 2001 305 2069 debemus,
332 2002 467 2072 templum
484 2002 552 2067 Dei,
570 2002 623 2057 hoc
642 2010 685 2057 est
703 2020 795 2057 veram
815 2003 902 2057 eccle·
929 2007 956 2055 et
987 2003 1150 2058 traditiones
1182 2003 1245 2057 illas
1273 2004 1460 2075 repudiabant
1487 2013 1595 2061 retenta
1621 2007 1766 2064 sinceriore

59 2088 147 2155 siam,
169 2088 251 2143 etiam
269 2087 316 2143 illo
335 2094 459 2157 tempore
478 2088 564 2144 fuisse
585 2097 787 2147 conservatum.
825 2089 905 2145 Sicut
928 2088 1070 2143 doctrinae
1101 2089 1228 2145 coelestis
1255 2107 1354 2147 massa.
1398 2090 1503 2146 Eodem
1534 2093 1616 2148 modo
1643 2111 1685 2148 res
1713 2095 1765 2148 snb

59 2174 90 2230 in
109 2174 258 2230 ruderibus
277 2182 456 2230 conservatur
467 2174 586 2230 aedilicii
598 2174 819 2245 fundamentum,
837 2177 905 2230 licet
929 2181 1034 2245 papatu
1054 2191 1113 2230 sese
1132 2174 1239 2233 habuit.
1274 2176 1516 2249 Praelegebantur
1535 2179 1645 2250 publice
1663 2181 1766 2250 scripta

10 2276 44 2319 aa
58 2260 195 2332 splendor
215 2262 289 2316 illius
308 2279 362 2316 non
382 2261 501 2331 amplius
517 2267 620 2332 erstet;
645 2262 684 2316 sie
704 2280 768 2316 vera
787 2263 903 2318 ecelesia
928 2262 1124 2332 prophetarum
1141 2268 1169 2317 et
1187 2264 1382 2333 apostolorum,
1401 2281 1434 2318 ex
1453 2264 1507 2319 illis
1526 2266 1604 2319 multi
1624 2268 1659 2321 ad
1678 2268 1764 2321 vitam

59 2348 115 2402 sub
133 2356 239 2419 papatu
259 2347 375 2416 mansit,
394 2348 459 2403 licet
478 2355 607 2403 externus
630 2349 755 2418 ejusdem
773 2348 903 2419 splendor
928 2355 1067 2402 aeternam
1087 2348 1206 2402 instituti
1224 2354 1290 2403 sunt
1306 2366 1340 2404 ac
1357 2349 1506 2419 informati,
1530 2352 1559 2405 in
1580 2352 1680 2422 quibus
1699 2370 1764 2410 vera

59 2434 184 2506 perierit.
221 2441 245 2491 6.
263 2434 420 2490 Ecclesiam
443 2441 578 2507 perpetuo
603 2437 759 2492 conservari
778 2438 903 2490 veritatis
929 2433 1047 2489 ecclesia
1089 2435 1143 2489 fuit
1183 2441 1355 2490 conservata.
1407 2436 1510 2501 Quodsi
1543 2454 1609 2508 ergo
1638 2439 1763 2494 desultae

60 2529 102 2575 eet
123 2523 245 2588 divinoe,
266 2521 314 2575 ubi
336 2526 364 2575 et
382 2522 458 2591 apud
478 2538 547 2592 quos
568 2529 754 2589 conservetur,
774 2525 901 2577 observo·
929 2520 1136 2592 quaestionibus
1159 2522 1216 2575 suis
1235 2539 1284 2576 nos
1303 2527 1436 2593 urgeant,
1459 2523 1509 2575 ubi
1526 2531 1590 2576 ante
1612 2525 1763 2578 ertlrerum

59 2607 146 2662 ίίοηὶε
166 2616 206 2661 est
224 2608 383 2662 historicae.
413 2607 490 2677 Ergo
503 2607 526 2661 si
539 2608 582 2662 vel
595 2608 712 2662 maxime
725 2609 833 2663 ostendi
847 2626 902 2663 nou
928 2608 1053 2660 sonuerit
1070 2624 1137 2661 ocra
1157 2609 1302 2673 doctrino,
1324 2610 1373 2661 ubi
1390 2619 1552 2662 conservato
1569 2611 1662 2676 faerit
1679 2612 1763 2665 eecle-

58 2700 171 2766 posset,
190 2694 239 2749 ubi
261 2701 289 2749 et
306 2710 392 2765 penes
413 2711 483 2764 quos
503 2699 626 2765 tempore
646 2702 767 2764 papatus
787 2695 903 2750 ecclesia
928 2696 994 2747 sio!
1032 2694 1243 2764 respondemus,
1274 2711 1366 2749 veram
1395 2692 1549 2750 doctrinam
1573 2705 1764 2753 conservatam

59 2779 161 2836 fuisset
178 2788 351 2847 conservata,
369 2779 399 2833 id
419 2779 559 2834 defectum
577 2780 777 2835 observationis
795 2779 901 2834 histori-
929 2797 989 2835 esso
1014 2780 1042 2833 in
1070 2780 1165 2835 codiee
1195 2779 1299 2834 biblico
1329 2781 1501 2853 eandemque
1525 2781 1552 2834 in
1577 2782 1764 2853 praelectione

60 2884 112 2923 cae
133 2867 270 2922 duntaxat
289 2871 427 2938 argueret,
445 2866 555 2921 veritati
567 2873 660 2921 autem
674 2867 829 2922 divinorum
843 2883 903 2921 ora·
929 2866 1031 2920 codicis
1060 2865 1157 2922 biblici
1180 2866 1292 2936 publice
1319 2867 1453 2922 sonuisse.
1496 2867 1613 2923 Nostrae
1631 2869 1765 2924 ecclesiae

59 2954 189 3009 culorum
208 2954 285 3008 nulla
304 2970 336 3007 ex
355 2960 434 3024 parte
453 2955 667 3024 praejudicaret.
929 2953 1035 3007 nullum
1057 2953 1159 3024 dogma
1179 2953 1385 3023 amplectuntur
1405 2960 1481 3010 extra
1502 2953 1686 3026 scripturam,
1706 2955 1765 3009 nul·

98 3047 158 3097 177.
193 3040 340 3096 Sedenim
359 3056 395 3094 ne
414 3039 481 3110 quid
494 3039 623 3108 habeant,
644 3041 718 3112 quod
731 3056 902 3109 conquersn-
930 3039 987 3092 lum
1004 3044 1183 3110 propugnant
1200 3039 1363 3108 articulum,
1391 3042 1471 3110 cujus
1491 3057 1546 3095 non
1565 3047 1674 3096 exstent
1690 3042 1766 3096 clara

10 3172 23 3190 ,
59 3133 107 3181 tur
125 3126 293 3195 adversarii,
318 3126 509 3195 ostendemus,
535 3126 674 3197 quomodo
692 3131 722 3179 et
740 3126 814 3196 apud
833 3143 902 3196 quos
929 3134 958 3181 et
980 3127 1128 3197 perspicua
1151 3125 1309 3180 testimonia
1332 3126 1535 3197 inscriptura,
1567 3145 1633 3198 ergo
1654 3128 1765 3199 quaudo

10 3221 13 3240 '
32 3224 44 3236 '
58 3214 114 3269 sub
139 3212 308 3268 densissimis
331 3221 451 3282 papatus
473 3212 596 3267 tenebris
621 3230 687 3266 vera
706 3211 804 3283 religio
823 3219 851 3266 et
870 3230 902 3266 er
929 3212 1043 3283 publice
1061 3212 1203 3283 praelecta
1220 3211 1275 3266 fuit
1291 3211 1442 3282 Scriptura,
1462 3213 1604 3283 publicam
1623 3213 1765 3285 religionis

59 3299 244 3370 consequenti
267 3298 349 3354 etiam
374 3317 439 3354 vera
463 3299 581 3354 ecclesia
604 3299 761 3354 conservari
781 3297 904 3368 potuerit
929 3304 1041 3353 nostrae
1066 3298 1243 3369 praeconium
1269 3298 1324 3353 fuit
1347 3299 1481 3354 auditum.
1523 3299 1621 3370 Neque
1646 3301 1719 3354 enim
1736 3299 1766 3354 in

58 3404 95 3442 ac
121 3392 286 3442 conservata
308 3385 352 3440 sit.
389 3387 502 3440 Certmn
527 3393 583 3454 est,
608 3384 636 3439 in
663 3384 760 3440 mediis
783 3390 903 3456 papatus
930 3384 1054 3441 ecclesiis
1081 3384 1183 3439 normis
1211 3384 1266 3439 alio
1295 3389 1373 3439 textu
1405 3384 1509 3440 biblico
1531 3385 1650 3450 utimur,
1683 3402 1765 3458 quam

56 3472 184 3529 tenebris
209 3471 345 3543 singulari
367 3471 420 3526 Dei
444 3469 578 3526 beneficio
602 3477 794 3526 conservatum
817 3470 904 3526 fuisse
929 3471 977 3542 qui
1000 3487 1018 3525 a
1040 3469 1182 3542 prophetis
1206 3475 1234 3525 et
1257 3469 1389 3540 apostolis
1414 3470 1587 3542 conscriptus
1613 3471 1648 3526 ad
1672 3479 1766 3528 nostra

58 3565 268 3614 sacrosamtum
286 3559 410 3612 codicem
429 3557 569 3623 biblicus,
588 3556 663 3610 illius
678 3557 903 3626 ptoedumperi-
928 3574 1017 3628 nsque
1047 3563 1172 3627 tempora
1198 3556 1228 3611 in
1254 3556 1345 3611 medio
1371 3563 1476 3628 papatu
1506 3558 1600 3613 divino
1630 3559 1765 3615 beneficio

57 3662 150 3713 copus
162 3643 274 3713 publice
289 3643 403 3698 fuerunt
420 3643 523 3714 populo
541 3643 699 3712 praelectae
716 3649 745 3697 et
754 3643 902 3715 expositae,
926 3643 982 3698 fuit
999 3650 1193 3708 conservatus,
1211 3658 1244 3696 ex
1262 3641 1310 3696 illo
1327 3641 1388 3712 ipso
1405 3647 1483 3697 textu
1501 3641 1641 3697 immotam
1660 3644 1764 3698 confes-

57 3747 94 3786 ae
120 3729 223 3800 integri
242 3729 357 3800 quidam
376 3728 439 3783 libri
458 3728 487 3783 in
506 3728 606 3782 scholis
623 3730 751 3784 enarrati.
788 3729 902 3792 Quoties
928 3729 1012 3784 sionis
1040 3734 1150 3784 nostrae
1174 3727 1318 3783 veritatem
1338 3727 1571 3797 demonstramus,
1598 3728 1666 3782 nihil
1686 3728 1766 3800 quid·

57 3816 149 3887 igitur
173 3820 266 3870 textus
290 3814 410 3868 biblicus
434 3814 489 3868 luit
514 3815 669 3885 praelectus
697 3821 725 3869 et
753 3815 901 3885 expositus,
929 3833 1012 3887 quam
1040 3815 1162 3871 alienum
1185 3815 1230 3868 vel
1253 3814 1431 3885 peregrinum
1457 3813 1497 3867 illi
1514 3814 1672 3885 inferimus,
1695 3813 1766 3868 nihil

56 3902 144 3959 toties
167 3918 248 3957 verae
265 3901 399 3956 eeclesiae
417 3901 554 3956 confessio
571 3901 684 3971 publice
704 3901 811 3966 sonuit,
836 3903 902 3975 quia
928 3909 1006 3958 extra
1028 3902 1198 3974 quaerimus,
1226 3901 1276 3955 sed
1296 3901 1457 3971 Scripturas
1479 3900 1612 3954 limitibus
1632 3918 1681 3955 nos
1701 3918 1764 3956 eon·
1778 3910 1814 3964 η
1829 3919 1875 3963 aso,

55 4006 127 4045 vera
148 3987 266 4044 ecclesia
290 3988 466 4058 amplectitur
484 3988 639 4042 doctrinam
659 3989 689 4042 in
709 3988 820 4059 scriptis
839 4006 900 4060 pro·
928 3989 1055 4044 tinemus.
1094 3986 1332 4054 Quemadmodum
1353 3986 1439 4058 igitur
1457 3985 1583 4040 Christus
1602 3992 1629 4040 et
1646 3987 1764 4056 apostoli

54 4077 207 4149 phetaram
228 4080 257 4129 et
278 4074 466 4144 apostolorum
488 4074 673 4145 propositam,
700 4090 752 4129 nec
778 4075 901 4130 dubitari
928 4095 960 4132 ex
985 4074 1114 4129 Mosaicis
1141 4080 1169 4128 et
1193 4072 1359 4145 propheticis
1382 4071 1504 4142 scriptis,
1531 4088 1602 4142 quae
1626 4073 1655 4125 in
1673 4089 1764 4127 corru-

55 4164 119 4219 ulla
145 4161 251 4216 ratione
277 4167 383 4232 potest,
410 4161 502 4216 Deum
528 4179 578 4233 per
601 4162 653 4216 hoc
680 4162 801 4216 medium
819 4161 902 4233 juxta
927 4162 1052 4234 ptissimo
1072 4157 1354 4217 ecclesiae'Judaicae
1373 4163 1448 4213 statu
1466 4163 1628 4212 conservata
1645 4158 1764 4228 fueraut,

53 4247 234 4304 infallibilem
252 4265 331 4302 suam
348 4247 555 4318 promissionem
572 4247 619 4304 Es.
639 4254 684 4312 55,
705 4265 728 4300 v.
751 4255 791 4303 10.
810 4253 839 4303 et
861 4255 900 4305 ll.
928 4249 1033 4305 scribas
1059 4255 1087 4303 et
1110 4247 1275 4302 Pharisaeos
1299 4243 1516 4312 convincebant,
1539 4245 1628 4300 itaer
1647 4246 1765 4316 prophe·
1789 4276 1791 4280 Α

52 4335 86 4390 in
116 4334 246 4390 cordibus
274 4334 447 4405 quorundam
473 4335 613 4389 hominum
637 4333 724 4389 fuisse
751 4334 901 4401 efficacem,
927 4336 989 4391 ticis
1015 4340 1043 4390 et
1072 4333 1231 4404 apostolicis
1255 4332 1381 4403 scriptis,
1409 4348 1480 4403 qnae
1503 4329 1534 4383 in
1559 4331 1765 4401 corruptissimo

51 4437 123 4476 cum
148 4421 260 4474 sobam
278 4421 338 4473 Dei
361 4437 502 4488 nanqrrom
520 4430 678 4475 revertatur
696 4424 737 4476 od
753 4423 835 4477 illum
854 4442 901 4477 oo·
928 4421 1061 4477 ecclesiae
1080 4419 1254 4474 Christianae
1277 4425 1352 4473 statu
1369 4423 1532 4473 conservata
1551 4424 1629 4482 sunt,
1651 4416 1765 4471 Pontifi-

53 4526 150 4577 eaum,
169 4507 236 4578 quin
252 4506 374 4578 aliquem
393 4506 514 4561 fructum
527 4508 659 4578 proferat.
691 4508 823 4571 Quamvis
837 4528 901 4565 vero
927 4509 983 4564 cios
1010 4507 1173 4562 convincere
1194 4522 1354 4575 possumus,
1382 4512 1505 4560 nostram
1531 4502 1683 4559 doctrinam
1705 4521 1765 4560 esse

53 4593 257 4665 explicationes
280 4593 368 4648 falsae
392 4601 421 4649 et
445 4594 548 4665 scripto
575 4595 629 4650 Dei
646 4594 730 4650 verbo
748 4596 902 4651 contrariae
928 4612 1020 4651 veram
1053 4600 1081 4648 et
1109 4592 1297 4648 orthodoxam.
1342 4591 1457 4646 Praeter
1483 4589 1605 4647 codicem
1630 4589 1764 4645 biblicum

53 4699 74 4738 a
99 4681 283 4752 praeconibus
307 4679 411 4736 fuerint
433 4681 587 4745 admistae,
610 4689 703 4736 tamen
727 4688 819 4736 textus
843 4683 902 4752 ipse
927 4681 980 4735 sub
1007 4687 1113 4751 papatu
1140 4678 1224 4734 etiam
1252 4677 1354 4732 mansit
1379 4676 1540 4746 Symbolum
1565 4677 1764 4746 apostolorum,

53 4766 194 4839 singulari
219 4767 273 4823 Dei
301 4767 476 4839 providentia
504 4768 654 4823 inviolatus
679 4769 793 4837 mansit,
820 4786 901 4842 quem
929 4767 1004 4839 quod
1028 4773 1070 4821 est
1092 4766 1211 4837 epitome
1230 4764 1367 4835 quaedam
1384 4763 1598 4834 praecipuorum
1616 4779 1650 4816 ac
1667 4760 1766 4816 lauda·

54 4855 165 4911 electus
182 4853 236 4909 Dei
255 4855 376 4926 populus
393 4854 484 4909 audiit
503 4862 531 4910 et
549 4854 615 4910 fidei
633 4872 665 4910 ac
684 4855 759 4910 vitae
776 4872 901 4911 normam
929 4853 1089 4909 mentalium
1123 4849 1190 4906 fidei
1225 4848 1396 4905 Christianae
1434 4848 1627 4913 articulorum
1664 4848 1767 4902 mansit

54 4939 190 5013 agnovit,
206 4940 418 5010 depravationes
436 4957 501 4996 vero
520 4948 548 4997 et
566 4943 736 5012 corruptelas
757 4949 901 4998 aversatus
912 4939 916 5023 l
928 4939 1089 5009 deuotoque,
1108 4936 1211 4992 mansit
1228 4937 1321 4990 oratio
1344 4936 1504 5000 Dominioo,
1525 4934 1627 4989 mansit
1646 4935 1766 4988 historio

54 5032 112 5095 est,
127 5027 333 5081 atoaditorum
345 5046 429 5082 auree
439 5029 573 5097 puriores
582 5029 693 5095 fuerint
705 5046 789 5098 prium
802 5032 901 5084 docen-
923 5027 1070 5098 posueris
1090 5023 1265 5092 Donu'aicas,
1289 5021 1390 5077 mansit
1407 5023 1561 5091 baptismus
1580 5022 1765 5089 regeneratio·

54 5116 129 5170 tirsus
153 5113 241 5169 lobia.
278 5112 422 5168 Declarari
442 5113 493 5168 hoc
510 5120 602 5185 potest
621 5114 747 5184 exemplo
767 5114 973 5172 salustasse
1003 5118 1225 5178 sacromentum,
1258 5114 1420 5162 manserunt
1449 5109 1588 5177 qrracrlum
1620 5106 1766 5160 doetrinae

54 5199 206 5258 iudaicae
241 5197 329 5254 lubet
345 5198 471 5255 Christus
488 5201 586 5256 Matth.
606 5207 648 5267 23,
667 5220 692 5257 v.
712 5207 735 5257 2.
755 5202 860 5258 scribas
875 5210 904 5259 et
930 5201 1056 5254 eoelestis
1082 5197 1178 5268 cupito
1204 5195 1378 5264 incorrupta.
1425 5191 1528 5263 Ecquis
1550 5208 1615 5246 vero
1639 5190 1767 5245 dubitare

53 5286 225 5345 Pharisaeos
247 5287 376 5340 sedentes
400 5288 430 5340 in
454 5288 592 5341 cathedra
613 5287 723 5357 Moysis
748 5290 850 5344 audire
878 5297 903 5343 et
929 5287 1047 5358 poterit,
1078 5284 1146 5356 quia
1171 5299 1220 5353 per
1247 5279 1317 5336 haec
1341 5278 1434 5337 media
1458 5277 1578 5350 Spiritus
1601 5284 1713 5332 sanetus
1738 5277 1767 5330 in

54 5389 241 5447 meusque
259 5373 384 5428 dicerint
403 5391 518 5430 seruare
539 5383 564 5428 et
580 5375 694 5442 faeere,
719 5381 817 5430 conha
835 5391 900 5432 vero
931 5373 1105 5447 quorundam
1123 5368 1253 5426 cordibus
1270 5366 1354 5425 fuerit
1371 5364 1468 5421 efficax
1481 5365 1518 5419 ad
1532 5364 1767 5438 regenerationem

112 5467 217 5512 weard
229 5467 278 5511 lod.
296 5467 321 5511 V.
1391 5472 1422 5524 22
