4004 6022
188 340 250 398 250
777 330 899 388 Locus
917 328 1122 387 monemus
1139 329 1280 387 PRIMUS

187 487 303 555 dianas,
324 501 360 541 ne
381 486 510 540 combure
532 502 574 539 me
596 486 738 554 oonddor,
763 487 940 555 nimoupyl
952 505 1018 558 μου,
1045 492 1212 553 roosrnuor,
1231 502 1248 538 o
1266 485 1389 554 benipne,
1408 485 1450 538 ad
1465 483 1639 538 inmortalia
1655 491 1684 538 st
1702 484 1802 538 divissa
1818 501 1877 553 my·

186 572 250 624 oeni
269 571 359 641 mapis
372 572 403 625 in
419 570 611 641 oornpapinsm
626 572 811 625 membrorum
825 588 961 636 morteri,
987 572 1019 625 in
1042 570 1138 634 steria,
1155 580 1186 625 ut
1198 572 1328 641 psallam
1343 571 1411 624 tibi.-
1427 570 1600 625 Bonedietus
1619 587 1648 624 es
1664 571 1743 624 Deus
1757 579 1876 640 patruus

187 664 281 711 onmes
304 657 455 722 articulos,
482 657 512 710 in
536 674 630 725 renes,
655 657 685 710 in
708 675 771 727 cor,
799 675 884 713 euurs
905 658 1019 713 oculose
1042 664 1199 712 nostrorum
1221 658 1383 713 coelestibus
1400 657 1551 712 trenteudic
1567 656 1735 727 tantasque,
1754 656 1876 728 Gbrists,

181 751 359 813 peccatorum
387 760 523 812 meorum,
556 743 681 798 ammam
706 747 841 814 mutua,
871 745 1017 808 sanctifica
1042 744 1181 811 mysteriis
1198 744 1253 798 tuis
1272 751 1299 797 st
1317 760 1402 798 coma
1415 743 1512 798 diosna
1526 743 1689 812 acmpstica
1701 744 1771 811 frui
1787 760 1875 813 posse

185 838 315 893 montem,
333 830 487 898 juncturas
505 830 610 885 robora
628 848 691 884 eum
708 831 814 885 ossibus
830 831 928 900 dmul,
951 831 1017 886 illu·
1042 829 1126 883 mam
1149 846 1191 883 me
1218 829 1337 898 dipnare
1363 830 1557 899 despmaruem
1581 829 1723 899 alioqmn,
1753 831 1876 894 oDeus

185 916 262 969 mina
288 916 408 984 anumque
429 931 539 980 sensus,
566 922 651 970 totum
674 932 717 970 me
733 917 786 969 tibi
801 924 848 971 tuo
869 916 1016 986 applutina
1041 915 1236 979 salomanno
1251 914 1504 982 tuamoonfupiens
1515 915 1747 982 misericordiam,
1766 916 1876 984 obone,
1899 909 1902 916 ’

185 1002 298 1071 timore,
315 1018 421 1071 scrnper
440 1002 532 1068 muni,
551 1002 681 1072 defende,
698 1003 808 1057 custodi
824 1019 868 1059 me
885 1003 922 1056 ab
941 1003 1018 1056 omni
1041 1002 1131 1056 clamo
1157 1003 1199 1055 ad
1226 1009 1252 1056 te
1277 1019 1338 1054 erun
1362 1001 1481 1068 timore,·
1512 1001 1544 1054 in
1564 1017 1608 1056 me
1629 1008 1755 1056 sercmor
1780 1019 1874 1070 mane,

185 1104 267 1158 opere
284 1096 311 1142 et
332 1105 456 1143 sermone
468 1089 579 1142 animae
591 1106 670 1143 meae
683 1090 775 1159 nocio,
787 1106 894 1158 parca,
911 1091 1017 1144 mundo
1042 1095 1068 1142 et
1085 1103 1148 1156 epo,
1166 1095 1197 1142 ut
1212 1087 1382 1156 promisisti,
1398 1088 1428 1140 in
1445 1094 1478 1155 te,
1496 1103 1557 1141 ecce
1573 1088 1646 1141 enim
1663 1088 1807 1152 confidens
1824 1090 1876 1143 mi·

184 1182 210 1229 et
235 1175 328 1242 diripe
350 1191 407 1243 mc,
433 1192 518 1244 orna,
543 1177 627 1229 edoce
644 1184 671 1230 ct
687 1176 804 1230 illustra
820 1192 876 1245 me,
897 1177 955 1242 sac
973 1192 1019 1230 ms
1040 1173 1213 1228 sericordsae
1231 1181 1297 1227 tuae
1317 1190 1412 1228 vescor
1435 1190 1553 1243 corpore
1571 1181 1619 1228 tuo
1637 1182 1663 1228 st
1679 1174 1740 1227 bibo
1758 1175 1875 1245 conposi-

184 1266 260 1316 tuum
283 1260 415 1330 templum
442 1260 567 1329 Spiritus
592 1260 680 1316 solius
704 1270 730 1315 et
752 1280 808 1316 non
826 1261 1017 1316 babitaculsm
1041 1276 1103 1314 num
1119 1266 1202 1313 mmm.
1241 1260 1343 1313 Tremo
1359 1259 1513 1328 suspiciens
1529 1260 1634 1328 ionem,
1657 1277 1693 1313 ne
1716 1261 1875 1329 comburo,

178 1348 301 1416 peccati,
324 1356 356 1402 ut
380 1364 430 1402 ceu
452 1350 565 1401 domum
586 1355 663 1402 tuam
682 1349 800 1403 introitu
816 1349 1017 1404 communionis
1040 1355 1071 1401 ut
1089 1362 1156 1400 cera
1176 1354 1203 1400 et
1219 1346 1295 1401 oslut
1311 1361 1436 1414 promen.
1473 1345 1687 1401 Otremendum
1704 1346 1875 1416 mpsmnu,

176 1434 292 1501 factam
315 1434 405 1488 omnis
422 1433 526 1501 impius
544 1440 572 1486 et
589 1450 668 1488 ornnc
686 1434 793 1489 malum
810 1451 853 1489 me
870 1435 969 1504 supiat
985 1441 1016 1488 ut
1041 1450 1058 1487 o
1077 1422 1301 1487 misericordiam
1319 1431 1391 1498 Dei,
1418 1433 1556 1501 quomodo
1578 1432 1670 1486 diuini
1692 1432 1824 1502 corporis
1835 1439 1875 1513 ¹d

184 1519 273 1588 musra
293 1525 343 1574 eta.
373 1519 464 1573 Panis
482 1518 556 1573 astae
574 1520 749 1574 aetemitatis
766 1521 816 1587 liat
832 1521 902 1575 mulsi
913 1537 1015 1589 corpus
1040 1519 1187 1586 sanpuinis
1199 1519 1346 1589 particeps
1363 1519 1415 1587 llo,
1435 1534 1486 1587 epo
1504 1518 1593 1572 buttem
1612 1525 1638 1571 et
1654 1519 1762 1573 reddor
1780 1520 1873 1574 incor-

183 1613 259 1659 tuum
287 1613 426 1674 sanctum,
458 1606 616 1660 misericors
645 1607 780 1674 Domine,
810 1625 871 1661 oum
889 1607 1016 1676 pretioso
1040 1605 1203 1675 nuptibilia!
1221 1605 1349 1660 Christus
1366 1611 1415 1674 est,
1432 1612 1541 1674 pustate
1559 1612 1587 1658 et
1604 1605 1704 1661 ridete.
1729 1606 1874 1661 Dominus

184 1699 230 1746 tuo
243 1692 387 1760 sanquine,
400 1692 593 1746 etmorborum
606 1693 921 1748 uariorumremedium.
946 1692 1014 1748 Gon·
1036 1698 1154 1761 propter
1171 1709 1223 1746 nos
1240 1699 1265 1746 et
1283 1693 1433 1747 secundum
1456 1693 1598 1761 quondam
1612 1693 1715 1758 sactus
1736 1710 1771 1746 ac
1787 1693 1873 1748 semel

184 1778 335 1832 taminatus
363 1778 493 1847 operibus
522 1779 655 1832 absurdis
682 1779 795 1834 ummo
821 1788 848 1834 et
873 1780 1015 1849 improbus
1040 1780 1160 1848 offerens
1177 1793 1207 1831 se
1224 1777 1393 1831 oblationem
1405 1778 1492 1831 Patri
1508 1795 1559 1832 suo
1577 1778 1701 1846 quotidie
1719 1780 1872 1847 aderam,

184 1880 234 1930 epo
252 1863 361 1917 illibato
377 1871 424 1918 tuo
442 1872 604 1932 conportet
623 1866 718 1919 divino
733 1866 869 1935 sanquine
881 1867 1014 1934 indicans
1039 1865 1221 1929 sanctificans
1243 1864 1483 1920 communicantes.
1518 1862 1624 1917 Anima
1646 1864 1731 1918 simssl
1754 1882 1790 1918 ac
1809 1881 1872 1918 cor·

183 1967 261 2018 esun;
281 1948 406 2017 Cbriste,
422 1957 454 2003 tu
468 1966 510 2003 me
523 1951 747 2019 participatione
763 1953 807 2005 tui
823 1953 938 2020 dionunt
952 1954 1013 2017 fao.
1036 1966 1107 2019 pore
1135 1950 1307 2018 sanctificer,
1337 1950 1474 2016 Domine,
1500 1948 1645 2017 illumina,
1667 1951 1776 2018 salom,
1804 1952 1874 2015 fian

184 2037 221 2089 In
237 2042 325 2104 petra
338 2035 415 2104 fidei
424 2037 545 2105 firmans
562 2052 606 2090 me
623 2029 756 2091 dilatasti
772 2055 803 2092 oe
821 2054 912 2092 mmm
930 2054 1014 2106 asper
1040 2037 1139 2089 domus
1162 2043 1212 2088 tua
1235 2037 1428 2102 mysteriorum
1449 2043 1561 2090 tuorum
1582 2053 1727 2090 sacrorum
1752 2037 1873 2105 partici-

183 2122 311 2177 inimicos
328 2138 411 2176 meos.
446 2122 607 2177 Easultaoit
623 2124 697 2177 enim
713 2123 831 2193 spiritus
847 2141 932 2193 meus,
946 2126 1013 2179 dum
1034 2121 1165 2191 potione,
1194 2121 1315 2176 incolam
1339 2129 1364 2175 te
1380 2122 1498 2189 babens,
1524 2122 1693 2193 oum'Patre
1711 2130 1737 2175 et
1759 2121 1873 2191 Spiritu

179 2207 299 2277 psallit:
317 2226 373 2261 nom
389 2217 430 2262 est
446 2216 559 2262 sommus
575 2209 633 2262 nisi
645 2211 725 2264 Deus
743 2217 844 2278 noster,
863 2217 889 2265 st
906 2219 1015 2266 nonect
1040 2209 1201 2276 benefactor
1217 2208 1386 2265 misericors.
1425 2208 1459 2261 Ut
1477 2207 1550 2278 ipnis
1569 2215 1595 2261 et
1614 2215 1747 2276 tanquam
1758 2208 1808 2262 luc
1820 2211 1872 2272 fiat

177 2294 275 2364 justue
285 2301 401 2364 praeter
414 2302 447 2357 te,
462 2295 592 2351 Domine.
612 2296 663 2348 Da
677 2295 1015 2366 milsiGlsristelaerprna·
1038 2294 1109 2348 mibi
1135 2312 1238 2364 corpus
1263 2302 1339 2348 tuum
1363 2302 1390 2348 et
1416 2294 1532 2362 sanquis
1556 2301 1618 2347 tuiis
1639 2293 1870 2362 pretiosissimus,

86 2392 112 2432 κ.
126 2391 171 2434 ιω.
183 2399 245 2435 rum
262 2387 370 2451 puttas,
388 2382 487 2434 sordes
504 2382 600 2435 cordis
618 2381 675 2434 mei
693 2383 878 2452 detorpentes,
893 2390 924 2436 ut
942 2383 1015 2438 bona
1038 2383 1179 2449 salvator,
1207 2381 1366 2435 comburens
1396 2381 1509 2450 peccati
1532 2381 1682 2434 mauriani
1706 2389 1732 2433 et
1758 2398 1871 2436 simoen·

184 2467 355 2522 conscientia
373 2467 525 2520 mundatus
543 2468 599 2531 fide
611 2469 745 2522 accedam
756 2477 782 2523 et
793 2487 854 2522 cum
864 2469 1014 2524 timoread
1038 2470 1108 2523 dats
1124 2469 1273 2538 affectuum
1289 2469 1389 2537 spinas
1405 2483 1502 2538 meque
1519 2474 1607 2521 totum
1631 2468 1810 2535 illuminans,
1840 2476 1871 2522 ut

181 2553 385 2622 perceptionem
397 2553 675 2607 diuinorumtuorsun
688 2571 840 2609 munorum.
867 2556 1012 2610 Inremis-
1037 2563 1114 2607 tuam
1140 2555 1256 2607 adorem
1284 2553 1421 2607 deitatem
1462 2552 1631 2622 Iniquitates
1659 2570 1736 2607 meas
1761 2571 1797 2607 ne
1823 2554 1870 2607 ob·

182 2639 470 2707 sionempecoatorum
475 2639 526 2704 fiat
533 2639 605 2692 mibi
615 2640 1012 2711 immaculatumcospsutunms
1038 2656 1119 2693 serra
1140 2639 1263 2693 Domine
1280 2656 1313 2693 ec
1329 2638 1437 2706 cirpine
1454 2647 1546 2703 natus,
1564 2647 1592 2694 et
1603 2656 1750 2694 cormeum
1761 2641 1872 2694 munda

183 2732 211 2778 st
228 2724 340 2778 divinus
355 2724 472 2792 sanauit
490 2724 521 2778 in
539 2723 665 2793 Spiritus
682 2726 775 2779 saneti⁸
792 2726 1013 2782 communicatio·
1038 2725 1169 2794 templum
1194 2725 1228 2778 id
1254 2725 1380 2794 efficiens
1406 2725 1582 2779 immaculati
1605 2727 1733 2796 eorporis
1756 2735 1784 2780 et
1802 2744 1870 2782 sans·

181 2827 244 2864 nem
267 2816 295 2863 et
319 2809 351 2863 in
375 2809 461 2864 citam
478 2816 632 2880 aetermm,
658 2811 901 2879 obenipnissime,
929 2813 1013 2883 inque
1037 2811 1130 2879 omnis
1151 2811 1210 2880 tui,
1234 2827 1268 2864 ne
1289 2828 1333 2865 me
1352 2818 1438 2865 totum
1459 2811 1581 2880 abjicias
1597 2830 1617 2866 a
1627 2813 1711 2881 facie
1727 2821 1793 2882 tua,
1818 2815 1872 2884 qui

178 2896 344 2967 passionum
375 2904 401 2949 et
432 2896 625 2949 calamitatum
655 2897 842 2951 mutationem.
892 2900 1015 2954 Voluisti
1037 2895 1263 2951 misericordiam
1283 2896 1367 2950 babes
1389 2897 1559 2953 immensam.
1593 2899 1644 2952 Aa
1662 2901 1870 2971 perceptionem

178 2990 299 3053 propter
315 2998 379 3048 nos,
404 2999 421 3035 o
441 2981 613 3047 naamon,
639 2991 764 3039 oseumta
781 3001 866 3039 carne
883 2986 1012 3052 mactari,
1036 2982 1288 3051 sanctsfloationum
1306 2990 1434 3051 tuarum,
1454 2985 1591 3052 quomodo
1610 2984 1744 3054 indipnus
1761 2987 1869 3043 incere-

181 3078 211 3123 ut
226 3085 316 3138 apnus
327 3076 447 3139 proptor
460 3076 581 3137 peccata
600 3068 755 3139 boninum,
771 3078 925 3140 propterea
946 3089 1011 3142 sup·
1037 3069 1125 3122 eunde
1142 3071 1295 3122 accedant
1325 3069 1360 3124 Si
1374 3070 1448 3123 enim
1466 3086 1553 3123 ausus
1564 3071 1656 3138 suero
1672 3074 1808 3127 accedere
1827 3076 1871 3129 ad

178 3156 248 3226 plen
266 3173 330 3220 oro,
349 3164 379 3209 ut
397 3172 459 3209 meo
477 3163 505 3210 st
523 3156 620 3210 deleas
633 3165 761 3226 petuma
798 3156 878 3212 Sana
900 3158 1012 3215 animoa
1035 3163 1142 3208 tecum
1159 3155 1268 3222 (lienis,
1287 3155 1370 3209 uestis
1389 3171 1431 3208 ms
1453 3156 1564 3223 arpuit,
1581 3158 1658 3225 quod
1674 3175 1731 3211 non
1750 3159 1787 3212 sit
1805 3176 1867 3213 eoe-

182 3259 259 3296 meae
284 3242 416 3309 vulnera,
440 3243 575 3312 Domine,
601 3251 628 3296 et
651 3251 738 3297 totum
753 3245 898 3309 sanctifica
915 3261 1013 3316 meque
1035 3257 1090 3295 nae
1107 3241 1277 3309 (nuptialis),
1291 3248 1317 3293 et
1330 3243 1584 3297 condemnationem
1599 3243 1785 3297 conciliavero
1796 3245 1866 3299 mul·

181 3330 301 3398 dipnum.
319 3330 382 3398 fac,
407 3330 545 3398 Domine,
571 3337 601 3382 ut
617 3330 765 3400 particeps
783 3331 856 3400 fiam
879 3333 1011 3400 mysticae
1036 3335 1095 3383 tum
1108 3327 1242 3397 peccanti
1257 3327 1368 3380 animae
1385 3343 1471 3381 meae.
1506 3328 1607 3396 Purea
1629 3345 1710 3396 &9⁰2
1735 3331 1866 3401 Domini,

180 3423 245 3469 tuae
269 3415 383 3469 divinae
407 3432 523 3486 coenae,
551 3416 655 3484 infelic
678 3432 735 3484 epo.
774 3417 807 3471 llt
829 3419 1011 3488 praedicati,
1036 3413 1243 3466 immundiciae
1258 3413 1370 3466 animat
1388 3430 1466 3467 meae
1484 3414 1602 3467 tltalva
1614 3431 1664 3482 me,
1683 3416 1867 3471 tutaminum

183 3500 309 3564 Christe,
336 3502 389 3569 fiat
416 3518 485 3555 sane
511 3500 647 3556 vilissimo
673 3519 753 3556 ssroo
776 3510 838 3570 tuo,
869 3511 896 3557 ot
917 3505 947 3558 in
967 3522 1010 3559 me
1038 3499 1235 3554 amantissime.
1270 3498 1348 3553 ”In
1365 3515 1470 3554 oenone
1486 3499 1629 3554 Romano:
1657 3502 1779 3556 Domuse
1795 3504 1866 3558 Jesu

180 3603 276 3653 mane,
303 3594 335 3639 ut
356 3587 504 3655 pollicitus
530 3604 569 3643 es.
611 3588 686 3641 Ecce
714 3587 786 3642 enim
810 3607 912 3658 eorpus
934 3599 1010 3645 tuum
1037 3584 1147 3639 Ulrtelo
1174 3592 1223 3639 tle·
1248 3585 1339 3640 libera
1362 3602 1405 3639 me
1426 3603 1482 3654 ptr
1503 3586 1555 3639 bot
1576 3595 1702 3641 tanetum
1720 3604 1824 3657 corpus
1841 3599 1868 3644 et

180 3673 319 3725 manduco
341 3672 466 3725 divinum
489 3677 515 3725 'et
539 3672 601 3725 bibo
629 3675 793 3740 sanquinem
815 3682 899 3729 tumn.
945 3675 1010 3732 Ver-
1035 3672 1199 3740 mnpuimem
1221 3678 1299 3725 tuum
1323 3673 1358 3726 ab
1382 3673 1507 3726 omnibus
1527 3672 1723 3742 iniquitatibus
1748 3676 1816 3729 meis
1841 3684 1868 3730 st

179 3844 215 3897 sit
242 3844 312 3898 mibi
340 3843 510 3899 tenebricoso
538 3843 710 3899 illuminatio
737 3854 764 3899 et
791 3857 1009 3916 purpamentum
1036 3845 1112 3897 datis
1139 3852 1164 3898 et
1190 3862 1208 3898 a
1232 3852 1259 3898 te
1283 3861 1427 3914 nunqnam
1450 3846 1583 3915 separari
1599 3848 1755 3916 pennittas.
1797 3850 1866 3904 Por·

179 3931 385 3985 contaminatas
406 3931 518 3984 animae
543 3947 635 3999 meae,
658 3931 743 3985 sinu
761 3940 787 3986 et
804 3935 919 4002 sanpuis
937 3942 1009 3993 tuus.
1035 3930 1125 3999 ceptio
1143 3931 1270 3999 corporis
1286 3931 1340 3993 tui,
1359 3931 1483 3984 Domine
1500 3932 1571 3985 Jesu
1591 3931 1714 3997 Obruta,
1732 3937 1808 4002 quod
1824 3937 1884 3990 in·-

179 4018 365 4087 Intslleetum,
384 4019 507 4071 animam
527 4026 553 4071 et
570 4034 620 4071 cor
639 4025 666 4070 et
682 4035 785 4087 corpus
801 4035 892 4074 meum
909 4023 1010 4075 sancfi-
1036 4018 1138 4085 dipnus
1154 4034 1263 4071 sumere
1277 4034 1422 4086 propono,
1445 4035 1501 4071 non
1518 4018 1588 4072 mibi
1605 4020 1755 4089 proueniat
1774 4022 1803 4075 in
1820 4024 1866 4090 ju-

178 4106 247 4171 dea,
272 4112 413 4168 senator,
433 4112 459 4156 et
481 4104 598 4173 dianum
613 4105 684 4173 sac,
709 4105 846 4174 Domine,
869 4107 929 4161 siae
946 4125 1009 4163 con·
1035 4104 1140 4157 dicium
1171 4111 1197 4157 et
1227 4105 1500 4168 condemnationem,
1535 4106 1674 4171 Domine,
1710 4125 1767 4160 non
1804 4124 1863 4162 mem

179 4191 355 4245 danmatione
373 4192 415 4243 ad
431 4192 576 4243 tremenda
594 4192 727 4244 mcedcre
747 4193 887 4259 mysteria.
914 4194 1010 4247 Nouos
1036 4191 1152 4258 dianus,
1176 4197 1208 4243 ut
1227 4191 1315 4244 intres
1338 4191 1389 4243 sub
1413 4198 1512 4245 tectum
1536 4209 1633 4248 meum
1670 4193 1781 4262 empus
1805 4195 1863 4249 Dc·

179 4293 333 4346 consapuor
352 4279 469 4347 affectus
493 4284 518 4330 et
541 4277 737 4331 incrementum
752 4279 865 4347 pratiae
883 4287 948 4333 tuae
965 4298 1009 4335 oa·
1034 4277 1105 4330 mini
1126 4276 1219 4329 nostri
1240 4276 1311 4328 Jesu
1334 4274 1442 4330 Christi
1463 4279 1604 4332 custodiat
1627 4279 1750 4333 animam
1775 4294 1863 4333 nuum

175 4364 256 4433 piam
269 4363 397 4432 citaeque
414 4363 610 4416 munimentum
628 4364 849 4433 participatione
867 4368 1009 4434 mysterio·
1034 4364 1064 4416 in
1094 4360 1179 4416 mam
1210 4368 1364 4417 aeternam.
1393 4362 1490 4417 Amen.
1538 4364 1641 4420 Postea
1668 4365 1705 4419 ad
1737 4366 1862 4421 calisam:

178 4468 240 4503 rum
259 4458 379 4516 morum,
400 4448 517 4503 Cleriste.
555 4449 708 4503 Ooerbum
723 4452 782 4505 Dei
797 4460 930 4521 sanctum,
948 4453 1009 4522 s'pme
1038 4448 1115 4510 Quid
1138 4447 1291 4501 retribuam
1313 4448 1439 4501 Domino
1463 4466 1522 4505 meo
1544 4468 1602 4519 pro
1625 4452 1764 4520 omnibus,
1791 4467 1864 4520 quae

178 4540 271 4603 Deus,
299 4543 385 4591 totum
402 4553 445 4589 mc
463 4536 609 4601 sancmfim
628 4539 803 4591 accedentem
819 4557 893 4592 nurtc
909 4541 952 4592 ad
967 4540 1009 4593 di-
1035 4534 1165 4589 retribuit
1185 4532 1277 4586 milii
1309 4531 1432 4588 Calicem
1456 4536 1592 4591 salutaris
1615 4537 1754 4606 accipiam
1772 4544 1799 4590 ct
1815 4554 1864 4590 no

176 4623 241 4676 cina
262 4630 312 4676 tua
329 4620 472 4690 mysteria.
509 4623 553 4674 Ne
569 4621 712 4691 despicias
728 4639 784 4685 me,
803 4623 926 4689 Cleriste,
943 4627 1010 4680 dnm
1035 4637 1096 4673 men
1119 4619 1239 4673 Domini
1259 4619 1402 4676 invocabo.
1446 4623 1583 4677 Laudans
1606 4623 1739 4678 invocabo
1765 4623 1864 4677 Domi·

172 4726 277 4778 panem
294 4727 379 4776 sumo,
400 4709 450 4778 qui
467 4716 508 4761 est
525 4725 628 4776 corpus
645 4714 738 4775 tuum,
756 4716 784 4761 et
801 4709 868 4762 dum
878 4711 946 4778 jam
965 4713 1009 4766 di·
1035 4724 1100 4759 num
1122 4712 1148 4757 et
1171 4705 1207 4757 ab
1230 4704 1352 4758 inimicis
1376 4707 1445 4761 meis
1469 4709 1565 4763 salossa
1592 4726 1647 4763 ero.
1681 4708 1768 4764 Paulo
1786 4714 1864 4780 past:

177 4796 237 4850 cini
251 4795 397 4863 conaminis
415 4795 469 4858 tui,
486 4794 622 4855 Domine,
636 4793 855 4862 purissimorum
871 4812 968 4865 nempe
983 4805 1010 4851 et
1036 4791 1145 4860 Corpus
1167 4799 1261 4859 tuum,
1289 4793 1425 4863 Domine,
1454 4797 1531 4864 quod
1552 4796 1654 4863 sanni,
1685 4804 1713 4849 et
1737 4796 1863 4862 sarspuis,

177 4883 383 4936 tremendorum
399 4879 595 4948 mysteriorum
613 4885 731 4945 tuorum,
747 4879 892 4948 particeps
904 4882 941 4947 nio
958 4882 1008 4934 mi-
1035 4894 1115 4948 quem
1128 4878 1243 4947 potavi,
1261 4879 1417 4935 adhaereat
1434 4882 1586 4937 cmoeribus
1603 4882 1680 4949 meis,
1697 4887 1721 4934 et
1734 4889 1864 4952 praesta,

176 4985 236 5037 ser,
254 4986 289 5022 ne
312 4969 382 5022 mibi
407 4969 438 5021 in
456 4967 600 5037 judicium
619 4967 687 5035 fiat,
712 4967 769 5036 fiat
788 4984 853 5020 aero
876 4968 1009 5022 incitam
1034 4971 1064 5017 ut
1089 4963 1121 5016 in
1146 4980 1190 5017 me
1216 4981 1272 5018 nen
1294 4973 1439 5022 remaneat
1462 4968 1596 5022 scelerum
1627 4967 1752 5034 marum,
1783 4983 1863 5035 quem

114 5063 116 5069 '
177 5062 414 5124 aeternamatque
427 5051 619 5106 immortalem.
648 5051 879 5120 Fonsbonorum,
892 5052 1008 5122 Ultriste,
1033 5055 1132 5102 ianua
1158 5056 1186 5103 et
1202 5066 1281 5117 pura
1300 5055 1460 5120 refecerunt
1476 5063 1659 5109 sacramento.
1693 5052 1732 5107 Et
1754 5051 1863 5106 susim:
1894 5112 1897 5116 Ι

175 5141 318 5208 perceptio
357 5139 558 5194 immortalium
594 5145 704 5192 tuorum
735 5140 926 5208 mysteriorum
956 5141 1009 5204 fiat
1036 5134 1117 5198 Quod
1133 5152 1184 5189 ore
1204 5138 1365 5207 sumsimus,
1391 5136 1524 5202 Domine,
1555 5155 1630 5206 pura
1655 5147 1744 5193 mente
1765 5140 1859 5208 capsu-

178 5223 248 5277 mibi
273 5225 320 5278 lun
343 5233 368 5278 et
394 5227 453 5280 cita
479 5233 505 5279 st
528 5223 688 5279 vitiosorum
708 5226 855 5295 affectuum
871 5226 1007 5292 casuum,
1032 5238 1107 5289 mue,
1131 5229 1157 5276 et
1178 5224 1213 5276 de
1234 5239 1348 5279 munere
1369 5221 1522 5293 temporali
1541 5224 1594 5284 fiat
1611 5225 1689 5277 nobis
1706 5226 1858 5279 ronedum

178 5316 261 5378 atoue
285 5311 396 5365 obtutis
422 5311 572 5366 divinioris
596 5312 755 5380 profectum
781 5317 807 5362 et
832 5319 1007 5378 caementum
1032 5309 1233 5377 sarepiternum
1268 5308 1403 5364 Amen-⁴³

177 5396 321 5459 conferat,
349 5412 366 5448 o
392 5389 470 5451 s'olus
491 5398 575 5465 bone,
600 5403 630 5450 ut
653 5403 680 5449 te
696 5395 857 5464 clarificem.
891 5397 1007 5450 Iiberer

177 5501 198 5536 a
209 5480 398 5552 passionibus,
415 5483 546 5551 hostibus,
565 5482 774 5538 mountatibus
788 5489 870 5550 atque
881 5482 919 5536 ab
931 5483 1008 5536 omni

178 5567 344 5641 afflictione,
362 5583 426 5621 oum
440 5575 561 5622 menore
579 5575 605 5621 et
622 5568 765 5623 desiderio
779 5584 853 5622 nuso
869 5569 1006 5624 accedens

1345 5463 1548 5475 —s-——-—··—
