4004 6022
194 208 254 291 ut
757 199 879 257 nocue
897 197 1102 256 wcmnms
1122 199 1321 258 smnunns
1370 168 1374 176 ’

193 373 252 411 esse
275 356 343 420 illa,
369 373 418 411 nec
442 356 654 412 communicatio
679 363 719 410 est
733 355 854 425 physica
872 362 920 408 aut
937 352 1027 422 subje-
1056 359 1110 421 tar,
1128 357 1204 425 qnod
1221 356 1315 409 omnia
1327 355 1437 427 poterit
1448 372 1586 427 ocaspare
1598 356 1697 411 diuina
1710 357 1809 411 virtus.
1835 356 1894 412 Sed

194 443 284 506 atina,
309 431 393 513 quam
416 444 446 495 in
470 444 533 513 apso
551 442 722 496 humanitate
744 441 829 495 insint
848 448 982 510 tanquam
1000 438 1028 491 in
1054 439 1106 492 hoc
1125 442 1247 507 difficile
1265 450 1315 506 est,
1332 442 1359 495 si
1371 449 1463 512 potest
1484 459 1542 496 esse
1557 443 1587 495 in
1599 443 1672 496 locis
1684 443 1813 512 infinitis,
1828 444 1893 499 dico

194 530 332 598 subjecto,
360 531 410 583 sed
426 547 484 583 csse
502 529 650 599 eujusdam
668 528 747 582 modi
764 527 920 597 singulares
938 534 964 579 et
983 542 1029 577 ar·
1056 529 1132 595 prod
1149 528 1206 596 sic,
1230 530 1282 582 sed
1303 536 1416 589 sonmo,
1441 529 1508 599 prtia
1532 537 1602 583 esset
1624 530 1786 599 infinitum!
1818 532 1893 585 Dico

195 618 273 684 cani,
303 634 382 685 quem
410 617 613 686 hypostaticam
641 633 691 670 sen
716 615 895 686 personalem
922 620 1029 680 uocant,
1056 615 1133 682 quod
1150 632 1205 667 non
1224 616 1362 684 sequitur,
1387 623 1444 668 tum
1464 615 1532 687 qnia
1548 616 1599 670 hoc
1614 617 1648 684 fit
1666 616 1766 670 divina
1783 617 1893 681 rinna,

195 712 277 774 atque
303 704 345 756 ita
371 703 464 756 rideri
489 703 586 759 volunt
607 722 662 758 non
683 703 781 758 tollere
799 710 966 755 amararum
987 700 1029 753 di·
1055 706 1113 751 tum
1135 701 1201 770 quio
1221 701 1297 754 ratio
1316 700 1418 754 mealia
1437 709 1477 754 est
1492 701 1569 755 ratio
1589 703 1752 758 ectrinseco.
1788 703 1894 758 Paulus

195 791 377 859 stinatianam,
396 791 528 859 quoniam
546 790 676 859 inquiunt
694 789 855 853 inmanitas
869 787 985 858 physice
1004 793 1029 838 et
1056 784 1203 841 Kemerius
1220 785 1382 842 Pontificius
1408 787 1436 842 in
1458 787 1515 842 suis
1533 787 1770 860 propositionibus
1792 789 1895 846 diseno

194 895 248 930 sua
271 884 376 930 natsma
398 883 491 929 manet
511 875 739 944 circumscripta,
764 883 794 928 at
807 882 929 944 propter
946 873 1030 943 hypo·
1057 871 1165 939 scribit,
1189 874 1362 937 facillimam
1382 892 1440 928 esse
1464 875 1559 928 maltis
1582 883 1609 929 et
1621 876 1717 945 firmis
1735 877 1894 932 rationibus

196 964 325 1017 staticam
343 961 472 1014 unionem
490 962 589 1014 divina
610 963 659 1017 illi
678 969 844 1032 competunt.
874 958 930 1015 Sed
944 960 1030 1029 Euty·
1053 960 1191 1029 probare,
1220 959 1358 1014 Christum
1384 979 1442 1015 esse
1467 962 1567 1031 ubinam
1590 979 1641 1015 suo
1662 980 1789 1032 corpore.
1829 962 1895 1018 lllas

196 1049 261 1105 ches
281 1048 398 1112 dicebat,
417 1053 525 1103 tantum
543 1065 603 1103 esse
625 1049 653 1102 in
674 1047 783 1105 Christo
801 1063 885 1101 unam
903 1053 1030 1101 naturam
1058 1044 1170 1100 deducit
1186 1062 1220 1100 ex
1240 1047 1408 1103 assumtione
1418 1047 1520 1104 Christi
1537 1048 1566 1102 in
1585 1047 1703 1120 gloriam
1718 1048 1782 1118 Dei,
1803 1067 1837 1105 ex
1854 1051 1894 1105 in-

86 1151 123 1190 xr.
136 1148 181 1191 sot
195 1153 229 1191 ex
248 1134 357 1190 duabus
377 1124 526 1191 conflatam
550 1152 665 1208 eamque
689 1152 763 1189 nnnc
783 1150 843 1188 esse
863 1139 970 1188 matum
990 1132 1030 1186 di·
1058 1131 1190 1187 divisibili
1214 1133 1320 1189 unitate
1336 1149 1471 1205 personae
1489 1141 1518 1189 et
1535 1151 1569 1190 ex
1586 1135 1804 1206 omnipotentiae
1822 1154 1894 1192 com·

195 1222 303 1290 vinam3
336 1221 473 1292 quomodo
500 1220 586 1293 igitur
611 1221 748 1276 sententia
775 1224 869 1274 nostra
895 1218 1031 1290 Eutychis
1058 1218 1249 1274 musitatione.
1292 1220 1371 1274 Idem
1397 1225 1522 1275 statuunt
1546 1219 1648 1276 daban.
1669 1220 1774 1276 Ertlius
1794 1229 1824 1277 et
1843 1223 1895 1279 Ca-

195 1308 322 1364 haeresin
340 1325 373 1362 ex
392 1325 457 1364 orco
475 1307 608 1363 revocat?
637 1315 661 1363 5.
685 1306 754 1361 Tam
776 1309 933 1360 nolororrla
947 1323 1030 1376 quarn
1057 1321 1153 1375 sparus
1178 1305 1303 1360 Francus
1329 1311 1381 1361 etc.
1422 1304 1479 1362 Cur
1496 1306 1582 1378 igliur
1599 1305 1824 1377 Eutychianismi
1844 1328 1894 1366 nos

196 1396 433 1466 omnipraesentio
453 1393 614 1464 proprietati
633 1393 754 1463 corporis
769 1409 924 1465 repugnare
936 1391 1029 1446 viden·
1057 1397 1188 1446 accusant
1219 1397 1378 1462 propterea,
1408 1393 1481 1463 quod
1514 1391 1652 1447 Christum
1683 1401 1715 1449 ut
1742 1394 1836 1450 Deum
1864 1403 1893 1452 et

194 1489 248 1546 tur,
268 1482 291 1535 si
307 1479 467 1552 posthabita
485 1478 561 1536 verbi
578 1479 641 1535 lace
661 1479 774 1533 rationis
790 1479 918 1534 tenebras
931 1477 1030 1534 sectari
1056 1477 1195 1533 hominem
1215 1479 1295 1534 nobis
1316 1485 1489 1549 praesentem
1507 1496 1567 1535 esse
1587 1480 1749 1549 statuimus,
1777 1499 1843 1537 cum
1863 1484 1893 1538 in

194 1568 319 1624 volimus.
355 1565 474 1621 Thomas
494 1566 522 1621 in
541 1566 676 1637 supplem.
695 1585 721 1637 q.
742 1571 782 1620 73.
799 1573 850 1620 art.
870 1570 898 1619 3:
918 1564 954 1620 Si
965 1572 1029 1633 pot·
1056 1563 1113 1618 suis
1138 1563 1319 1636 scriptoribus
1344 1563 1526 1620 fundamenta
1551 1565 1625 1620 illius
1651 1567 1811 1622 assertionis
1834 1569 1895 1627 sine

195 1663 235 1710 nt
257 1670 359 1723 corpru
386 1652 493 1707 Christi
511 1670 569 1708 esse
592 1653 622 1705 s'n
642 1652 749 1706 dnobus
765 1652 836 1705 locis
853 1652 950 1719 amul,
972 1660 1028 1704 tam
1057 1649 1224 1705 offendiculo
1243 1651 1355 1722 legant?

195 1742 279 1796 etiam
303 1740 333 1792 in
352 1739 500 1808 plurimrs,
525 1746 609 1808 atque
633 1740 705 1792 adeo
724 1739 831 1807 aliptae.
869 1737 989 1792 Proinde
1007 1736 1029 1789 si
1092 1743 1150 1792 224.
1176 1735 1286 1793 XVIII.
1314 1737 1442 1793 Xenaias
1458 1738 1548 1791 Persa
1566 1739 1679 1807 primns
1696 1741 1799 1809 palerna
1820 1761 1893 1798 asse-
1908 1752 1978 1794 tax·

196 1826 442 1896 omnipraesentia‚
457 1824 509 1881 hoc
526 1831 567 1880 est
580 1824 752 1896 omnipotens
764 1824 866 1879 Christi
879 1824 1030 1879 secundum
1056 1823 1127 1892 ruit,
1152 1822 1260 1877 Christi
1283 1831 1308 1876 et
1329 1831 1489 1877 sanderum
1507 1824 1642 1892 inopinos
1660 1844 1716 1880 non
1736 1845 1796 1881 esse
1815 1848 1894 1884 aare·
1906 1807 1978 1897 disin

196 1920 342 1985 utramque
366 1917 494 1966 natiuam
519 1909 547 1964 in
572 1910 648 1965 coelo
668 1927 700 1964 ac
722 1917 795 1967 terra
814 1909 964 1981 praesentis
984 1909 1030 1963 do
1056 1912 1184 1974 rondes,
1218 1910 1293 1964 testis
1324 1910 1500 1980 Nicephorus
1529 1910 1577 1965 lib.
1603 1914 1645 1965 16.
1677 1930 1699 1966 c.
1724 1917 1769 1968 27.
1812 1918 1894 1971 Idem

196 1999 320 2066 minium,
338 2002 475 2069 repugnat
492 1997 630 2052 humanae
651 2004 767 2052 naturae
787 2013 902 2070 eamque
920 1996 1031 2068 penitus
1057 1997 1155 2050 statuit
1175 1996 1308 2052 Calvinus
1331 1997 1377 2050 lib.
1398 1999 1420 2051 1.
1444 1997 1528 2050 instit.
1552 1999 1802 2054 claudianam
1822 2000 1849 2077 ξ.
1872 2008 1894 2056 7.

197 2085 298 2150 abolet,
320 2100 491 2156 consequens
511 2082 604 2146 fuerit,
622 2083 705 2138 etiam
723 2089 905 2148 notarentur,
923 2084 974 2137 hoc
990 2090 1031 2138 est
1056 2100 1112 2135 non
1130 2084 1197 2152 vult,
1214 2084 1274 2138 allo
1295 2085 1378 2138 modo
1400 2084 1474 2153 eripi
1490 2085 1601 2152 annum
1620 2086 1726 2152 mecm,
1748 2105 1782 2139 ac
1800 2084 1829 2160 §-
1850 2093 1894 2145 13,

196 2171 382 2244 praesentiam
409 2170 531 2240 corporis
551 2169 655 2225 Christi
678 2170 706 2224 in
726 2187 812 2225 coena
831 2169 945 2225 diversis
964 2169 1031 2224 locis
1058 2168 1136 2237 dicit,
1149 2168 1253 2238 primis
1270 2171 1426 2240 pninpcntis
1444 2171 1527 2224 annis
1542 2171 1742 2239 nnllassnisse
1757 2173 1895 2242 imagines

197 2257 349 2319 celebrata,
375 2272 458 2327 quam
479 2255 616 2310 Pontificii
636 2262 804 2328 agnoscunt,
830 2257 966 2312 hnmanae
983 2272 1031 2309 na·
1058 2255 1086 2306 in
1105 2255 1216 2324 templis
1236 2257 1472 2321 Christianorum,
1501 2259 1577 2326 quod
1595 2266 1636 2311 ast
1653 2259 1762 2327 insipat
1780 2264 1895 2316 menda-

196 2352 275 2400 turae
295 2360 451 2416 repugnare
470 2359 586 2415 eamque
599 2343 710 2414 penitus
718 2342 841 2399 abolere.
874 2350 898 2399 6.
911 2343 1030 2410 Quidam
1057 2341 1138 2397 cium.
1172 2341 1396 2413 Respondemus:
1419 2349 1440 2398 1.
1461 2343 1489 2397 in
1508 2349 1694 2399 controversia
1713 2344 1748 2401 de
1766 2346 1895 2420 imagini-

196 2448 229 2486 ex
246 2430 314 2501 ipsis
326 2428 504 2485 Scholasticis
523 2436 551 2484 et
569 2428 721 2485 Pontificiis
739 2431 798 2485 sine
812 2430 870 2485 ulla
881 2429 1030 2500 Eutychia·
1056 2427 1108 2482 bus
1135 2428 1325 2498 amplectimur
1347 2430 1488 2485 decretum
1515 2429 1625 2485 concilii
1642 2431 1895 2504 Francoiurtansis,

195 2517 277 2572 marni
292 2517 399 2571 haeresi
412 2515 597 2588 disputarunt,
613 2536 714 2587 corpus
734 2518 865 2571 naturale
878 2535 936 2571 csse
945 2533 1031 2587 posse
1058 2515 1132 2587 quod
1150 2532 1266 2571 nemora
1283 2514 1419 2571 brevitate
1435 2516 1628 2587 complectitur
1645 2515 1760 2573 Carolus
1772 2519 1895 2592 Magnus

196 2606 226 2658 in
245 2603 377 2674 pluribus
400 2602 471 2656 locis
493 2602 577 2656 etiam
596 2604 725 2657 localiter
746 2612 771 2657 et
789 2603 1032 2671 circumscriptae,
1056 2600 1103 2655 lib.
1121 2608 1146 2657 4.
1169 2602 1232 2657 adv.
1259 2602 1357 2672 synod.
1376 2602 1475 2658 Graec.
1499 2620 1523 2659 o.
1548 2608 1577 2658 9:
1615 2604 1758 2671 Imapines
1784 2607 1841 2669 nil.
1868 2609 1897 2661 n·

196 2706 278 2762 quem
310 2694 403 2743 tamen
437 2688 609 2758 praesentiae
645 2691 757 2744 modum
792 2690 900 2760 corpori
931 2687 1032 2744 Christi
1057 2707 1113 2741 non
1130 2690 1273 2758 habeatur,
1291 2692 1442 2760 aeroma·
1460 2692 1501 2745 nsi
1514 2691 1541 2744 si
1553 2691 1896 2764 habentempraeropant,

196 2775 411 2846 haudquaquam
428 2772 585 2841 tribuimus,
607 2776 719 2847 quando
739 2776 807 2831 illud
828 2776 1031 2847 omnipraeseus
1057 2794 1119 2828 cnm
1142 2784 1233 2829 wmen
1258 2776 1406 2830 abdmatae
1430 2779 1574 2846 quandam
1596 2777 1736 2831 incautam
1752 2779 1895 2834 lenitatem

197 2879 256 2937 esse
280 2877 348 2915 sano
374 2876 456 2914 sensu
479 2859 605 2916 dicimus.
647 2861 746 2917 Scotus
766 2868 790 2918 t.
809 2869 877 2917 sent.
907 2863 969 2916 dist.
991 2869 1031 2918 11.
1058 2864 1191 2933 afferant,
1208 2865 1347 2917 adoratae
1363 2880 1428 2918 cero
1445 2863 1558 2932 ochram
1574 2864 1696 2917 inurant.
1733 2863 1804 2920 Cum
1819 2868 1894 2922 enim
1908 2883 1978 2927 mr

197 2965 243 3022 qn.
273 2954 298 3004 2.
327 2952 419 3002 movet
445 2946 648 3018 quaestionem:
700 2950 796 3002 Utrum
826 2951 901 3003 idem
930 2966 1031 3019 corpus
1057 2947 1091 3002 in
1104 2948 1221 3004 coneiho
1240 2948 1544 3021 Constantinopolitano
1563 2949 1615 3005 snb
1632 2949 1809 3021 copronymo
1827 2953 1893 3009 deli-

192 3034 286 3107 posss't
311 3033 443 3088 localiter
467 3050 525 3087 esse
547 3035 632 3087 simnl
653 3035 682 3087 ln
702 3036 821 3090 diverses
838 3037 934 3090 locis!
965 3036 1032 3103 Hic,
1057 3034 1145 3088 nitum
1172 3040 1258 3104 esset,
1290 3036 1425 3104 imapincs
1448 3054 1504 3089 non
1527 3037 1616 3091 solnm
1639 3055 1695 3090 non
1717 3040 1894 3108 adorandas,

197 3120 301 3193 inquit,
319 3128 427 3173 tenetur
440 3136 458 3170 a
475 3119 569 3173 maltis
589 3121 729 3174 conclusio
751 3123 893 3191 nepatiua,
918 3125 970 3175 sed
989 3124 1031 3176 dl·
1056 3124 1108 3174 sed
1125 3139 1158 3176 ne
1172 3123 1283 3191 quidem
1294 3123 1455 3192 habendam·
1474 3123 1503 3177 in
1513 3122 1630 3178 concilio
1642 3139 1707 3177 vero
1719 3122 1844 3180 Nicacno
1855 3124 1892 3182 H.

196 3207 270 3283 uersi
288 3207 475 3261 diversimode
490 3208 627 3277 probam,
656 3217 680 3262 et
699 3218 767 3278 post
784 3210 904 3263 recitata
923 3209 1031 3278 aliquot
1058 3207 1110 3262 sub
1134 3207 1314 3264 Constantino
1338 3215 1367 3264 et
1384 3209 1465 3265 irene
1483 3227 1516 3265 ox
1534 3210 1649 3264 adverso
1669 3215 1742 3264 esset
1760 3212 1892 3267 constitu-

197 3298 342 3351 doctorum
359 3302 384 3347 et
400 3312 453 3347 ena
471 3311 579 3365 quoque
598 3304 764 3364 argumenta
778 3296 906 3365 scthjicit:
927 3294 1031 3350 Contra
1058 3302 1124 3358 tum,
1143 3295 1279 3364 imapines
1297 3314 1351 3349 non
1368 3297 1459 3349 solum
1475 3296 1632 3363 habendas,
1650 3299 1702 3349 sed
1720 3299 1802 3350 ctiam
1822 3302 1892 3354 ado·

197 3386 280 3437 utam
302 3382 461 3450 opinionem
480 3380 663 3452 (negativam)
683 3383 735 3437 hoc
753 3383 860 3447 sufficit
881 3384 1032 3450 inponere,
1057 3384 1167 3435 rendae
1189 3399 1264 3450 essm·
1289 3382 1404 3438 Carolus
1424 3382 1543 3454 Magnus
1567 3399 1615 3439 rex
1634 3383 1817 3452 Francorum,
1846 3385 1891 3439 cui

197 3471 274 3538 qrrod
304 3468 447 3536 quodlibet
479 3469 625 3520 tenendum
652 3475 691 3520 est
717 3485 774 3521 esse
804 3471 867 3523 Deo
890 3469 1032 3539 possibile,
1057 3469 1198 3523 Adrianus
1218 3468 1343 3539 pontifex
1360 3476 1423 3524 acta
1440 3468 1580 3525 Nicaenac
1596 3469 1695 3540 synodi
1710 3470 1892 3540 approbanda

197 3558 273 3624 quod
299 3572 348 3608 nec
376 3562 414 3607 est
443 3570 476 3606 ea
501 3554 627 3606 terminis
651 3555 831 3618 manifestum
854 3555 1032 3624 impossibile,
1058 3554 1259 3624 transmiserat,
1279 3554 1383 3622 videns,
1401 3572 1434 3609 ex
1452 3559 1570 3625 unaque
1589 3561 1668 3625 parte
1686 3556 1779 3624 erran,
1800 3564 1893 3612 sumta

197 3658 246 3695 nec
273 3657 305 3692 es
330 3656 361 3692 eo
384 3638 596 3707 inpossibilitas
621 3640 664 3693 uel
686 3641 873 3694 contradictio
891 3642 1032 3694 euidenter
1057 3641 1203 3696 occasione
1230 3658 1248 3696 a
1272 3641 1364 3698 Felice
1389 3641 1550 3713 Urgelitano
1574 3642 1715 3713 episcopo,
1740 3645 1790 3712 qui
1812 3642 1891 3697 Gurt-

197 3726 382 3782 conclnditar.
432 3722 535 3777 Postea
561 3725 706 3796 subjungit
731 3727 924 3781 refutationem
950 3743 1031 3799 argu·
1057 3737 1130 3781 stam
1158 3730 1309 3782 secundum
1332 3728 1481 3781 burnanam
1505 3736 1636 3780 naturam
1654 3746 1712 3783 esse
1730 3731 1892 3801 adoptivum

197 3820 350 3868 mentorum
376 3809 454 3880 prius
472 3809 619 3865 allatorum
637 3817 666 3864 et
685 3811 776 3865 addit:
818 3814 946 3868 Concedo
966 3814 1030 3867 sim·
1057 3815 1117 3867 Dei
1131 3815 1226 3883 filiam
1248 3816 1369 3882 dicarat,
1393 3814 1550 3869 convocatis
1568 3813 1719 3885 episcopis,
1743 3818 1890 3873 sacerdoti·

192 3901 310 3970 pliciter
328 3896 466 3967 possibslc
488 3898 565 3962 Deo,
590 3897 665 3950 idem
681 3916 782 3968 corpas
801 3899 929 3953 localiter
947 3901 1032 3954 sirnnl
1057 3902 1123 3965 bus,
1148 3900 1300 3955 abbatibus
1326 3908 1354 3957 et
1377 3900 1519 3956 monacbis
1546 3917 1579 3954 ex
1604 3901 1731 3956 omnibus
1752 3904 1808 3958 suis
1828 3922 1891 3976 pro-

197 4003 255 4040 esse
281 3985 309 4037 in
333 3984 453 4037 diversis
472 3983 551 4038 locis.
586 3982 649 4038 Biel
672 3990 695 4040 4.
713 3990 774 4039 sent
802 3983 865 4041 disis
887 3991 931 4041 il:
966 3988 1030 4040 Non
1056 3987 1152 4041 vinciis
1173 3986 1280 4051 Gallia,
1307 3987 1390 4042 Italia
1407 3993 1435 4041 et
1454 3985 1603 4042 Germania
1620 4003 1693 4041 anno
1711 3987 1813 4045 Christi
1832 3998 1889 4049 tat.

195 4073 285 4127 solrnn
311 4071 341 4122 in
366 4070 484 4123 diuersis
506 4070 577 4123 locis
600 4077 693 4138 potest
718 4087 776 4125 esse
801 4089 902 4141 eorpus
927 4071 1033 4125 Chrr'sti
1057 4072 1203 4127 concilium
1228 4073 1404 4128 Francofnrti
1429 4072 1465 4127 ad
1483 4073 1614 4130 Moenum
1631 4073 1764 4139 instituit,
1786 4078 1815 4131 in
1836 4097 1890 4149 qno

197 4158 337 4221 (manitius
363 4164 388 4209 et
405 4156 660 4221 sacramentaliter,
683 4158 735 4210 sed
753 4157 836 4210 etiarn
854 4167 878 4211 et
896 4159 986 4227 ipsum
1005 4167 1031 4212 ct
1058 4166 1148 4227 patres
1175 4160 1266 4214 media
1288 4159 1334 4214 via
1356 4159 1472 4231 ingressi
1493 4161 1689 4215 cumconsilio
1709 4161 1834 4220 Nicaeno
1854 4166 1889 4220 11.

197 4244 279 4297 allud
304 4259 405 4312 corpus
427 4242 568 4312 quodlibet
588 4259 645 4294 csse
660 4251 754 4312 potest
769 4260 821 4312 per
839 4244 965 4298 diuinam
981 4264 1030 4315 po·
1058 4253 1154 4301 conns
1187 4245 1522 4316 Constantinopolitanum
1551 4251 1721 4316 statuerunt,
1753 4250 1889 4319 inopinos

196 4331 310 4385 tentiam
341 4330 370 4381 in
397 4328 528 4399 pluritas
554 4329 624 4382 locis
654 4330 900 4400 circumscriptioe.
946 4331 1031 4404 Hugo
1057 4333 1157 4387 tabae
1176 4335 1232 4400 fas
1256 4349 1328 4397 esse,
1354 4336 1383 4386 et
1406 4339 1503 4386 contra
1525 4348 1589 4386 cum
1615 4333 1732 4387 concilio
1757 4334 1909 4392 constan-²

196 4417 243 4472 lib.
271 4422 294 4470 2.
313 4416 347 4471 de
367 4431 481 4469 sacram.
500 4421 571 4485 part.
593 4419 617 4470 8.
637 4431 661 4470 ο.
683 4422 727 4471 lt:
765 4416 908 4477 Quosncdo
929 4437 1031 4488 eorpus
1058 4418 1239 4490 tinopolitano
1264 4418 1395 4472 adversus
1413 4416 1566 4472 Nicaenum
1584 4417 1620 4474 II.
1640 4426 1804 4489 statuerunt,
1823 4425 1889 4476 ima-

195 4522 278 4556 unam
304 4504 400 4556 eodem
424 4509 544 4570 tempore
560 4503 589 4554 in
604 4503 737 4571 pluribus
756 4504 826 4556 locis
845 4522 904 4558 esse
917 4508 1031 4575 potest!
1058 4508 1135 4574 pines
1153 4525 1209 4559 non
1228 4523 1288 4559 esse
1305 4507 1482 4573 adorandas,
1500 4505 1618 4561 testibus
1630 4506 1729 4561 Adone
1748 4508 1776 4561 in
1797 4510 1889 4567 chron.

195 4591 240 4642 tric
264 4596 303 4640 cst
327 4596 353 4640 et
375 4588 415 4640 ibi
439 4596 478 4640 est
500 4595 630 4641 ettotam
650 4589 750 4657 ubique
767 4597 820 4652 est;
844 4590 905 4642 non
922 4592 1031 4661 mirari,
1059 4611 1130 4648 anno
1152 4599 1208 4648 795.
1230 4592 1331 4646 abbate
1350 4590 1534 4662 Urspergcnsi
1551 4609 1624 4647 anno
1644 4598 1702 4649 793.
1739 4594 1888 4651 Hincmaro

196 4675 245 4743 qui
262 4676 351 4728 locum
370 4674 448 4741 fecit,
467 4675 654 4743 corpnssecit
673 4683 699 4727 ct
718 4677 807 4728 lomim
826 4677 856 4728 in
874 4687 1032 4747 conpareat
1057 4679 1186 4734 Remensi
1213 4679 1240 4733 in
1266 4678 1314 4732 lib.
1341 4685 1437 4733 contra
1461 4679 1545 4749 episc.
1569 4679 1741 4735 landunens.
1767 4698 1828 4752 cap.
1847 4688 1888 4736 20.

196 4777 298 4830 eorpus
320 4761 349 4813 in
368 4760 443 4827 mco,
468 4767 494 4812 et
512 4760 708 4827 quintanam
726 4779 828 4830 corpus
848 4762 878 4814 in
895 4781 949 4817 nsno
969 4765 1030 4818 loco
1057 4764 1198 4820 Aventino
1220 4764 1248 4817 in
1266 4764 1358 4820 annal.
1377 4764 1509 4834 Bojorum
1528 4765 1575 4820 lib.
1595 4772 1619 4821 4.
1638 4766 1781 4837 Reginone
1799 4767 1846 4821 lib.
1867 4774 1888 4822 2.

196 4854 266 4898 esset
286 4846 368 4912 fecit,
393 4846 464 4898 sient
482 4845 568 4898 oolssit
585 4847 668 4914 fecit,
694 4855 719 4899 et
736 4848 763 4899 sl
780 4848 925 4916 colorasset,
946 4852 1031 4905 aliter
1057 4851 1150 4906 chron.
1177 4848 1337 4921 Eginhardo
1363 4852 1392 4905 in
1417 4851 1474 4906 vita
1499 4851 1590 4907 Caroli
1615 4853 1711 4923 Magni
1732 4870 1755 4908 c.
1776 4860 1817 4909 69.
1838 4862 1888 4909 etc.

189 4933 292 4999 secere
309 4931 456 5000 potuisset.
491 4930 590 4984 Franc.
610 4931 750 5002 Mayronis
772 4942 793 4988 t.
819 4940 886 4990 sent.
907 4936 969 4989 dist.
990 4943 1028 4992 ll.
1042 4997 1045 5007 ,
1058 4946 1081 4994 2.
1105 4938 1163 4991 Noc
1189 4941 1279 5005 potest
1303 4938 1371 4992 baec
1390 4939 1542 4993 moderatio
1560 4940 1661 5009 synodi
1680 4939 1889 4995 Francolurten·

196 5036 241 5089 qu.
269 5023 299 5072 3:
339 5020 435 5072 Utrum
466 5021 547 5072 Deus
576 5028 667 5088 potest
700 5022 813 5090 facere,
849 5025 926 5091 qnod
956 5024 1093 5078 idem²sis
1112 5022 1262 5092 improbari
1281 5039 1299 5076 a
1316 5022 1477 5087 Pontificiis,
1495 5041 1557 5078 cnm
1574 5022 1726 5096 Gregorius
1744 5026 1888 5096 episcopus

195 5107 351 5174 conpressit
370 5107 490 5175 ulique!
519 5106 594 5159 Dico
614 5109 690 5175 quod
703 5109 752 5171 sic,
771 5110 838 5177 qaia
852 5098 1196 5178 querulosam-'Romanus
1219 5108 1267 5163 lib.
1295 5115 1319 5165 9.
1347 5110 1426 5180 epist.
1449 5116 1471 5164 o.
1495 5118 1604 5165 moneat
1627 5109 1758 5166 Serenum
1786 5113 1888 5182 episeo-

195 5210 246 5260 quc
260 5201 299 5246 est
312 5193 425 5261 oliqrsid
436 5194 648 5247 determinatum
661 5196 703 5249 ad
714 5213 808 5262 arrum,
820 5196 848 5248 sl
857 5197 894 5249 sit
909 5198 1028 5250 indeter·
1055 5214 1135 5266 pum,
1163 5204 1192 5249 nt
1213 5197 1353 5264 populum
1375 5198 1604 5261 crrndocefociat,
1623 5199 1761 5266 imaqines
1778 5201 1888 5267 quietem

194 5280 330 5331 meatum
347 5282 388 5333 ad
405 5280 492 5347 plura
513 5281 638 5348 ejttsdetn
656 5280 786 5346 rationis,
806 5283 903 5335 eadem
918 5284 1028 5336 ratione
1055 5282 1164 5348 haberi,
1184 5301 1238 5334 non
1256 5292 1347 5335 autum
1368 5286 1490 5336 redonare
1508 5284 1614 5337 licitum
1635 5301 1706 5350 esse,
1729 5302 1813 5355 quam
1833 5287 1887 5356 epi·

194 5367 235 5418 ad
257 5382 434 5434 qsmecnnque
457 5383 486 5420 se
506 5368 636 5421 scandit.
674 5367 742 5421 Cum
760 5366 849 5436 igitur
866 5387 950 5421 ansam
968 5387 1027 5424 cor·
1041 5354 1152 5441 }stolam
1179 5367 1307 5439 Gregorii
1326 5370 1440 5425 Carolus
1458 5371 1486 5423 in
1502 5370 1603 5441 scripto
1622 5388 1671 5425 suo
1693 5371 1740 5426 lib.
1760 5379 1783 5426 2.
1805 5391 1827 5427 c.
1848 5378 1887 5427 23.

191 5468 246 5524 pos
264 5469 320 5509 non
340 5453 507 5507 determinat
524 5455 579 5511 sibi
596 5473 680 5508 unum
693 5455 920 5521 locamnamaro,
938 5459 1027 5529 semsi·
1041 5444 1192 5519 irecenset,
1216 5457 1296 5528 eujus
1318 5457 1415 5527 capitis
1438 5456 1489 5512 hae
1513 5464 1555 5512 est
1574 5465 1783 5535 agumentum:
1811 5459 1887 5513 lma-
