4004 6022
781 322 785 335 '
823 314 875 370 Dli
892 311 1085 372 acumem.
1139 332 1143 343 ⁴
1737 323 1797 383 585

99 473 252 542 magnique
287 472 378 526 animi
411 489 445 526 cc
483 473 584 526 bonum
608 489 664 546 pro
695 472 858 527 Christiano
889 488 939 542 po·
964 471 1077 527 minime
1100 473 1319 528 contradictioni
1338 471 1472 541 obnocia,
1498 488 1571 542 onae
1595 472 1731 527 sedistis
1747 474 1798 526 od·

96 559 170 630 pulo
194 559 281 613 celum
304 558 415 612 babens.
461 558 506 612 Ab
535 559 597 627 ipso
628 575 712 628 saepe
737 559 837 612 audiui
865 558 939 611 inter
964 559 1155 612 versariorum
1176 559 1294 613 elicitur.
1339 559 1455 614 Interim
1480 563 1574 613 tamen
1601 558 1800 615 confessionem

99 646 321 716 praelegendum
353 645 422 697 boec
451 644 553 697 cerba:
584 644 697 697 Amicis
725 646 832 708 fratres
863 645 939 698 testi·
965 644 1185 702 &romariorum
1209 661 1261 716 pro
1286 661 1353 701 vera
1379 650 1407 700 et
1432 644 1554 716 genuina
1576 645 1711 701 ecclesiae
1735 649 1802 700 nota
1814 649 1863 692 nt
1874 648 1918 693 1¹²

101 732 225 786 monium
259 730 426 800 Scripturas
461 746 574 798 samoe,
608 732 687 800 cuod
719 732 816 799 gratio
845 731 1087 827 sumuspnondum
1109 748 1256 801 possumus
1274 747 1433 802 agnoscere,
1468 738 1491 788 1.
1519 733 1585 802 quia
1603 747 1660 786 non
1678 738 1722 786 est
1740 748 1801 802 per-

102 818 247 888 quidquid
264 833 370 882 sumus,
391 823 417 868 et
434 816 532 885 pratia
549 816 680 869 babemus
698 817 840 886 quidquid
858 817 938 869 habe·
950 834 952 889 l
963 820 1056 886 petua.
1095 817 1238 872 Interdum
1256 818 1369 888 quidem
1386 817 1531 889 contingit,
1550 818 1660 872 veritati
1680 817 1717 872 ab
1734 817 1801 888 ipsis

101 921 181 968 mus,·
214 905 289 956 unde
321 903 407 969 ipitur
441 909 535 955 tantos
566 903 693 956 tenebrae
723 911 750 956 et
780 904 939 959 horrendae
965 901 1092 957 hostibus
1109 903 1296 958 testimonium
1316 903 1384 972 dari,
1403 903 1452 958 sed
1470 903 1540 958 illud
1558 919 1615 958 non
1632 909 1676 958 est
1692 904 1802 959 unirer-

101 989 336 1058 superstitiones!
356 988 509 1056 Ot‘ratres,
527 1005 573 1041 rcs
589 988 751 1042 Christiana
772 1007 842 1058 opus
859 991 940 1043 labet
966 988 1024 1042 sale
1044 1006 1077 1043 ac
1093 994 1267 1059 perpetuum,
1286 990 1455 1061 quaudoque
1473 989 1547 1043 enim
1566 989 1718 1044 adversarii
1737 996 1803 1045 sunt

101 1093 209 1142 magno
237 1083 263 1128 et
290 1075 364 1138 sorti
388 1074 605 1141 reformatione,
636 1091 720 1143 quam
745 1076 857 1143 quidem
874 1074 940 1142 jam
966 1075 1005 1127 ita
1030 1075 1189 1144 pervicaces
1216 1073 1245 1130 et
1272 1075 1420 1142 obstinati,
1449 1081 1481 1128 ut
1505 1074 1666 1129 manifestae
1690 1081 1719 1129 et
1741 1092 1801 1146 per·

98 1178 192 1232 prope
211 1160 318 1213 instare
336 1160 428 1214 uideo.
469 1159 672 1223 Quaerentibus
691 1160 834 1228 tratribus,
852 1174 941 1228 quare
966 1159 1079 1229 spicuae
1104 1160 1213 1216 veritati
1246 1158 1436 1215 testimouium
1464 1159 1531 1214 dare
1558 1159 1660 1226 nolint,
1688 1176 1721 1215 ex
1748 1178 1803 1233 quo

103 1248 165 1316 ipsc
190 1264 246 1300 non
267 1245 401 1314 inciperet
419 1246 650 1308 reformationem
668 1264 702 1300 ac
719 1246 861 1300 erroribus
882 1259 941 1296 sese
966 1251 1061 1300 tamen
1083 1246 1128 1300 vel
1155 1246 1291 1302 ecclesiae
1310 1246 1354 1300 vel
1373 1246 1528 1313 doctrinae,
1553 1263 1625 1316 quae
1642 1245 1671 1300 in
1688 1246 1805 1302 ecclesia

105 1341 270 1406 opponeret,
297 1331 498 1401 respondebat:
529 1333 637 1387 Videtis
657 1335 785 1402 fratres,
817 1346 859 1382 me
883 1344 941 1381 csse
967 1337 1061 1394 sonat,
1092 1332 1162 1386 nihil
1188 1332 1340 1403 quidquam
1365 1331 1482 1386 decedit.
1519 1336 1542 1386 2.
1563 1330 1626 1385 Non
1646 1339 1688 1385 est
1706 1332 1804 1390 notior.

104 1428 196 1473 aetate
217 1421 423 1487 pronducrrum,
450 1434 570 1487 corpore
589 1426 615 1471 ct
638 1418 743 1471 viribus
761 1417 892 1484 debilem,
915 1422 942 1467 ct
968 1417 1112 1482 Quomodo
1136 1417 1209 1472 enim
1233 1416 1420 1471 testimonium
1440 1417 1514 1471 illius
1535 1422 1639 1472 certum
1660 1423 1688 1472 et
1705 1418 1806 1473 infalli-

104 1522 237 1574 ognosco,
255 1521 369 1557 menon
390 1519 448 1557 esso
460 1505 627 1573 praeditum
643 1511 725 1557 tanta
743 1503 882 1569 doctrina,
901 1502 941 1552 iu·
968 1502 1033 1567 bile,
1053 1503 1099 1573 qui
1118 1509 1147 1557 et
1163 1519 1245 1559 verae
1259 1503 1400 1558 doctrinae
1418 1508 1447 1558 et
1464 1503 1737 1558 ecclesieenaturam
1749 1522 1805 1561 non

105 1593 218 1644 dustria
241 1597 267 1643 et
291 1591 462 1659 eloquentia,
488 1598 622 1659 mantum
646 1591 714 1643 baec
740 1606 787 1643 res
806 1587 941 1658 postulat,
969 1589 1120 1659 perspexit,
1147 1589 1192 1643 vel
1219 1588 1242 1643 si
1270 1605 1331 1644 eam
1356 1588 1508 1658 perspexit,
1533 1593 1628 1643 tamen
1652 1589 1804 1644 (loctunam

105 1678 158 1732 sea
180 1677 310 1731 remam
330 1677 471 1730 usurum
494 1677 604 1730 aarum
624 1684 732 1744 sorau,
754 1675 873 1739 aarum,
899 1673 941 1724 u-
967 1673 1043 1727 umn
1063 1674 1193 1744 amplecti
1211 1681 1240 1729 u
1257 1675 1388 1730 eeclesiae
1408 1674 1449 1728 uu
1467 1690 1528 1730 rus
1545 1674 1804 1731 mecetranorum
1879 1718 1920 1735 ,

106 1764 227 1831 drsstric,
249 1764 387 1830 doctrina,
405 1763 517 1832 ingenio
533 1771 559 1816 et
571 1763 728 1833 &quentia
742 1765 942 1830 praenomen,
968 1764 992 1814 3.
1012 1759 1076 1814 Non
1098 1765 1140 1815 est
1164 1760 1328 1815 essentialis.
1366 1759 1397 1813 Si
1418 1759 1463 1815 vel
1487 1761 1604 1816 maxime
1621 1762 1738 1817 ecclesia
1757 1761 1803 1816 de-
1829 1827 1839 1836 ,
1860 1770 1864 1777 '
1880 1766 1884 1783 ³
1901 1771 1905 1778 ’

106 1851 156 1920 mci
173 1849 403 1916 reformationem
421 1849 537 1918 incipiet
555 1851 750 1917 erroribusque
768 1863 797 1900 ce
814 1851 942 1915 opponet,
968 1847 1099 1901 stituatur
1128 1847 1299 1903 confessione
1323 1847 1558 1915 adversariorum,
1588 1853 1681 1902 tamen
1706 1853 1750 1902 est
1776 1853 1804 1904 st
1902 1871 1903 1875 ¹

107 1943 133 1988 et
159 1936 239 1988 Deus
266 1936 389 1988 animum
414 1935 509 2003 dabit,
538 1943 569 1988 ut
598 1935 773 2005 magnatibus
802 1930 943 1986 contrudi·
969 1939 1063 1987 manet
1085 1948 1152 1987 vera
1178 1933 1303 1987 ecclesia.
1350 1932 1488 1987 Gentiles·
1502 1932 1646 1988 ecclesiam
1673 1933 1803 1989 Israeliti·

106 2036 170 2074 cere
206 2021 294 2084 ausit,
334 2029 359 2074 et
392 2022 483 2091 ipsius
513 2022 698 2074 ministerium
729 2020 854 2074 solutore
885 2015 945 2068 Dei
969 2034 1030 2072 cam
1048 2017 1296 2088 persequebantur,
1314 2023 1422 2073 tantum
1440 2017 1528 2087 abest,
1547 2025 1578 2074 ut
1592 2019 1717 2074 veritatis
1728 2019 1804 2074 testi·
1905 2013 1906 2016 '

107 2107 240 2174 beneficio
264 2108 446 2177 comperietis.
481 2107 585 2162 Solitas
610 2107 692 2161 etiam
717 2112 760 2161 est
776 2105 849 2159 iuter
864 2116 942 2173 prae·
970 2104 1091 2159 monium
1120 2103 1161 2157 illi
1189 2105 1303 2172 darent,
1330 2104 1416 2158 nihilo
1445 2109 1539 2159 tamen
1569 2105 1660 2159 minus
1689 2105 1806 2161 ecclesia

106 2192 257 2264 legendum
276 2193 379 2248 dicere:
407 2195 534 2261 nepueu
553 2209 650 2262 popae
671 2209 802 2260 magnam
820 2191 944 2242 minatur
969 2189 1123 2245 Israelitica
1142 2196 1202 2245 erat
1220 2206 1286 2245 vera
1309 2190 1433 2244 ecclesia
1473 2189 1538 2244 Joh.
1559 2195 1588 2253 5,
1608 2205 1633 2245 v.
1652 2195 1694 2245 34.
1716 2190 1806 2262 inquit

106 2280 233 2345 ruinam,
269 2280 338 2348 quic
371 2280 455 2333 nimis
482 2279 539 2332 alto
574 2296 608 2332 ac
641 2278 725 2330 nimis
760 2277 816 2330 cito
851 2276 943 2330 creuit.
968 2275 1110 2330 Christus:
1136 2278 1201 2345 Epo
1220 2293 1277 2328 non
1301 2277 1337 2329 cb
1356 2276 1465 2329 bomine
1483 2276 1669 2330 testimonium
1687 2278 1805 2346 occipio,

106 2363 196 2419 Catal.
226 2370 290 2420 test.
319 2365 399 2417 verit.
444 2363 594 2418 Dresserus
624 2364 653 2417 in
682 2363 836 2417 millenario
865 2366 942 2416 sexto
968 2361 996 2414 id
1024 2367 1067 2416 est
1093 2361 1281 2415 testimonium
1307 2361 1447 2415 hominum
1473 2378 1530 2415 non
1555 2366 1598 2415 est
1624 2360 1751 2416 absoluto
1777 2369 1806 2417 et

106 2468 172 2522 pag.
196 2457 236 2505 to.
262 2448 394 2506 Woltfius
418 2456 522 2504 centur.
548 2455 586 2505 16.
611 2466 675 2521 pag.
695 2454 736 2504 32.
762 2457 812 2504 ete.
860 2447 942 2502 Anno
968 2447 1129 2517 simphciter
1151 2447 1216 2501 mihi
1242 2448 1441 2510 necessarium,
1469 2447 1518 2500 sed
1542 2445 1721 2500 nihilominus
1744 2465 1805 2502 sum

105 2536 209 2593 Christi
232 2543 306 2594 1521.
334 2553 396 2591 cum
421 2535 559 2591 Lutherus
576 2535 762 2591 Wormaciam
786 2535 942 2605 ingredere-
968 2551 1049 2587 verus
1076 2532 1192 2587 Messias
1220 2549 1254 2587 ac
1283 2532 1379 2586 mundi
1406 2532 1539 2598 salvator,
1565 2532 1588 2586 si
1614 2532 1660 2587 vel
1686 2534 1804 2589 maxims
1902 2555 1906 2559 ⁴

104 2629 165 2690 tur,
192 2623 305 2694 quidam
325 2629 438 2693 portans
463 2639 572 2677 crucem
595 2622 717 2693 ligneam
741 2621 794 2693 ipsi
822 2621 943 2676 occurrit
968 2635 1049 2673 nemo
1077 2618 1219 2672 hominum
1246 2618 1275 2671 id
1302 2618 1399 2673 credat
1425 2619 1469 2674 vel
1495 2623 1621 2675 testetur.
1665 2617 1744 2675 Idem
1770 2620 1806 2677 de
1901 2620 1905 2625 ⁴

106 2717 135 2765 et
159 2709 300 2764 clamavit:
329 2708 480 2762 Aduenidi
503 2707 715 2769 desiderabilis,
744 2724 824 2776 quem
849 2722 941 2776 cuspe-
971 2704 1090 2759 ecclesia
1113 2703 1216 2759 Christi
1246 2703 1418 2774 pronuntiari
1443 2709 1549 2774 potest,
1584 2704 1659 2775 quod
1684 2704 1805 2760 humano

105 2797 252 2849 stabamus
272 2796 302 2848 iu
327 2795 451 2849 tenebris.
495 2793 578 2848 Talia
597 2794 740 2863 complura
758 2794 860 2848 adduci
879 2809 940 2863 pos·
969 2789 1127 2845 testimonio
1151 2796 1180 2846 et
1203 2789 1441 2845 commendatione
1464 2806 1521 2845 non
1546 2791 1672 2862 indigeat
1700 2809 1733 2846 ex
1760 2808 1805 2847 ne·

104 2887 169 2937 seut
189 2899 222 2936 cx
239 2881 355 2936 Nicolao
375 2880 499 2943 Cusano,
517 2880 695 2952 Hildegardi,
713 2879 842 2936 «Iohanne
861 2880 941 2934 Lieh·
969 2877 1112 2945 cessitate,
1137 2875 1187 2929 scd
1212 2874 1288 2946 quod
1314 2873 1435 2929 sufficiat
1459 2874 1501 2929 illi
1525 2875 1621 2930 divina
1639 2876 1804 2931 testificatio.

103 2968 260 3041 tenbergic,
280 2967 407 3023 Wesselo
419 2965 613 3037 Groningensi,
633 2965 764 3037 Baptista
780 2965 941 3035 Mantuano,
968 2953 1076 3019 4.'Non
1099 2968 1141 3017 est
1159 2960 1280 3033 propria
1318 2960 1359 3015 Ut
1378 2961 1500 3017 enimin
1519 2961 1686 3033 quibusdam
1705 2961 1805 3017 Cethe

104 3054 257 3110 Francisco
274 3053 391 3110 Nicolao
412 3053 527 3108 eremita
544 3058 596 3106 etc.
967 3049 1014 3102 lici
1033 3048 1070 3103 ab
1090 3048 1235 3103 haereticis
1255 3046 1419 3115 laudantur,
1440 3046 1481 3100 ita
1497 3047 1618 3102 vicissim
1641 3047 1804 3118 inquibus·

968 3134 1032 3188 dam
1057 3134 1176 3206 gentiles
1200 3140 1228 3189 et
1247 3133 1385 3189 'haeretici
1412 3149 1429 3186 a
1452 3132 1603 3188 Catholicis
1626 3150 1683 3187 non
1703 3133 1804 3202 impro-

424 3262 630 3272 -......-..
967 3220 1076 3274 bantur.
1114 3219 1265 3289 Apostolus
1286 3219 1370 3274 etiam
1393 3234 1427 3273 ex
1446 3218 1593 3289 gentilium
1611 3218 1701 3288 poetis
1720 3234 1803 3290 quac·

969 3306 1032 3360 dam
1051 3305 1210 3360 testimonia
1228 3305 1350 3368 adducit,
1370 3319 1422 3358 nec
1439 3310 1534 3359 tamen
1550 3311 1699 3375 propteroa
1717 3311 1804 3360 totam

968 3393 1130 3463 religionem
1157 3391 1303 3464 gentilium
1330 3392 1503 3462 approbavit.
1547 3391 1705 3462 Cyprianus
1733 3392 1805 3448 tanti

340 3444 359 3504 Β
377 3444 403 3506 E
423 3443 443 3504 ⁰
461 3444 486 3503 Τ
504 3444 521 3504 1
541 3444 563 3505 ⁰
586 3442 704 3513 ,x111.
968 3479 1035 3533 secu
1052 3478 1340 3548 seriptuTertulliani,
1359 3478 1509 3532 aunuum
1528 3477 1601 3532 arem
1619 3477 1678 3532 une
1695 3478 1804 3533 morum

106 3603 175 3670 DE
217 3598 356 3668 NOTA
398 3597 566 3664 EOCLE
577 3597 624 3663 SI
633 3598 697 3664 ΑΕ
741 3597 905 3664 DECIM
914 3599 943 3663 A
969 3565 1087 3620 lectione
1111 3564 1354 3635 praetermitteret,
1377 3563 1448 3617 illud
1475 3562 1571 3618 crebro
1596 3563 1740 3618 inculcans
1757 3581 1804 3617 uo-

970 3651 1040 3704 tario
1068 3668 1131 3704 suo:
1166 3653 1217 3704 Du
1241 3651 1310 3703 mibi
1332 3651 1510 3719 magistrum,
1533 3649 1735 3703 Tertullianum
1754 3650 1806 3705 sci·

108 3702 299 3770 TERTIA
342 3702 372 3765 Α
419 3697 764 3766 BELLARMINO
806 3686 1034 3792 ASSIilicet
1059 3735 1233 3806 significuus,
1261 3735 1295 3790 de
1318 3753 1374 3806 quo
1397 3742 1491 3790 tamen
1515 3739 1639 3790 vetustas
1659 3735 1806 3806 judicavit,

108 3805 301 3887 GNATA,
338 3800 476 3880 QUAE
514 3802 609 3868 EST
647 3792 1060 3892 consasslo'lpum
1080 3821 1226 3876 lausum
1244 3821 1421 3891 opinionibus
1438 3821 1714 3876 sauromatarum.
1748 3822 1805 3876 nu-

292 3906 359 3970 AD
370 3906 430 3971 VE
440 3907 467 3970 R
478 3904 535 3970 SA
544 3905 572 3969 R
580 3905 596 3968 Ι
605 3904 632 3971 0
642 3903 755 3971 RUM.
969 3908 1097 3978 gustinus
1116 3907 1225 3962 'liconii
1254 3906 1365 3977 regulas
1388 3907 1417 3960 in
1434 3907 1506 3962 libro
1528 3906 1563 3960 de
1581 3906 1708 3963 deumne
1727 3905 1804 3961 Chri·

968 3994 1059 4046 stiana
1076 3993 1180 4058 laudat,
1201 4010 1284 4064 quem
1302 4000 1394 4047 tamen
1412 4009 1464 4062 pro
1483 3992 1617 4048 ccclesiae
1632 3991 1690 4046 filio
1703 3992 1804 4047 haben·

53 4100 84 4129 rn-
144 4081 202 4130 293.
240 4075 397 4129 Memorem
415 4076 550 4143 primum.
585 4072 663 4128 Sitne
688 4071 824 4128 confessio
846 4073 942 4138 adver·
969 4079 1035 4133 dum
1062 4096 1122 4134 esse
1138 4085 1232 4151 negat
1270 4079 1329 4149 Ipsi
1346 4077 1487 4132 Pontificii
1504 4076 1652 4148 scriptores
1669 4077 1700 4131 in
1716 4077 1804 4150 genti-

53 4156 88 4231 '„.
107 4163 242 4217 sariorum
269 4162 391 4232 genuina
414 4168 442 4215 et
465 4159 578 4230 propria
596 4159 731 4214 ecclesiae
749 4159 833 4214 nota?
862 4159 943 4214 Pate
968 4165 1042 4218 libus
1062 4171 1091 4219 et
1110 4164 1255 4220 haereticis
1275 4163 1413 4234 quaedam
1433 4163 1558 4226 laudant,
1578 4180 1631 4218 nec
1650 4169 1743 4218 tamen
1761 4164 1806 4219 vel
1907 4155 1912 4166 “

53 4253 81 4333 ξ,
107 4268 179 4318 mur,
198 4254 304 4303 tantam
322 4264 384 4303 este
401 4248 457 4301 vim
474 4246 607 4309 veritatis,
626 4252 658 4299 ut
676 4246 728 4317 ipsi
747 4245 829 4301 etiam
847 4247 942 4300 adver·
969 4250 1099 4322 gentibus
1120 4251 1163 4305 vel
1183 4250 1327 4304 haereticis
1340 4265 1421 4303 verae
1439 4248 1572 4303 ecelesiae
1590 4249 1700 4303 laudem
1717 4249 1806 4305 tribu·

53 4321 94 4386 'uns
107 4335 173 4390 sarii
197 4335 337 4389 interdum
361 4333 406 4388 vel
429 4333 509 4387 inscii
528 4332 572 4386 vel
592 4331 672 4385 inviti
692 4332 717 4386 ei
737 4331 804 4386 dent
821 4332 943 4387 testimo·
969 4341 1042 4392 unt,¹
1064 4337 1170 4391 Aceste
1189 4337 1251 4390 libr.
1271 4342 1295 4392 6.
1316 4335 1351 4390 de
1369 4334 1544 4404 procuranda
1562 4334 1695 4388 Indorum
1713 4335 1804 4391 salute

107 4422 193 4477 nium.
240 4422 351 4492 Aperta
378 4420 482 4473 veritus
507 4416 589 4471 etiam
616 4417 728 4470 claumos
741 4418 818 4484 serit
842 4418 944 4485 oculos,
969 4440 993 4479 e,
1014 4428 1058 4477 14:
1080 4423 1270 4477 Dissimulari
1282 4423 1415 4491 profecto
1434 4437 1490 4474 non
1503 4428 1606 4490 potest,
1624 4438 1708 4489 quum
1725 4423 1804 4475 nobis

108 4508 200 4577 inquit
216 4506 406 4577 Augustinus,
430 4520 521 4576 quoa
540 4503 844 4558 Bellarmiuoretertur
868 4504 944 4558 locus
971 4510 1186 4562 crubescendum
1208 4509 1259 4572 eit,
1286 4509 1399 4576 muodo
1420 4507 1547 4570 Satanae
1570 4507 1707 4560 ministris
1723 4508 1807 4561 ludis

109 4594 194 4649 Dent.
208 4599 249 4661 3¹2,
264 4612 289 4648 v,
302 4598 348 4648 ³1:
369 4595 435 4646 Non
454 4599 494 4645 eal
507 4593 587 4644 Deus
604 4599 712 4657 mosim,
731 4597 763 4643 ut
780 4591 825 4643 dii
840 4607 944 4656 corum,
970 4612 1144 4663 eriperemur,
1163 4612 1224 4648 oum
1243 4612 1294 4647 nos
1314 4595 1355 4646 ad
1372 4593 1513 4646 solutares
1532 4594 1724 4658 confessiones
1739 4611 1806 4664 per·

109 4680 254 4750 gentilium
278 4681 384 4733 scilicet
411 4678 508 4746 (Hebr.
532 4695 586 4732 non
610 4682 653 4731 est
674 4684 753 4746 petra
780 4685 887 4741 nostra,
913 4684 945 4731 ut
970 4683 1134 4734 suadendas
1148 4681 1294 4750 pipriores
1312 4697 1408 4733 mmus
1426 4697 1511 4747 quom
1529 4679 1632 4732 ethnici
1651 4682 1693 4733 od
1706 4697 1806 4735 saeros

109 4775 190 4837 petra
208 4767 330 4831 eorum),
354 4767 437 4820 ctiam
455 4764 564 4817 inimici
580 4764 670 4815 nostri
680 4764 808 4836 judices,
830 4763 882 4820 hoc
905 4771 947 4819 est
972 4776 997 4820 et
1014 4767 1193 4834 carnificinas
1210 4785 1285 4820 suos.
1323 4768 1461 4820 Lubenter
1478 4765 1621 4818 interdum
1638 4783 1657 4818 o
1676 4768 1806 4820 sacerdo-

109 4855 232 4922 ipsorum
266 4852 365 4917 eham,
385 4851 530 4922 gentilium
560 4849 667 4920 judicio
703 4856 731 4903 et
764 4850 943 4905 confessione.
972 4855 1044 4907 tibus
1052 4855 1110 4906 suis
1120 4852 1258 4922 expiandi
1268 4853 1407 4906 adulterii
1414 4859 1464 4905 aut
1472 4852 1807 4907 alteriusscelerisoousc

110 4940 273 4994 ”Novatus
292 4939 327 4992 de
346 4937 443 4991 Trinit.
462 4953 486 4990 c.
508 4942 555 4991 18:
574 4937 703 4989 Firmum
722 4944 763 4989 est
779 4954 865 5005 penus
879 4956 945 5007 pro·
971 4941 1122 4993 durissimo
1147 4957 1215 4994 saco
1242 4941 1284 4992 ad
1306 4939 1439 5007 scopulos
1463 4939 1545 4991 tundi
1564 4937 1696 5005 fortiter,
1721 4939 1806 4992 intor-

110 5026 246 5087 bationis,
274 5026 352 5093 meod
378 5025 462 5077 etiam
491 5023 527 5076 ab
559 5022 725 5075 aduersario
756 5024 887 5091 sumitur,
916 5033 946 5077 ut
972 5029 1038 5080 dum
1057 5045 1075 5079 a
1088 5027 1239 5095 juvenibus
1257 5027 1307 5078 diu
1325 5026 1413 5093 uirgis
1431 5025 1521 5093 caedi,
1537 5042 1594 5077 non
1611 5042 1689 5090 raro,
1708 5026 1736 5079 si
1749 5041 1806 5079 sce·

109 5113 214 5164 ceritas
238 5111 321 5163 etiam
343 5110 379 5162 ab
401 5109 523 5162 inimicis
540 5109 721 5178 proluunt*
756 5108 888 5166 Fatemur
904 5110 946 5163 in·
971 5114 1039 5167 loric
1064 5113 1229 5180 magnitudo
1254 5111 1383 5165 acerbius
1402 5111 1516 5180 aliquid
1531 5110 1679 5180 postulare
1697 5113 1806 5166 uidere·

109 5213 210 5266 super,
239 5195 426 5250 testimonium
456 5195 493 5248 ab
524 5194 603 5249 hoste
632 5194 742 5248 veritati
772 5194 867 5248 datum
886 5212 945 5250 esse
971 5207 1030 5266 tur,
1057 5199 1087 5250 in
1113 5199 1251 5252 excelsam
1268 5206 1351 5266 atque
1369 5197 1446 5251 omni
1463 5197 1563 5251 solatii
1577 5213 1676 5264 penore
1696 5199 1806 5252 distitu-

110 5283 205 5353 magui
231 5281 341 5336 omniuo
365 5280 510 5351 ponderis,
533 5298 596 5335 cum
618 5297 674 5335 non
692 5298 725 5335 ex
746 5279 850 5335 affectu
867 5299 944 5351 prae
972 5294 1029 5338 tom
1049 5301 1147 5352 rupem
1170 5285 1301 5338 secedere
1321 5291 1347 5337 ct
1371 5283 1485 5352 longum
1507 5283 1547 5335 ibi
1563 5299 1661 5337 aecum
1676 5284 1807 5348 ferorum

110 5373 260 5436 concepto,
287 5366 336 5420 sed
360 5382 394 5420 ex
416 5366 477 5435 ipsa
501 5366 626 5421 veritatis
649 5367 679 5420 vi
703 5366 824 5421 elicitum
848 5368 946 5422 merito
972 5386 1048 5424 more
1060 5373 1212 5424 traducere
1224 5369 1369 5423 sustinent.
1400 5368 1527 5424 Pimeuta
1540 5366 1569 5421 in
1586 5368 1666 5439 epist.
1679 5367 1808 5424 deludis

107 5453 259 5525 judicetur.
292 5451 424 5508 irenaeus
442 5451 489 5508 lib.
509 5457 533 5507 t.
561 5467 586 5506 o.
607 5457 652 5509 14:
680 5452 818 5507 Probatio
836 5469 903 5507 cero
921 5461 947 5508 st
972 5456 1070 5512 orient.
1095 5474 1122 5526 p.
1151 5461 1212 5510 lto:
1240 5455 1332 5510 Nullo
1355 5455 1429 5510 inter
1446 5453 1537 5516 ludos
1561 5455 1631 5508 istos
1651 5458 1736 5521 furta
1759 5463 1808 5509 out
