4004 6022
757 295 761 307 ,
799 220 1095 295 ’9119911911
1734 240 1793 307 sir

95 397 189 464 ipnem
212 395 248 448 de
272 394 350 449 coslo
374 394 544 447 descendere
569 400 594 446 st
616 400 647 447 ut
662 393 756 461 imapo
774 394 875 447 batiae
892 394 932 447 lo·
944 391 948 473 l
960 410 1103 461 maporum
1123 409 1190 448 uera
1206 394 1299 459 fuisse
1316 394 1474 448 arbitratur
1489 388 1676 464 Aupustinus,
1693 395 1795 450 1111119-

94 491 214 550 quatur,
238 483 307 534 11999
329 489 422 534 autem
442 480 587 544 facillima
612 497 670 534 esse
693 480 808 533 diabolo
831 478 1051 548 patnn'ninus
1081 481 1246 549 mendacia,
1273 482 1340 550 quia
1369 481 1420 550 qai
1437 481 1547 551 facist,
1575 498 1605 534 ss
1635 499 1668 535 ea
1691 481 1793 548 facere

97 575 143 621 est.
189 569 229 619 At
257 567 397 619 miracula
429 573 590 619 sanctorum
619 574 682 619 sunt
712 567 933 619 illuminationes
959 565 1127 620 miraculose
1145 565 1247 619 uirtute
1266 567 1363 619 dimna
1376 567 1461 634 salso
1477 568 1663 636 profitebitur.
1688 567 1793 621 Audiat

97 670 261 721 caecorum,
285 653 444 705 curationes
463 653 641 715 claudorum,
665 654 844 706 9999999999
859 671 931 706 11191-
944 678 946 695 =
959 650 1094 705 'lhomam
1112 652 1289 723 Aquinatem,
1310 652 1339 706 in
1358 654 1436 722 cujus
1454 653 1541 708 rerba
1556 653 1662 724 juravit
1679 659 1750 725 part.
1772 659 1795 708 1.
1809 671 1858 710 111.
1872 669 1918 712 191

96 747 224 801 tuorum,
250 755 321 806 quas
343 755 398 791 non
416 738 473 790 nisi
491 739 590 791 diuina
608 739 711 792 uirtute
723 740 795 806 fieri
805 698 1066 809 possuntiquaest.
1089 744 1145 794 114.
1169 745 1221 792 art.
1243 745 1270 793 1:
1302 739 1428 792 Etiamsi
1454 741 1510 793 sint
1532 757 1600 793 uera
1627 739 1798 793 Antichristi

94 823 320 895 Respondemus:
358 824 522 878 Antichristi
549 826 682 880 miracma
705 825 835 880 dicuntur
858 842 933 880 men·
959 823 1107 890 miracula,
1127 826 1169 878 ad
1186 825 1362 877 mendacium
1383 833 1476 878 tamen
1488 823 1657 894 pertrahunt
1674 827 1795 880 arediu-

96 910 194 976 dacia,
220 910 280 973 vel,
298 915 330 963 ut
348 926 381 964 ex
401 909 509 965 Graeco
528 912 630 965 rectius
649 912 778 980 vertitur,
794 912 932 981 prodipia
959 927 1015 962 ros.
1061 910 1121 964 lmo
1145 911 1241 965 audiat
1264 908 1447 965 Bellarminus
1473 928 1503 964 sc
1521 911 1612 981 ipsum
1630 910 1693 966 libr.
1714 917 1737 966 3.
1759 912 1794 965 (19

95 997 249 1064 mendacii,
267 1000 368 1068 τέρατα
388 993 527 1065 ψεύδους,
545 1013 600 1051 non
619 1004 677 1050 tarn
696 998 802 1052 ratione
819 997 932 1065 formae,
959 993 1038 1050 Rom.
1059 994 1157 1066 pontif.
1176 1012 1199 1049 c.
1220 1002 1258 1050 15.
1278 992 1305 1069 ξ.
1325 996 1424 1050 Porro:
1457 997 1614 1065 Mirncula,
1638 1013 1792 1066 99999119-

95 1083 178 1153 quasi
205 1083 297 1137 omnia
319 1082 415 1136 futura
438 1082 494 1136 sint
516 1083 587 1136 falsa
606 1089 634 1136 et
652 1084 815 1152 apparentia
834 1084 933 1137 dunta-
959 1088 1075 1134 rauna
1095 1089 1135 1134 est
1153 1082 1361 1145 Antichristus,
1386 1090 1468 1135 erant
1486 1083 1634 1135 mendacia
1650 1084 1733 1149 sipna
1749 1099 1796 1135 ra-

94 1177 159 1236 191,
187 1185 270 1240 quam
295 1168 402 1221 19119119
424 1167 501 1236 finis,
526 1170 593 1240 quia
610 1168 716 1224 scilicet
733 1168 769 1224 ad
791 1168 932 1223 coufirma-
959 1168 1034 1221 tione
1052 1169 1346 1235 omniumcausarum,
1355 1169 1464 1237 finalis,
1483 1169 1641 1237 efficientis,
1660 1169 1797 1222 materias

95 1254 201 1308 tionem
227 1253 365 1308 mendacii
385 1259 465 1307 erunt
487 1254 606 1322 duecte,
634 1262 665 1309 ut
684 1273 717 1309 ex
737 1254 933 1326 Chrysostomo
961 1261 986 1306 st
1009 1254 1132 1318 formae.
1178 1252 1261 1307 linis
1288 1255 1360 1308 enim
1391 1271 1486 1307 sonim
1516 1255 1717 1308 miraculorum
1744 1255 1798 1308 erit

97 1347 128 1393 et
150 1340 309 1436 Augustino
333 1340 417 1409 paulo
440 1340 566 1410 superius
591 1340 755 1397 audivimus.
795 1341 932 1406 Quemad·
960 1341 1114 1407 ostendere,
1128 1340 1508 1394 AntichristumssseDeum
1523 1349 1548 1393 et
1562 1341 1707 1405 Messiam,
1720 1342 1798 1410 quod
1899 1400 1903 1407 ¹

95 1425 213 1480 modum
244 1425 318 1479 enim
345 1425 421 1495 magi
452 1426 620 1496 Aegyptiaci
649 1432 714 1481 ante
743 1427 933 1481 liberationem
960 1426 1013 1478 erit
1026 1426 1297 1493 perniciosissimum
1315 1427 1499 1481 mensionum
1537 1427 1780 1493 Chrysostomus'
1767 1444 1796 1478 sn

95 1511 288 1564 Isralilitarum
309 1527 341 1565 ex
359 1513 492 1581 Aegypto
513 1512 645 1566 1111199919
662 1513 801 1567 mendacii
820 1512 948 1566 edentes
960 1512 1068 1565 hanel
1068 1530 1147 1565 ocum
1172 1516 1208 1580 (t
1234 1511 1332 1568 Tbess.
1354 1515 1391 1578 t.)
1414 1512 1508 1579 docet,
1533 1513 1681 1565 mendacia
1700 1513 1799 1565 vocari

50 1644 55 1652 .
95 1613 155 1650 non
174 1596 312 1651 ludebant
329 1595 413 1650 nudis
430 1596 602 1668 praestigiis,
623 1600 672 1653 sed
691 1607 751 1654 arte
771 1615 822 1652 sua
840 1574 949 1652 1119119-
961 1615 993 1651 ea
1023 1599 1178 1661 miracula,
1211 1599 1278 1666 quia
1311 1599 1353 1650 ad
1379 1599 1556 1651 mendacium
1583 1600 1716 1651 inducent
1744 1600 1796 1651 etc.

95 1683 153 1737 lica
177 1700 272 1737 verum
296 1689 450 1753 serpentem
469 1684 557 1738 oculis
576 1689 744 1739 sectatorum
766 1662 949 1804 objiciebant}
946 1685 1109 1737 Deinde·
1093 1692 1229 1738 uocantur
1249 1684 1398 1736 mendacia
1417 1684 1499 1752 sipna
1518 1684 1714 1748 aleffimfflente
1731 1701 1796 1736 num

97 1770 136 1822 ad
171 1767 346 1824 idololatriae
379 1771 572 1841 Aegyptiacae
608 1771 860 1839 confirmationem,
896 1758 948 1824 ita
961 1788 1049 1823 causa
1073 1771 1201 1837 efficiens
1217 1770 1392 1840 principalia
1411 1772 1464 1824 erit
1480 1780 1566 1840 pater
1589 1772 1742 1838 mendacii,
1764 1769 1797 1822 id

97 1871 212 1926 quoque
228 1855 414 1909 Antichristus
442 1863 506 1911 ante
527 1855 638 1911 finalem
657 1857 847 1912 liberationem
866 1856 933 1909 tilio·
960 1865 1001 1910 est
1020 1856 1160 1913 diabolus.
1198 1857 1290 1910 Erunt
1311 1857 1394 1910 etiam
1413 1858 1561 1911 mendacin
1581 1858 1671 1911 malm
1689 1874 1722 1910 es
1736 1857 1796 1911 ntis

95 1958 159 1994 rum
180 1941 234 1995 Dei
254 1958 287 1996 ex
305 1941 357 1997 hoc
375 1943 478 1997 mundo
498 1959 554 1996 non
571 1943 653 1996 nudis
672 1944 751 1998 ludet
769 1943 934 2014 praestigiis,
962 1948 1038 2014 (ergo
1062 1959 1117 1997 non
1144 1944 1249 2010 omnia,
1276 1949 1308 1997 ut
1329 1942 1382 1997 hoc
1404 1944 1465 1998 loco
1482 1944 1607 2012 asserit),
1630 1943 1697 2014 quia
1715 1950 1796 1997 erunt

95 2029 148 2080 sed
175 2027 243 2080 talia
264 2028 399 2081 miracula
417 2028 455 2082 ad
475 2027 712 2083 confirmationem
730 2046 841 2084 suorum
858 2046 933 2083 men·
958 2029 1138 2099 phantastica
1156 2037 1182 2082 st
1198 2029 1374 2099 praestigios
1395 2031 1543 2098 99999911.
1574 2032 1703 2099 Denique
1716 2038 1797 2084 919111

96 2113 243 2167 daciarum
267 2112 365 2178 faciet,
392 2113 486 2185 qualia
510 2132 560 2185 per
583 2120 733 2170 extremam
753 2121 780 2170 et
798 2132 932 2170 summam
960 2117 1099 2185 quaedam
1127 2132 1160 2169 99
1184 2115 1244 2169 illis
1268 2117 1415 2169 mendacin
1440 2117 1550 2171 ratione
1572 2118 1700 2180 fmmae,
1730 2117 1795 2170 licet

96 2200 204 2254 diaboli
222 2202 374 2270 potentiam
391 2201 450 2255 fieri
468 2208 593 2272 possunt.
627 2201 661 2256 Id
682 2204 772 2273 ipsum
791 2201 933 2256 confirma·
945 2236 947 2263 ,
959 2219 1026 2256 vera
1044 2202 1154 2256 ratione
1174 2201 1317 2266 materias,
1337 2202 1404 2270 quia
1422 2203 1563 2256 interdum
1577 2219 1624 2256 res
1637 2220 1719 2257 ueros
1732 2219 1795 2272 ope·

95 2294 143 2339 tur
163 2304 195 2341 ex
215 2286 339 2357 emphasi
358 2287 503 2344 dictorum.
531 2287 630 2343 Mattb.
652 2292 739 2352 191.
761 2294 802 2343 ts.
823 2288 932 2351 dicitur,
958 2290 1083 2352 rabitur,
1111 2289 1163 2341 sed
1187 2304 1259 2356 quae
1282 2306 1337 2340 non
1361 2289 1533 2358 superabunt
1552 2289 1626 2341 uires
1645 2289 1728 2343 totius
1746 2306 1795 2341 na-

93 2373 325 2442 pseudoebristos
357 2380 384 2425 et
410 2374 674 2442 pseudoprophetas
704 2374 770 2428 illos
797 2374 870 2427 talia
898 2392 932 2427 99
959 2383 1039 2428 turae
1059 2383 1085 2428 et
1105 2375 1169 2427 ideo
1187 2391 1243 2427 non
1262 2381 1343 2426 erunt
1361 2375 1502 2429 miraarla
1511 2375 1688 2442 formaliter.
1715 2371 1795 2437 Quod

96 2467 179 2512 tanta
203 2459 341 2512 miracula
364 2461 504 2523 edituros,
527 2468 557 2512 ut
581 2460 609 2512 si
629 2461 698 2529 fieri
712 2468 820 2529 posset,
847 2461 932 2513 etiam
960 2461 1141 2514 Bellarminus
1159 2460 1212 2513 hoc
1230 2459 1291 2513 loco
1311 2459 1468 2531 subjungit,
1494 2459 1714 2514 illuminationes
1734 2477 1794 2513 cae·

96 2545 179 2598 electi
198 2561 253 2613 per
276 2543 329 2598 illa
350 2546 557 2601 seducerentur.
592 2545 681 2616 Atqui
700 2545 724 2599 si
744 2553 837 2600 essent
857 2563 933 2601 mera
958 2564 1068 2612 corum,
1099 2547 1258 2600 mactiones
1282 2547 1450 2600 claudorum
1472 2554 1499 2600 et
1524 2547 1703 2600 ausinianos
1723 2563 1794 2598 mor·

94 2631 293 2701 phantasmata
319 2647 351 2684 ac
382 2631 551 2702 praestigiae
578 2632 732 2703 satanicae,
764 2633 932 2689 seductionis
960 2642 1070 2686 tuorum
1089 2649 1144 2685 non
1164 2632 1222 2685 nisi
1240 2633 1339 2686 diuina
1356 2632 1458 2686 uirtute
1469 2634 1540 2700 fleri
1553 2649 1647 2703 posse,
1667 2632 1695 2685 id
1714 2631 1795 2686 facile

96 2734 153 2772 non
172 2724 281 2770 tantum
300 2719 478 2772 metuendum
497 2726 569 2773 esset
586 2719 748 2790 periculum.
768 2725 791 2776 2.
806 2719 932 2775 Thessal.
959 2717 1150 2785 concedimus,
1178 2717 1288 2774 interim
1304 2724 1398 2774 tamen
1416 2727 1522 2773 certum
1541 2714 1597 2784 cst,
1621 2718 1650 2772 id
1669 2734 1724 2772 non
1742 2717 1795 2772 nisi
1816 2720 1840 2737 ·“

97 2810 128 2870 2,
155 2822 179 2856 v.
207 2810 232 2858 9.
256 2810 385 2858 notanter
400 2803 468 2858 dicit
488 2806 645 2875 apostolus,
671 2808 746 2878 qnod
766 2807 861 2860 Antio
859 2808 934 2859 11191
960 2803 993 2857 de
1020 2803 1093 2859 veris
1124 2803 1370 2860 illuminationibus
1403 2822 1467 2861 vere
1495 2820 1640 2861 caecorum
1667 2818 1700 2858 ac
1723 2802 1796 2859 verit

96 2893 234 2944 aduentus
255 2892 370 2954 futrmss
395 2888 443 2943 sit
452 2891 511 2944 κατ’
537 2894 681 2965 ἐνέργειαν
701 2895 749 2946 τοῦ
765 2896 879 2948 Σατανᾶ
903 2895 932 2950 lu
960 2889 1171 2970 excitationibus
1205 2909 1268 2946 vere
1297 2897 1468 2946 mortuorum
1499 2891 1690 2990 accipiendum
1727 2906 1795 2959 esse,

96 2976 174 3049 πάσῃ
192 2973 310 3044 δυνάμει
327 2979 371 3029 nal
394 2983 478 3047 aquai
478 2998 518 3036 91ς
535 2983 580 3030 καὶ
596 2983 690 3051 τέρασι
704 2978 833 3050 attritione,
851 2997 875 3033 v.
893 2987 932 3036 10
960 2993 1024 3030 911111
1043 2959 1170 3031 diabolus
1189 2977 1273 3032 9119111
1295 2977 1388 3048 quoad
1407 2985 1547 3033 externam
1563 2994 1683 3048 spectem
1695 2974 1795 3031 9111111111

96 3067 145 3117 ant
167 3062 198 3115 lu
216 3060 289 3134 111191,-
310 3061 400 3135 11111111
420 3084 441 3115 1
436 3084 462 3126 ς
480 3061 589 3124 ἀδικίας
608 3065 638 3118 lu
651 3072 707 3124 τοῖς
721 3063 933 3139 instauratione,
959 3062 1051 3118 tacere
1074 3063 1178 3134 possit,
1203 3079 1260 3135 qua
1283 3062 1317 3116 dc
1339 3063 1427 3116 19119
1446 3062 1744 3118 scribitBellarminus
1762 3061 1793 3115 11

96 3149 126 3202 id
151 3154 194 3202 cst
219 3147 345 3202 diabolus
368 3165 476 3202 omnem
495 3149 550 3203 vim
570 3167 649 3204 suam
670 3150 698 3205 in
716 3152 855 3207 miraculis
873 3153 932 3207 An·
960 3148 1009 3203 bro
1034 3154 1059 3204 3.
1085 3149 1119 3203 de
1144 3147 1268 3219 pontific.
1294 3167 1317 3203 c.
1348 3155 1386 3204 15.
1405 3146 1432 3220 ξ.
1467 3148 1557 3203 Erunt
1576 3149 1673 3203 etiam:
1712 3148 1794 3201 Anti-

96 3234 217 3289 tichristi
238 3234 337 3305 organi
356 3235 398 3287 sui
418 3242 536 3299 exseret,
561 3253 652 3305 neque
671 3236 836 3309 quidquam,
857 3239 932 3310 quod
960 3234 1079 3288 cbristus
1109 3236 1247 3288 uidebitur
1273 3228 1394 3288 oscitare
1419 3242 1542 3288 mortuos
1569 3243 1595 3289 et
1620 3248 1724 3288 sanare
1748 3248 1794 3287 as·

96 3321 135 3375 ad
155 3320 344 3375 seductionem
363 3320 504 3375 hominum
525 3323 619 3378 tacere
638 3323 741 3393 possit,
767 3325 933 3379 intentatum
958 3327 1068 3389 protos,
1090 3321 1143 3373 sed
1168 3320 1315 3375 illusiones
1332 3321 1497 3375 daemonum
1516 3325 1609 3385 emunt,
1637 3337 1693 3374 non
1711 3335 1795 3374 ueras

95 3406 243 3478 relinquet.
274 3405 381 3459 Audiat
400 3406 586 3462 Bellarminus
603 3408 655 3462 hac
673 3409 708 3463 de
726 3426 756 3463 re
774 3409 932 3464 Cornelium
959 3407 1138 3460 oscitationes
1157 3414 1206 3460 aut
1226 3407 1369 3468 sanitates,
1384 3410 1504 3477 propter
1523 3407 1601 3474 quod
1616 3405 1736 3476 Apocal.
1751 3406 1794 3462 13.

95 3493 262 3549 iansenium
292 3508 358 3546 suae
389 3492 544 3564 religionis,
574 3511 629 3549 non
658 3503 750 3550 tamen
780 3495 932 3551 Jesuiticae
960 3494 1066 3547 dicitur
1090 3494 1223 3558 facturus
1252 3493 1390 3546 miracula
1418 3494 1447 3546 in
1472 3500 1620 3563 conspectu
1645 3484 1794 3558 bominum,

96 3577 275 3649 professionis
301 3577 439 3633 homiuem
462 3579 491 3632 ia
516 3587 659 3634 comment
684 3582 812 3635 concord.
832 3599 930 3654 evang.
959 3578 992 3631 id
1009 3587 1049 3632 est
1064 3580 1234 3648 apparentia
1249 3586 1274 3631 et
1287 3579 1794 3647 deludentiaconspectumtominum,

95 3683 119 3720 c.
142 3662 346 3720 1191119111
367 3664 449 3727 Quod
462 3665 632 3718 Antichristi
647 3667 731 3736 sipno
748 3677 773 3721 et
791 3669 933 3722 miracala
958 3684 1014 3718 non
1033 3660 1129 3718 solida
1149 3673 1175 3718 et
1192 3681 1273 3729 uera,
1297 3672 1328 3717 ut
1344 3664 1448 3718 Aretas
1467 3665 1497 3717 in
1517 3681 1578 3718 eum
1596 3667 1688 3720 locum
1706 3677 1793 3719 anno-

95 3751 231 3803 dicsmtur
248 3750 410 3817 mendacia,
433 3768 488 3803 non
505 3751 547 3804 sic
568 3751 764 3821 accipiendum
781 3761 835 3821 est,
852 3757 935 3823 qrrasi
958 3751 1034 3805 tavit.
1064 3750 1101 3805 Et
1118 3757 1215 3821 postea
1234 3746 1261 3826 ξ.
1280 3750 1430 3820 Exempla:
1448 3750 1638 3805 Antichristus
1651 3755 1748 3821 stupet
1763 3768 1793 3804 sc

96 3837 192 3890 omnia
225 3836 279 3889 illa
304 3836 389 3903 sipna
417 3836 474 3888 sint
502 3835 655 3902 efficienda
678 3855 734 3907 per
757 3855 884 3891 sensuum
908 3848 933 3893 st
958 3837 1032 3890 mori
1052 3845 1079 3890 et
1105 3853 1261 3907 reusrpers.
1282 3852 1285 3855 ⁴
1304 3836 1383 3891 ldem
1407 3834 1456 3894 lib.
1481 3843 1505 3891 4.
1531 3835 1566 3892 (19
1590 3835 1686 3892 eccles.
1706 3835 1729 3891 c.
1752 3843 1792 3892 14.

91 3921 302 3994 phantasmatis
321 3921 556 3990 ludificationem,
580 3931 611 3976 ut
631 3924 710 3991 quod
726 3942 780 3978 non
801 3925 851 3993 sit,
875 3940 932 3978 osse
958 3939 1028 3992 resp.
1052 3920 1089 3976 ad
1113 3927 1136 3977 4.
1157 3928 1235 3978 recte*
1252 3920 1387 3993 disputat,
1416 3938 1525 3976 coccum
1545 3931 1570 3976 et
1589 3923 1723 3977 claudum
1742 3922 1793 3976 loc

94 4017 191 4061 tamen
220 4009 363 4069 uideatur,
395 4008 533 4076 quaedam
562 4008 634 4061 enim
661 4025 725 4062 vers
751 4003 857 4078 efficiet
877 4029 933 4079 per
957 4011 1041 4062 morlo
1064 4027 1083 4061 9
1112 4009 1286 4080 Vespasiano
1311 4016 1454 4079 curatum,
1482 4009 1560 4078 quod
1578 4007 1709 4063 diabolus
1727 4009 1794 4062 insi·

95 4095 319 4163 conjunctionem
337 4094 473 4148 occultam
491 4110 641 4146 causarum
659 4095 846 4163 naturalium,
865 4111 931 4164 quo
958 4096 1027 4147 dens
1052 4094 1082 4147 in
1107 4095 1188 4147 oculo
1216 4095 1314 4159 unius,
1339 4095 1370 4148 in
1395 4090 1512 4147 alterius
1532 4108 1598 4159 uero
1620 4093 1690 4147 tibia
1715 4111 1794 4146 usam

94 4181 180 4234 modo
205 4181 297 4248 ipnem
319 4197 382 4233 cere
405 4187 499 4247 potest
524 4196 538 4232 9
560 4179 637 4232 99919
660 4181 799 4233 deducere
824 4189 849 4235 et
870 4182 930 4235 alia
958 4181 1074 4235 istorum
1098 4180 1283 4233 membrorum
1308 4180 1484 4248 impedierit,
1510 4180 1595 4248 idque
1618 4195 1649 4233 so
1666 4180 1740 4249 fine,
1763 4186 1794 4232 ut

94 4265 186 4318 multa
203 4267 302 4329 forme
319 4264 478 4327 mirabilia,
496 4281 568 4333 quae
587 4273 680 4318 tamen
699 4267 831 4319 dicuntur
848 4268 931 4335 sipna
957 4267 1099 4320 uideretur
1127 4282 1244 4328 sanare,
1268 4281 1329 4318 91911
1348 4265 1488 4319 &sineret
1502 4281 1610 4319 nocere.
1646 4264 1710 4320 Jam
1728 4251 1793 4319 vero

94 4350 255 4419 1991199919,
274 4352 332 4404 siue
350 4351 417 4418 quia
433 4351 475 4402 ad
487 4350 665 4403 merrdacium
673 4352 848 4421 pertrabunt,
864 4355 930 4407 cium
959 4356 1070 4406 externo
1094 4351 1197 4405 intuitu
1221 4349 1346 4422 dignosci
1364 4345 1397 4405 ac
1418 4349 1552 4423 distingui
1571 4349 1680 4422 nequit,
1705 4366 1741 4404 aa
1760 4350 1792 4403 il-

93 4436 248 4489 eraduntar
267 4437 339 4503 fieri
363 4435 463 4489 uirtute
489 4437 600 4504 diuina,
632 4437 689 4489 siue
713 4438 780 4505 quia
804 4440 930 4507 quamvis
956 4437 1100 4492 luminatio
1127 4438 1216 4504 caeci,
1243 4436 1350 4492 sanatio
1379 4435 1473 4493 claudi
1497 4444 1526 4492 91
1544 4437 1673 4493 excitatio
1692 4435 1792 4490 mortui

92 4523 150 4576 sint
161 4538 244 4576 uerae
258 4538 312 4587 res,
327 4539 382 4575 non
396 4530 485 4575 tamen
499 4524 929 4594 suntuerasipnaetmiracula,
956 4524 993 4577 sit
1019 4541 1095 4591 vere,
1126 4539 1162 4577 an
1185 4521 1284 4577 saltem
1309 4536 1462 4594 apparens;
1493 4540 1530 4578 an
1548 4523 1623 4577 tacta
1642 4522 1680 4576 sit
1698 4521 1793 4576 divina

93 4611 162 4679 quia
179 4609 213 4662 id
230 4611 340 4664 demum
356 4625 419 4663 nere
439 4616 466 4663 et
479 4610 598 4679 proprie
609 4609 776 4664 miraculum
792 4618 839 4676 est,
854 4611 931 4680 quod
957 4610 1067 4679 virtute,
1087 4626 1123 4663 an
1143 4624 1207 4664 vero
1228 4600 1375 4664 daemonis
1388 4608 1523 4664 illusione.
1562 4607 1698 4665 Diabolus
1718 4607 1790 4663 enim

87 4697 125 4764 fit
150 4711 238 4763 supra
264 4704 395 4749 naturam
424 4702 449 4748 et
474 4695 575 4748 uirtute
598 4697 825 4763 supernaturali,
856 4713 928 4765 quae
955 4697 1140 4765 transfipurat
1164 4711 1193 4748 ss
1217 4695 1248 4748 in
1269 4695 1400 4764 anpslum
1418 4694 1490 4748 lucis
1509 4699 1532 4749 2.
1552 4693 1613 4749 Cor.
1636 4699 1681 4762 11,
1705 4711 1731 4746 v.
1753 4697 1791 4749 13.

93 4782 151 4835 soli
172 4783 236 4834 Deo
255 4781 394 4849 conspetit.
421 4780 526 4834 Audiat
540 4780 683 4836 Pererium
701 4798 768 4836 suae
787 4782 929 4854 religionis
956 4783 1029 4839 unde
1044 4782 1103 4852 ipse
1120 4778 1306 4835 Bellarminus
1327 4776 1401 4836 dicto
1419 4780 1479 4835 loco
1497 4778 1525 4852 ξ.
1544 4780 1596 4835 Est
1614 4786 1723 4848 9919111,
1749 4779 1788 4832 di-

91 4872 123 4921 et
140 4865 328 4936 professionis,
346 4866 397 4920 hoc
416 4872 458 4920 est
469 4864 621 4920 Jesuiticae
637 4866 779 4921 societatis
790 4867 929 4922 homiuem
955 4873 1028 4923 serta
1047 4865 1156 4923 scribit:
1174 4868 1240 4921 Non
1257 4874 1365 4921 annuat
1384 4866 1463 4920 nohis
1481 4867 1659 4932 certitudine,
1676 4867 1723 4919 cui
1735 4881 1791 4918 non

92 4958 240 5006 comment.
260 4951 289 5005 in
305 4950 415 5007 Daniel.
433 4951 495 5006 libr.
516 4958 546 5007 4:
567 4953 635 5005 Duo
649 4960 713 5006 sunt
725 4953 928 5008 miraculorum
952 4954 1043 5024 possit
1065 4954 1177 5007 subesse
1197 4952 1328 5021 falsum,
1360 4952 1442 5006 illam
1466 4970 1522 5007 non
1547 4941 1605 5006 esss's
1632 4948 1791 5004 illusionem

90 5056 211 5106 ponera,
238 5038 377 5106 pimeniam
397 5037 562 5106 hujusmodi
578 5046 608 5090 ut
626 5056 682 5091 non
700 5037 758 5092 nisi
769 5056 825 5108 per
843 5039 929 5094 orani·
956 5039 1109 5109 daem0nis,
1127 5040 1245 5092 1199111911
1265 5039 1336 5091 enim
1357 5039 1409 5090 etsi
1427 5055 1482 5110 non
1501 5045 1595 5106 potest
1612 5037 1711 5101 facere
1725 5050 1791 5088 vera

88 5123 246 5193 potentiam
274 5122 334 5175 Dei
353 5123 440 5191 fiant,
465 5124 629 5192 hujusmodi
652 5143 708 5178 non
733 5124 823 5188 saciet
846 5125 927 5178 Anti·
954 5125 1109 5195 miracala,
1140 5131 1232 5178 tamen
1258 5131 1351 5194 potest
1377 5124 1477 5186 facere
1505 5130 1676 5192 apparenter
1706 5121 1791 5175 stiam

90 5210 229 5278 cirinum
255 5208 318 5262 alia
341 5224 413 5276 quae
425 5209 495 5276 fieri
506 5208 618 5276 possint
630 5211 759 5279 potentia
778 5227 928 5263 causarum
954 5213 1076 5266 1119911119
1102 5227 1236 5280 quaeque.
1291 5214 1315 5263 2.
1343 5208 1385 5263 De
1412 5208 1552 5263 miraculis
1580 5207 1789 5262 Donatistarum

89 5293 279 5361 naturalium,
308 5301 442 5362 operante
467 5295 617 5360 daemone,
645 5296 802 5349 hominibus
822 5297 929 5366 innota,
953 5297 1115 5370 respondet,
1136 5312 1171 5350 sa
1189 5313 1245 5348 non
1255 5295 1355 5363 fuisse
1374 5296 1460 5364 talia,
1480 5294 1580 5363 qualia
1598 5302 1789 5365 9991199919-

89 5398 163 5451 quae
181 5382 264 5433 moola
281 5378 420 5433 invisibili
435 5379 639 5434 adhibebuntur
652 5388 677 5434 et
690 5382 774 5449 quasi
785 5381 927 5435 miracula
953 5403 1031 5452 rum,
1058 5384 1111 5436 sed
1131 5382 1256 5436 occultas
1275 5383 1414 5450 9991119111
1432 5378 1691 5450 9911919999,
1718 5374 1791 5450 quai

89 5466 332 5522 esistimahuntur.
370 5467 450 5520 Haec
474 5467 557 5535 sipna
578 5483 646 5520 vera
669 5475 748 5536 sunt,
773 5469 845 5522 siem
872 5466 926 5523 illa
952 5469 1098 5526 1111911119
1122 5476 1191 5524 teste
1215 5458 1543 5536 19991911191191119
1577 5465 1667 5522 Addit
1683 5461 1788 5522 Bellar-
