4004 6022
786 349 836 404 DE
854 348 1045 406 accusem.
1697 364 1754 419 501

60 502 233 574 grinationes
258 502 293 555 ad
313 509 409 557 sancta
430 504 492 558 loca
509 502 713 573 suscipiendas,
740 504 894 557 fraternita·
922 519 1021 557 nomem
1042 506 1303 560 Thaimudistarum
1322 508 1439 575 somnia,
1458 507 1532 578 quod
1552 508 1650 578 repetit
1669 507 1757 566 11112.

61 594 104 642 tes
137 587 327 653 monachales,
357 589 455 643 missas
482 588 626 655 funebres,
661 590 771 660 vigilias
805 606 895 644 emen·
922 588 957 642 de
975 590 1060 644 verbo
1078 591 1130 645 Dei
1148 609 1170 645 c.
1195 597 1215 646 l.
1255 592 1301 646 Sic
1322 592 1422 646 librum
1440 593 1550 646 Barnch
1573 601 1650 647 extra
1675 610 1757 648 sano-

61 675 113 727 das
138 681 190 730 etc.
216 675 334 760 legenda
356 681 514 730 sanctonum
538 683 565 731 et
582 675 699 731 conficta
716 676 849 730 miracula
866 676 895 728 in
922 692 985 728 nem
1007 692 1068 730 essa
1091 678 1218 747 agnoscit
1242 679 1363 734 Johann.
1388 679 1493 733 Driedo
1518 677 1565 735 lib.
1593 687 1611 733 l.
1636 681 1756 750 catalog.

61 760 242 815 concionibus
270 762 436 818 extulerunt.
484 762 589 826 Quarta
616 769 658 816 est
684 761 824 832 theologia
852 763 894 813 is·
922 760 1016 829 script.
1035 778 1059 818 1.
1078 769 1101 818 4.
1122 764 1158 817 ad
1178 763 1306 817 dilticult.
1330 771 1368 819 11.
1388 770 1417 817 et
1437 763 1530 818 Canus
1550 764 1598 820 lib.
1615 771 1653 820 12.
1674 765 1757 820 locor.

60 846 235 902 terimiatico.
270 846 340 900 Cum
366 847 439 901 enim
461 864 511 916 per
535 847 624 902 lucem
644 847 782 918 evangelii
800 847 894 916 palpa·
923 847 1083 916 abdicit,
1105 868 1161 903 uon
1180 853 1253 905 asico
1272 852 1416 919 erplorate
1436 859 1460 903 et
1478 852 1596 917 firmiter
1615 853 1645 903 ia
1663 869 1758 906 socro-

60 932 132 986 biles
153 932 193 985 illi
213 948 317 988 errores
337 933 591 1001 manifestarentur,
618 933 767 1002 Papicolae
792 932 895 986 cairtio·
922 951 985 984 rrrm
1008 951 1122 988 samem
1147 937 1181 988 ab
1202 937 1320 989 ccclesia
1342 937 1422 989 iilum
1442 953 1499 990 esse
1516 938 1684 1006 repositum
1709 936 1758 991 sed

59 1034 105 1073 111
124 1017 183 1073 lieri
202 1024 354 1087 coeperunt
373 1025 401 1072 et
419 1020 552 1073 crassiora
568 1018 617 1072 illa
636 1019 768 1089 dogmata
784 1018 828 1072 rel
848 1014 894 1069 ab·
924 1018 1108 1074 bellarminus
1134 1022 1181 1076 lib.
1212 1028 1231 1076 1.
1259 1022 1295 1077 de
1320 1021 1404 1076 verbo
1430 1022 1483 1077 Dei
1508 1039 1531 1077 c.
1555 1029 1579 1078 8.
1605 1023 1758 1088 contendit,

56 1107 187 1174 jecerunt
212 1105 256 1158 vel
287 1104 452 1174 palliarent,
481 1106 556 1159 unde
589 1105 699 1159 libellus
733 1107 895 1173 Metaxycns
923 1122 982 1158 esse
1007 1108 1178 1164 canonicum.
1215 1111 1443 1178 supplementum
1466 1110 1567 1164 Esther
1592 1108 1685 1165 Sixtus
1711 1110 1758 1164 Se·

59 1191 195 1254 admittit,
221 1206 271 1244 nos
293 1190 441 1260 justificari
467 1191 522 1246 fide
547 1191 575 1244 in
595 1190 749 1254 Christum,
780 1191 828 1244 sed
846 1206 895 1259 per
922 1192 1015 1245 nensis
1039 1193 1088 1250 lib.
1117 1201 1137 1250 1.
1163 1195 1289 1250 biblioth.
1313 1201 1422 1250 11113.
1447 1200 1558 1249 secutus
1584 1195 1759 1265 Lyrsnnme

59 1277 204 1331 1111111111
223 1276 355 1339 111111111ς
376 1277 512 1341 concedit,
530 1294 579 1347 per
596 1277 685 1331 solum
696 1276 798 1331 Christi
816 1277 894 1331 meri·
921 1292 1028 1332 canone
1054 1280 1160 1348 rejicit,
1191 1283 1239 1335 sed
1270 1282 1368 1353 reliqui
1396 1281 1537 1336 Pontificii
1565 1282 1758 1336 auctoritatem

59 1369 118 1416 tum
140 1380 190 1416 nos
209 1362 326 1428 salvari,
346 1365 395 1418 sed
415 1364 508 1433 addit,
527 1364 600 1418 bona
619 1380 705 1432 opera
721 1363 757 1416 ad
776 1364 894 1417 salutem
922 1365 1082 1418 canonicam
1108 1366 1148 1420 illi
1171 1366 1307 1421 tribuunt.
1344 1368 1515 1438 Apocrypha
1537 1369 1631 1437 capita
1656 1367 1758 1422 Danie-

60 1467 121 1504 esse
141 1448 312 1517 necessaria,
340 1449 481 1511 concedit,
508 1450 619 1503 missam
642 1466 698 1502 non
716 1465 776 1503 esse
793 1448 894 1502 sacrifl-
921 1448 970 1516 lis,
991 1450 1120 1507 videlicet
1137 1452 1280 1507 historiam
1299 1454 1459 1522 susannae,
1479 1453 1553 1507 Bolis
1575 1458 1604 1507 et
1622 1453 1757 1508 Dracoms

59 1535 134 1588 cium
152 1535 386 1604 propitiatorium,
412 1523 460 1589 s'ed
480 1537 571 1602 addit,
597 1553 656 1590 esse
674 1536 893 1605 applicatorium,
922 1535 1123 1607 Hieronymum
1151 1540 1239 1592 secuti
1265 1539 1414 1609 repudiant
1437 1539 1500 1595 doh.
1530 1538 1634 1593 Driedo
1658 1538 1705 1593 lib.
1734 1545 1756 1596 l·

60 1638 112 1692 per
141 1621 215 1691 qnod
246 1621 373 1674 meritum
401 1621 504 1675 Christi
531 1622 697 1691 jamdudum
727 1621 893 1691 acquisitum
922 1622 1004 1676 catal.
1024 1624 1116 1693 script.
1138 1641 1162 1680 c.
1180 1625 1231 1678 ult.
1262 1624 1757 1696 1111101111111111111.1111131111.

59 1707 142 1761 nobis
171 1707 335 1776 applicetur.
379 1708 483 1770 Quinta
515 1714 557 1761 est
586 1708 726 1778 theologia
754 1709 895 1760 Jemiticn
922 1706 958 1759 de
976 1707 1027 1762 civ.
1048 1708 1100 1763 Dei
1120 1727 1144 1762 c.
1166 1716 1206 1765 31.
1247 1710 1340 1765 Sixtus
1358 1711 1488 1767 Senensis
1506 1711 1554 1768 lib.
1579 1718 1599 1767 l.
1631 1712 1757 1766 biblioth.

10 1804 46 1846 ro.
59 1795 214 1861 hodierna,
244 1809 315 1863 quae
340 1793 517 1849 Scholasticis
538 1799 567 1848 et
583 1794 732 1864 superioris
752 1794 812 1848 aeri
831 1794 895 1848 scri·
923 1801 988 1847 sect.
1008 1799 1032 1848 8.
1059 1796 1108 1848 sed
1138 1796 1237 1867 reliqui
1261 1796 1401 1851 Pontificii
1425 1815 1475 1867 pro
1496 1798 1635 1852 canonicis
1661 1814 1695 1852 sa
1713 1816 1758 1853 ac·

59 1880 188 1950 ptoribns
206 1878 360 1934 Pontificiis
378 1880 407 1934 in
424 1881 517 1933 multis
536 1880 713 1947 contradicit,
733 1897 785 1935 neo
801 1887 896 1934 tamen
923 1884 1044 1949 captant.
1069 1881 1206 1935 -Tertium
1233 1889 1260 1936 et
1287 1890 1416 1953 quartum
1441 1884 1671 1940 Maccahaeorum
1698 1901 1759 1939 esse

60 1966 115 2019 sibi
136 1965 187 2035 ipsi
207 1972 315 2019 constat
335 1965 364 2017 in
384 1966 510 2020 omnibus
529 1966 594 2021 fidei
613 1966 743 2020 articulis.
784 1966 897 2021 Summa
924 1970 1002 2019 extra
1024 1982 1158 2020 canonem
1177 1974 1333 2038 agnoscunt
1353 1968 1491 2023 Pontificii
1511 1969 1637 2040 plerique
1654 1986 1759 2040 omnes,

60 2055 122 2122 ejus
142 2051 230 2106 estin
249 2052 375 2105 doctrina
394 2052 429 2105 de
452 2051 665 2119 justificatione,
691 2052 765 2122 quod
787 2053 897 2120 justitia
924 2051 972 2104 sed
993 2051 1039 2107 Fr.
1060 2051 1212 2106 Γ1111111111
1231 2070 1281 2122 pro
1301 2054 1454 2108 canonibus
1471 2056 1659 2125 apostolorum
1672 2054 1720 2111 lib.
1738 2063 1758 2111 l.

60 2138 211 2192 habitualis
233 2153 325 2192 coram
350 2137 410 2190 Deo
431 2136 524 2192 valens
549 2137 676 2191 consistit
691 2138 719 2190 in
739 2137 836 2191 habitu
856 2144 895 2190 in-
924 2153 948 2192 c.
976 2142 1014 2191 11.
1038 2137 1215 2191 vehementer
1238 2140 1351 2206 suadet,
1381 2142 1493 2192 tertium
1521 2143 1759 2195 Maccahaeorum

58 2224 137 2289 fuso,
155 2224 266 2294 justitia
282 2241 347 2278 vero
366 2223 484 2277 actualis
503 2226 532 2277 in
550 2224 655 2277 meritis
675 2240 798 2293 operum.
923 2224 952 2275 ia
971 2240 1103 2278 canonem
1120 2225 1218 2293 recipi.
1255 2225 1327 2288 Quin
1346 2227 1400 2280 imo
1419 2227 1604 2281 Bellarminus
1626 2227 1687 2297 ipsa
1705 2226 1759 2280 sibi

11 2348 21 2356 -
98 2317 156 2366 211.
193 2309 332 2380 speciales
358 2309 565 2364 Pontificiorum
594 2315 622 2365 et
644 2311 815 2366 Jesnitarum
842 2311 896 2364 dis·
922 2309 950 2363 iu
974 2310 1135 2379 quaestione
1161 2312 1197 2366 de
1225 2311 1302 2365 libris
1326 2313 1466 2366 canonicis
1489 2313 1524 2368 V.
1548 2313 1581 2367 T.
1609 2313 1757 2366 fortissime

59 2398 202 2451 sensiones
218 2396 341 2450 revocari
360 2403 477 2466 possunt
495 2398 530 2450 ad
550 2397 619 2450 haec
633 2396 688 2449 duo
702 2396 803 2466 capita,
822 2397 896 2466 quod
922 2395 1099 2459 contradicit,
1132 2396 1236 2449 fatetur
1255 2397 1328 2451 enim
1349 2397 1396 2453 lib.
1418 2404 1440 2452 1.
1460 2398 1495 2452 de
1515 2398 1599 2452 verbo
1618 2398 1671 2452 Dei
1689 2415 1712 2454 c.
1733 2405 1755 2453 1.

59 2484 198 2554 quaedam
211 2491 380 2537 concemant
395 2485 542 2553 rsiipr'onis
556 2483 739 2552 principium,
759 2483 895 2552 quaedam
923 2483 1049 2534 Esdram
1066 2484 1239 2536 constituisse
1259 2501 1392 2537 canonem
1414 2486 1585 2551 Hebraeum,
1606 2502 1688 2555 quem
1706 2485 1755 2543 lib.

58 2587 125 2624 vero
156 2570 293 2623 articulos
317 2572 387 2632 fidei
412 2572 538 2638 reliquos
561 2588 594 2625 ex
617 2570 753 2640 principio
776 2569 824 2622 illo
850 2570 895 2623 de·
922 2573 945 2622 2.
968 2569 1003 2621 de
1022 2568 1107 2622 verbo
1133 2568 1186 2623 Dei
1210 2587 1234 2624 c.
1258 2575 1283 2624 1.
1307 2578 1470 2624 annumerat
1492 2571 1649 2638 Prophetis.
1690 2571 1756 2634 Qui-

59 2656 168 2710 ductos.
205 2655 374 2725 Principium
397 2656 555 2727 theologiae
579 2656 691 2708 unicum
715 2660 758 2709 est
780 2654 894 2708 verbum
921 2669 1030 2723 cunque
1053 2653 1139 2724 igitur
1163 2655 1214 2708 sub
1240 2655 1423 2710 anathematis
1440 2655 1555 2710 fulmine
1573 2672 1623 2726 pro
1643 2656 1753 2711 canoni·

59 2742 114 2795 Dei
141 2743 171 2795 in
195 2742 334 2796 canonicis
353 2741 463 2796 Veteris
485 2746 514 2795 et
537 2741 608 2796 Novi
626 2741 798 2796 Testamenti
818 2740 894 2794 libris
921 2739 961 2793 cis
979 2739 1055 2793 libris
1081 2740 1177 2795 haberi
1192 2741 1293 2811 jubent
1311 2742 1372 2795 illos
1389 2741 1488 2811 libros,
1515 2759 1585 2812 quos
1604 2741 1707 2795 Esdras
1725 2741 1753 2796 in

59 2827 241 2898 propositum.
283 2828 337 2881 Sed
367 2827 480 2898 quinam
508 2828 564 2880 sint
588 2827 651 2880 libri
674 2843 738 2882 vers
760 2827 894 2895 canonici,
921 2841 1054 2879 canonem
1087 2844 1141 2881 non
1171 2814 1305 2897 recepit,⁸
1318 2827 1358 2880 illi
1387 2827 1564 2898 propheticae
1594 2826 1753 2882 auctoritati

58 2914 182 2967 nondum
207 2913 335 2967 convenit
357 2913 428 2967 inter
450 2912 619 2968 Pontificius.
656 2912 810 2967 Concilium
834 2913 894 2966 ‘lhi-
921 2912 1122 2968 contradicunt.
1160 2912 1259 2967 Patres
1283 2913 1394 2969 concilii
1416 2913 1574 2967 Tridentini
1598 2919 1626 2967 et
1650 2913 1756 2967 Bellar-

59 2999 204 3052 dentinum
227 3006 337 3055 11114.
363 2999 441 3052 libris
459 2998 599 3053 canonicis
617 2998 748 3069 adjungit
769 3000 894 3063 Tobiam,
921 2999 1011 3052 minus
1035 2998 1087 3052 hoc
1109 2997 1225 3054 faciunt.
1264 2999 1348 3071 Ergo.
1386 2999 1432 3053 Ad
1463 3005 1568 3055 textum
1598 2999 1757 3054 Hebraeum

58 3087 177 3154 Jurlitb,
205 3086 392 3154 Sapientiam,
417 3085 660 3152 Ecclesiasticum,
687 3086 894 3138 (1101111111-
920 3085 949 3138 in
967 3085 1002 3141 V.
1028 3092 1056 3140 11
1081 3085 1117 3139 ad
1145 3090 1251 3139 textum
1279 3084 1416 3140 Graecum
1443 3085 1471 3139 in
1496 3087 1530 3141 N.
1547 3086 1580 3140 T.
1605 3085 1758 3155 avulgata

59 3174 199 3227 besorum.
238 3172 291 3226 Sed
319 3170 469 3239 Cajetanus
490 3171 637 3224 cardinalis
658 3171 894 3241 Hieronymume
920 3171 1046 3225 versione
1067 3171 1169 3225 Latina
1188 3173 1331 3241 provocari
1358 3187 1438 3240 posse
1458 3177 1562 3243 negant
1579 3176 1672 3241 patres
1691 3186 1756 3225 con·

58 3274 165 3312 11110111
189 3258 251 3311 11111
266 3257 458 3311 excludentem
479 3255 618 3327 seqnitur,
653 3256 794 3326 Benedict.
813 3257 894 3311 Arias
920 3256 976 3310 cilii
1003 3257 1173 3324 Tridentini,
1202 3275 1271 3328 quos
1297 3263 1451 3327 sequuntur
1475 3257 1608 3312 Jesuitae.
1645 3256 1701 3311 Sed
1726 3255 1754 3309 in

58 3344 223 3407 Montanus,
242 3358 324 3413 quem
342 3359 416 3412 papa
436 3341 588 3413 Gregorius
606 3341 688 3396 XIII.
707 3342 795 3396 filium
814 3360 893 3397 suum
917 3344 981 3412 jure
1011 3343 1144 3397 canonico
1176 3359 1236 3413 cap.
1271 3349 1302 3396 ut
1332 3348 1455 3397 veterum
1488 3343 1551 3397 dist.
1576 3349 1599 3398 9.
1627 3358 1755 3412 expressa

57 3430 191 3500 appellat,
212 3429 240 3482 in
257 3428 357 3482 Bibliis
376 3427 522 3482 Hebraicis
541 3445 604 3481 cum
623 3428 790 3483 interlineari
810 3429 893 3482 inter·
920 3428 989 3481 illud
1008 3428 1184 3498 praecipitur.
1221 3429 1255 3482 Id
1274 3429 1364 3498 ipsum
1384 3429 1478 3483 multis
1498 3428 1668 3499 argumentis
1683 3443 1755 3482 com·

57 3517 213 3588 pretatione
238 3515 346 3570 excusis
368 3522 395 3568 et
415 3531 432 3568 a
452 3515 588 3585 theologis
608 3514 827 3569 lovaniensibus
845 3533 893 3585 ap·
921 3514 1040 3583 probant
1067 3515 1171 3568 Ludos.
1196 3515 1281 3569 Vives
1307 3515 1335 3568 111
1360 3514 1407 3568 111).
1431 3521 1469 3569 ll.
1498 3515 1616 3584 August.
1643 3513 1679 3568 de
1704 3512 1754 3568 civ.

56 3602 182 3673 probatis
209 3602 244 3655 de
271 3601 327 3653 illis
355 3601 394 3654 sic
421 3601 548 3670 judicat:
581 3601 708 3656 Ecclesia
736 3603 892 3655 orthodoxas
922 3601 1060 3655 111118.
1088 3601 1116 3653 in
1136 3600 1183 3656 lib.
1208 3608 1289 3654 111.
1311 3606 1350 3655 13.
1388 3600 1556 3655 Benedictus
1575 3600 1658 3654 Arias
1676 3599 1753 3654 Mon·

60 3690 219 3742 Hebraeum
249 3705 382 3740 sennonem
412 3697 507 3741 secuto
540 3690 613 3741 iuter
642 3690 818 3757 apocryphos
850 3706 892 3741 re·
919 3694 1000 3740 tanus
1024 3704 1095 3739 unus
1115 3703 1148 3740 ex
1167 3686 1291 3755 patribus
1316 3686 1425 3741 concilii
1442 3685 1597 3740 Γ1111111111ιί
1617 3686 1646 3740 11
1664 3684 1752 3755 praef.
1768 3695 1816 3736 xn.
1829 3694 1862 3736 tl.

57 3785 157 3830 censet.
191 3776 269 3829 Idem
289 3780 415 3828 statuunt
432 3775 589 3828 Antoninus
609 3775 770 3844 archiepisc.
783 3781 852 3844 part.
867 3780 890 3829 3.
919 3789 1001 3841 super
1021 3789 1091 3841 opus
1111 3771 1263 3839 Biblicum,
1286 3771 1418 3826 Erasmus
1435 3788 1452 3825 a
1468 3772 1562 3826 Leone
1577 3772 1615 3828 X.
1634 3772 1752 3827 dilectus

56 3863 98 3916 tit
120 3868 157 3917 111.
177 3878 199 3914 c.
221 3869 244 3916 5.
277 3860 428 3931 Dionysius
447 3861 574 3915 Carthus.
593 3862 620 3914 in
640 3879 737 3917 comm.
749 3862 778 3915 in
792 3862 893 3916 Genea.
918 3857 992 3911 iilius
1017 3858 1175 3928 appellatus
1192 3858 1220 3910 in
1237 3858 1364 3912 versione
1384 3865 1412 3912 et
1430 3863 1523 3912 annot.
1543 3857 1577 3912 N.
1596 3857 1628 3914 T.
1648 3858 1753 3912 Maldo·

56 3949 159 4003 Fraus.
178 3947 262 4001 Picus
287 3948 322 4002 de
345 3947 402 4000 fide
428 3955 456 4002 et
480 3948 578 4001 ordine
602 3947 733 4001 credendi
756 3946 843 4003 theos.
865 3955 889 4004 5.
919 3950 1002 3997 natus
1015 3944 1042 3996 in
1054 3949 1198 3998 comment.
1211 3944 1247 3997 ad
1259 3960 1283 3997 c.
1297 3949 1320 3999 8.
1335 3943 1447 3997 Matth:
1464 3945 1610 4009 Existimo,
1621 3945 1754 3997 Lamnum

56 4036 189 4088 Erasmus
209 4033 237 4086 in
257 4034 347 4104 symb.
365 4034 469 4088 catech.
490 4040 513 4087 4.
533 4050 559 4101 ρ.
581 4037 706 4087 151111.
725 4033 892 4089 undePere·
919 4037 1042 4082 nostram
1060 4031 1203 4100 urrlpatam
1223 4046 1281 4083 esse
1301 4032 1330 4082 in
1350 4031 1400 4082 boc
1419 4030 1480 4083 loco
1501 4046 1533 4080 er
1553 4028 1752 4083 0111111111-

54 4122 114 4175 rins
134 4121 250 4190 praefat.
269 4121 297 4173 in
319 4120 366 4173 lib.
392 4119 641 4174 lineamentis
659 4118 767 4173 Daniel.
788 4139 814 4190 p.
832 4126 891 4175 742.
918 4119 1073 4184 ripuariam.
1111 4117 1210 4170 Franc.
1237 4115 1328 4170 Lucas
1354 4115 1470 4185 praefat.
1494 4121 1585 4168 annot.
1609 4114 1637 4168 in
1666 4114 1752 4169 Bible

55 4207 160 4261 diserte
177 4205 287 4265 scribit,
316 4206 417 4258 multos
437 4205 599 4258 Catholicae
618 4206 760 4258 uobiscum
779 4222 891 4258 censere
919 4203 1084 4256 Ridiculum
1111 4210 1152 4254 eat
1178 4204 1229 4257 boc
1253 4204 1430 4270 qaorrsndam
1452 4218 1632 4270 responsum,
1655 4201 1752 4269 vulpa-

54 4294 145 4346 libros
163 4293 231 4345 illos
249 4299 442 4344 controuersos
460 4291 644 4359 apocryphos.
679 4290 890 4345 8111181111-
918 4298 975 4342 tam
993 4291 1125 4342 Latinam
1143 4290 1330 4342 authenticam
1349 4305 1416 4356 esse,
1436 4305 1486 4341 nce
1499 4304 1557 4340 esse
1570 4303 1602 4339 aa
1615 4287 1752 4339 Hebraeis

55 4379 94 4433 sis
119 4378 167 4432 lib.
196 4383 216 4433 l.
244 4375 370 4431 biblioth.
397 4377 572 4446 Stapletonus
598 4375 645 4429 lib.
665 4383 690 4432 9.
715 4377 801 4446 princ.
826 4376 891 4431 fidei
918 4383 943 4428 rt
966 4374 1087 4428 Graecis
1109 4377 1314 4444 corripendum.
1356 4374 1459 4429 Fontes
1488 4373 1629 4428 Hebraeos
1655 4391 1752 4426 corrrc-

55 4466 143 4519 doctr.
171 4481 193 4517 a.
215 4469 239 4517 6.
263 4463 331 4516 alios
354 4463 388 4516 V.
406 4462 439 4518 T.
465 4463 548 4517 libros
571 4463 669 4516 dicunt
692 4465 891 4532 protocomiti·
913 4470 980 4530 ptos
1007 4478 1067 4516 esse
1098 4467 1224 4516 statuunt
1251 4460 1395 4515 Lindanus
1424 4460 1471 4515 lib.
1500 4467 1519 4515 l.
1543 4462 1578 4514 de
1603 4466 1660 4530 opt.
1687 4476 1751 4530 gen.

56 4569 117 4617 cos,
136 4550 205 4604 alios
225 4549 505 4615 deuterocauom'cos,
533 4549 629 4620 utique
653 4564 720 4619 ergo
738 4564 793 4602 non
811 4555 892 4603 amnt
917 4549 1031 4618 interpr.
1050 4566 1074 4603 1.
1095 4556 1119 4605 2.
1140 4550 1232 4604 Canus
1252 4549 1299 4603 lib.
1319 4555 1342 4605 t.
1362 4548 1446 4603 locor.
1467 4565 1490 4602 c.
1512 4554 1550 4603 13.
1577 4546 1752 4601 Contrarium

55 4653 152 4692 omnes
190 4636 313 4706 aequalis
350 4636 529 4690 auctoritatis.
585 4635 664 4704 Papa
696 4635 836 4689 Adrianus
868 4653 891 4689 c.
917 4637 1068 4689 ostendunt
1086 4636 1149 4692 Job.
1170 4635 1297 4699 isaacus,
1325 4635 1466 4690 Benedict.
1490 4634 1571 4689 Arias
1596 4633 1753 4701 Montanus,

56 4722 169 4778 Sextum
192 4721 254 4774 dist.
276 4727 315 4776 111,
342 4720 518 4774 canonizavit
541 4721 676 4790 synodum
700 4721 891 4776 Constantino·
918 4721 1078 4775 Andradius
1107 4729 1156 4776 etc.
1208 4721 1341 4791 Disputat
1370 4721 1554 4776 Bellarminus
1586 4727 1614 4773 st
1640 4719 1752 4789 quidem

55 4809 207 4880 politanam
233 4812 352 4876 sextam,
380 4807 429 4862 sed
460 4808 488 4862 in
512 4807 565 4861 hac
589 4808 695 4877 synodo
716 4808 893 4862 confirmatur
917 4814 991 4861 recte
1013 4807 1060 4861 lib.
1081 4813 1104 4862 3.
1125 4807 1160 4860 de
1178 4807 1263 4860 verbo
1282 4807 1335 4860 Dei
1353 4823 1376 4860 e.
1395 4813 1419 4862 3.
1446 4825 1479 4859 es
1502 4808 1563 4859 solo
1586 4823 1669 4858 sensa
1692 4805 1753 4858 lite·

55 4893 203 4950 concilium
224 4894 426 4960 Laodicenum,
450 4894 525 4965 quod
548 4894 631 4948 libros
656 4893 717 4946 illos
736 4911 768 4948 cx
787 4912 891 4950 canona
917 4895 977 4946 rabi
994 4894 1159 4962 Scripturas
1177 4910 1278 4946 sacrae
1294 4895 1355 4962 peti
1371 4910 1453 4962 posse
1472 4900 1638 4961 argumenta
1654 4892 1753 4954 effica-

55 4987 187 5037 removet.
223 4981 357 5034 Pistorius
386 4981 414 5034 in
434 4981 523 5050 prima
542 4980 646 5034 motiva
665 4981 818 5049 apostasiae
838 4981 891 5034 Ba·
918 4981 977 5048 cic,
1002 4997 1064 5032 cnm
1088 4988 1192 5032 certam
1211 4980 1262 5046 sit,
1288 4979 1369 5032 iilum
1387 4996 1512 5046 summ,
1539 4980 1588 5047 qui
1612 4994 1644 5030 ea
1661 4977 1753 5030 uerbis

55 5066 151 5122 densis
169 5084 233 5138 pag.
255 5072 297 5122 31.
318 5073 431 5120 accusat
449 5066 617 5132 Lutherum,
646 5068 724 5134 quod
748 5068 819 5119 circos
840 5085 891 5135 po·
918 5066 1078 5119 immediate
1103 5065 1261 5131 callipitur,
1290 5080 1348 5116 esse
1373 5081 1483 5117 sensam
1509 5064 1633 5133 Spiritus
1655 5062 1753 5117 sancti.

55 5154 187 5206 sterias-ss
213 5154 327 5205 Earlrae
352 5169 366 5204 e
394 5153 498 5206 Bibliis
519 5152 657 5205 evulserit.
694 5150 892 5206 Genebrardus
920 5152 974 5207 Sed
1001 5150 1150 5205 cardinalis
1177 5151 1302 5204 Cusanus
1331 5150 1411 5220 epist.
1438 5155 1460 5206 2.
1483 5156 1512 5204 et
1536 5156 1559 5204 3.
1581 5150 1615 5203 da
1633 5165 1753 5203 commu-

54 5240 85 5292 in
106 5237 227 5293 chronol.
251 5256 278 5307 p.
298 5244 340 5292 90.
367 5247 497 5307 qssartum
522 5239 624 5291 bibrum
653 5238 766 5291 Esdrae
785 5240 826 5289 ad
847 5255 892 5290 ca·
918 5239 1000 5292 nione
1018 5237 1070 5291 sub
1089 5253 1146 5291 una
1165 5237 1258 5307 specie
1276 5236 1312 5290 ad
1331 5237 1468 5291 Bohemos
1493 5236 1647 5304 contendit,
1678 5236 1753 5289 Scri·

55 5343 155 5378 nonem
178 5325 321 5394 pertinere
345 5325 501 5390 contendit3
527 5324 576 5378 sed
598 5322 781 5377 Bellarminus
799 5323 847 5382 lib.
870 5329 891 5377 l.
914 5332 1019 5393 pturas
1051 5340 1109 5375 csse
1136 5325 1177 5375 ori
1201 5332 1307 5391 tempas
1335 5325 1493 5391 adoptatas
1521 5330 1546 5375 et
1571 5322 1649 5375 varie
1673 5322 1754 5375 intel·

55 5412 92 5465 de
110 5411 195 5465 verbo
211 5410 264 5465 Dei
284 5428 306 5464 o.
328 5415 369 5466 20.
396 5418 422 5462 et
446 5410 557 5463 tertium
578 5417 604 5459 rt
627 5416 759 5476 essartum
779 5410 892 5464 Esdroe
919 5411 1022 5477 lectas,
1055 5415 1096 5460 rto
1127 5417 1157 5462 ut
1182 5427 1238 5461 uno
1268 5417 1389 5478 tempore
1419 5410 1571 5462 secuudum
1600 5415 1754 5462 canentem

54 5499 234 5568 apocryphos
253 5515 313 5551 esse
333 5497 471 5568 13111111,
498 5495 666 5567 quinetiam
685 5494 778 5563 addit,
806 5496 893 5549 coati-
919 5496 1105 5549 universalem
1123 5497 1209 5548 ritum
1226 5503 1436 5566 exponerentur,
1456 5503 1561 5549 mutato
1578 5497 1638 5549 ritu
1655 5496 1755 5550 mmm

54 5584 121 5639 seri
135 5583 166 5637 ia
184 5591 284 5654 qrrarto
305 5584 420 5638 Esdrae
440 5583 580 5651 maedam
597 5581 736 5648 fabricae
753 5597 787 5634 os
806 5581 892 5634 Rabi-
919 5583 1056 5635 smtmtia
1084 5588 1243 5635 mactaretur
1276 5598 1311 5634 ac
1342 5588 1450 5634 motato
1474 5581 1589 5651 judicio
1619 5581 1754 5637 aarum
