<?xml version="1.0" encoding="UTF-8"?>
<!DOCTYPE html PUBLIC "-//W3C//DTD XHTML 1.0 Transitional//EN"
    "http://www.w3.org/TR/xhtml1/DTD/xhtml1-transitional.dtd">
<html xmlns="http://www.w3.org/1999/xhtml" xml:lang="en" lang="en">
 <head>
  <title>
</title>
<meta http-equiv="Content-Type" content="text/html;charset=utf-8" />
  <meta name='ocr-system' content='tesseract 3.04.00' />
  <meta name='ocr-capabilities' content='ocr_page ocr_carea ocr_par ocr_line ocrx_word'/>
</head>
<body>
  <div class='ocr_page' id='page_1' title='image "./locitheologicit03gerhgoog_0031.png"; bbox 0 0 4004 6022; ppageno 0'>
   <div class='ocr_carea' id='block_1_1' title="bbox 277 226 1370 303">
    <p class='ocr_par' dir='ltr' id='par_1_1' title="bbox 277 226 1370 303">
     <span class='ocr_line' id='line_1_1' title="bbox 277 226 1370 303; baseline -0.016 0"><span class='ocrx_word' id='word_1_1' title='bbox 277 244 316 303; x_wconf 72' lang='lat' dir='ltr'>id</span> <span class='ocrx_word' id='word_1_2' title='bbox 870 226 1213 292; x_wconf 73' lang='lat' dir='ltr'>Locmvtcssnms</span> <span class='ocrx_word' id='word_1_3' title='bbox 1227 226 1370 287; x_wconf 74' lang='lat' dir='ltr'>PRIMUS</span> 
     </span>
    </p>
   </div>
   <div class='ocr_carea' id='block_1_2' title="bbox 174 380 2000 5317">
    <p class='ocr_par' dir='ltr' id='par_1_2' title="bbox 267 380 2000 3321">
     <span class='ocr_line' id='line_1_2' title="bbox 278 380 1969 462; baseline -0.008 -15"><span class='ocrx_word' id='word_1_4' title='bbox 278 389 363 462; x_wconf 90' lang='lat' dir='ltr'>paulo</span> <span class='ocrx_word' id='word_1_5' title='bbox 394 389 520 462; x_wconf 90' lang='lat' dir='ltr'>superius</span> <span class='ocrx_word' id='word_1_6' title='bbox 551 389 727 445; x_wconf 89' lang='lat' dir='ltr'>ostendimus.</span> <span class='ocrx_word' id='word_1_7' title='bbox 771 393 794 445; x_wconf 79' lang='grc'><strong>3.</strong></span> <span class='ocrx_word' id='word_1_8' title='bbox 817 387 924 445; x_wconf 89' lang='lat' dir='ltr'>Demus</span> <span class='ocrx_word' id='word_1_9' title='bbox 953 404 987 444; x_wconf 91' lang='lat' dir='ltr'>sx</span> <span class='ocrx_word' id='word_1_10' title='bbox 1015 387 1105 459; x_wconf 87' lang='lat' dir='ltr'>hypo·</span> <span class='ocrx_word' id='word_1_11' title='bbox 1166 393 1207 445; x_wconf 76' lang='lat'>28.</span> <span class='ocrx_word' id='word_1_12' title='bbox 1245 388 1271 440; x_wconf 78' lang='lat'>2.</span> <span class='ocrx_word' id='word_1_13' title='bbox 1300 387 1402 440; x_wconf 80' lang='lat' dir='ltr'>Patres</span> <span class='ocrx_word' id='word_1_14' title='bbox 1421 384 1497 438; x_wconf 79' lang='lat' dir='ltr'>otios</span> <span class='ocrx_word' id='word_1_15' title='bbox 1515 383 1599 453; x_wconf 67' lang='lat' dir='ltr'>boias</span> <span class='ocrx_word' id='word_1_16' title='bbox 1616 380 1760 437; x_wconf 75' lang='lat' dir='ltr'>mistionis</span> <span class='ocrx_word' id='word_1_17' title='bbox 1776 395 1880 435; x_wconf 70' lang='lat' dir='ltr'>emaus</span> <span class='ocrx_word' id='word_1_18' title='bbox 1898 381 1969 434; x_wconf 71' lang='lat' dir='ltr'>red:</span> 
     </span>
     <span class='ocr_line' id='line_1_3' title="bbox 277 451 2000 547; baseline -0.008 -15"><span class='ocrx_word' id='word_1_19' title='bbox 277 477 363 547; x_wconf 86' lang='lat' dir='ltr'>thesi,</span> <span class='ocrx_word' id='word_1_20' title='bbox 391 476 530 532; x_wconf 89' lang='lat' dir='ltr'>Christum</span> <span class='ocrx_word' id='word_1_21' title='bbox 559 491 733 531; x_wconf 87' lang='lat' dir='ltr'>consecrasse</span> <span class='ocrx_word' id='word_1_22' title='bbox 759 475 853 529; x_wconf 82' lang='lat' dir='ltr'>vinum</span> <span class='ocrx_word' id='word_1_23' title='bbox 881 491 955 546; x_wconf 87' lang='lat' dir='ltr'>aqua</span> <span class='ocrx_word' id='word_1_24' title='bbox 982 474 1105 538; x_wconf 77' lang='lat' dir='ltr'>mixtum</span> <span class='ocrx_word' id='word_1_25' title='bbox 1132 478 1215 543; x_wconf 79' lang='lat' dir='ltr'>duat,</span> <span class='ocrx_word' id='word_1_26' title='bbox 1239 491 1295 528; x_wconf 77' lang='lat' dir='ltr'>non</span> <span class='ocrx_word' id='word_1_27' title='bbox 1317 478 1410 525; x_wconf 69' lang='lat' dir='ltr'>sedem</span> <span class='ocrx_word' id='word_1_28' title='bbox 1431 470 1526 538; x_wconf 75' lang='lat' dir='ltr'>dium,</span> <span class='ocrx_word' id='word_1_29' title='bbox 1551 471 1629 538; x_wconf 83' lang='lat' dir='ltr'>quod</span> <span class='ocrx_word' id='word_1_30' title='bbox 1644 469 1676 522; x_wconf 76' lang='grc' dir='ltr'>ιι</span> <span class='ocrx_word' id='word_1_31' title='bbox 1694 468 1798 523; x_wconf 78' lang='lat' dir='ltr'>oriente</span> <span class='ocrx_word' id='word_1_32' title='bbox 1820 467 1877 520; x_wconf 75' lang='lat' dir='ltr'>sisu</span> <span class='ocrx_word' id='word_1_33' title='bbox 1895 468 1964 520; x_wconf 81' lang='lat' dir='ltr'>ciac</span> <span class='ocrx_word' id='word_1_34' title='bbox 1978 451 2000 496; x_wconf 70' lang='lat'>²</span> 
     </span>
     <span class='ocr_line' id='line_1_4' title="bbox 277 554 1989 638; baseline -0.005 -21"><span class='ocrx_word' id='word_1_35' title='bbox 277 563 347 617; x_wconf 93' lang='lat' dir='ltr'>illud</span> <span class='ocrx_word' id='word_1_36' title='bbox 365 567 458 618; x_wconf 88' lang='lat' dir='ltr'>tamen</span> <span class='ocrx_word' id='word_1_37' title='bbox 475 567 573 633; x_wconf 82' lang='lat' dir='ltr'><strong>utpote</strong></span> <span class='ocrx_word' id='word_1_38' title='bbox 588 578 637 638; x_wconf 86' lang='lat' dir='ltr'>pro</span> <span class='ocrx_word' id='word_1_39' title='bbox 655 578 730 617; x_wconf 92' lang='lat' dir='ltr'>more</span> <span class='ocrx_word' id='word_1_40' title='bbox 749 561 868 634; x_wconf 74' lang='lat' dir='ltr'><strong>regionis</strong></span> <span class='ocrx_word' id='word_1_41' title='bbox 892 560 1009 631; x_wconf 85' lang='lat' dir='ltr'>factum,</span> <span class='ocrx_word' id='word_1_42' title='bbox 1034 566 1107 616; x_wconf 89' lang='lat' dir='ltr'>esset</span> <span class='ocrx_word' id='word_1_43' title='bbox 1125 563 1232 631; x_wconf 81' lang='lat' dir='ltr'>sortis.</span> <span class='ocrx_word' id='word_1_44' title='bbox 1268 557 1488 630; x_wconf 74' lang='lat' dir='ltr'>Respondemus:</span> <span class='ocrx_word' id='word_1_45' title='bbox 1514 574 1571 612; x_wconf 93' lang='lat' dir='ltr'>non</span> <span class='ocrx_word' id='word_1_46' title='bbox 1596 555 1759 611; x_wconf 83' lang='lat' dir='ltr'>damnamus</span> <span class='ocrx_word' id='word_1_47' title='bbox 1773 554 1834 626; x_wconf 92' lang='lat' dir='ltr'>pios</span> <span class='ocrx_word' id='word_1_48' title='bbox 1848 560 1989 620; x_wconf 68' lang='lat' dir='ltr'>vetem,</span> 
     </span>
     <span class='ocr_line' id='line_1_5' title="bbox 279 640 1969 720; baseline -0.005 -16"><span class='ocrx_word' id='word_1_49' title='bbox 279 649 447 705; x_wconf 89' lang='lat' dir='ltr'>indifferens.</span> <span class='ocrx_word' id='word_1_50' title='bbox 482 648 720 716; x_wconf 72' lang='lat' dir='ltr'><strong>Quemadmodum</strong></span> <span class='ocrx_word' id='word_1_51' title='bbox 742 649 815 705; x_wconf 90' lang='lat' dir='ltr'>enim</span> <span class='ocrx_word' id='word_1_52' title='bbox 832 647 912 720; x_wconf 87' lang='lat' dir='ltr'>panis</span> <span class='ocrx_word' id='word_1_53' title='bbox 931 653 974 704; x_wconf 92' lang='lat' dir='ltr'>est</span> <span class='ocrx_word' id='word_1_54' title='bbox 991 648 1026 704; x_wconf 90' lang='lat' dir='ltr'>de</span> <span class='ocrx_word' id='word_1_55' title='bbox 1042 647 1106 703; x_wconf 88' lang='lat' dir='ltr'>sub·</span> <span class='ocrx_word' id='word_1_56' title='bbox 1133 649 1181 720; x_wconf 92' lang='lat' dir='ltr'>qui</span> <span class='ocrx_word' id='word_1_57' title='bbox 1204 647 1269 703; x_wconf 92' lang='lat' dir='ltr'>olim</span> <span class='ocrx_word' id='word_1_58' title='bbox 1295 662 1345 701; x_wconf 89' lang='lat' dir='ltr'>suo</span> <span class='ocrx_word' id='word_1_59' title='bbox 1367 645 1490 717; x_wconf 74' lang='lat' dir='ltr'>‘quodam</span> <span class='ocrx_word' id='word_1_60' title='bbox 1509 642 1622 700; x_wconf 87' lang='lat' dir='ltr'>oonsilio</span> <span class='ocrx_word' id='word_1_61' title='bbox 1641 648 1670 698; x_wconf 93' lang='lat' dir='ltr'>et</span> <span class='ocrx_word' id='word_1_62' title='bbox 1687 642 1747 698; x_wconf 90' lang='lat' dir='ltr'>siue</span> <span class='ocrx_word' id='word_1_63' title='bbox 1767 640 1969 712; x_wconf 73' lang='lat' dir='ltr'>superstitione</span> 
     </span>
     <span class='ocr_line' id='line_1_6' title="bbox 279 726 1970 807; baseline -0.006 -16"><span class='ocrx_word' id='word_1_64' title='bbox 279 737 382 792; x_wconf 91' lang='lat' dir='ltr'>stantia</span> <span class='ocrx_word' id='word_1_65' title='bbox 411 752 513 792; x_wconf 89' lang='lat' dir='ltr'>coenas</span> <span class='ocrx_word' id='word_1_66' title='bbox 538 735 717 806; x_wconf 80' lang='lat' dir='ltr'>Dominicas3</span> <span class='ocrx_word' id='word_1_67' title='bbox 743 753 781 792; x_wconf 88' lang='lat' dir='ltr'>an</span> <span class='ocrx_word' id='word_1_68' title='bbox 801 753 867 792; x_wconf 85' lang='lat' dir='ltr'>vero</span> <span class='ocrx_word' id='word_1_69' title='bbox 884 735 965 807; x_wconf 89' lang='lat' dir='ltr'>panis</span> <span class='ocrx_word' id='word_1_70' title='bbox 984 753 1045 792; x_wconf 87' lang='lat' dir='ltr'>esse</span> <span class='ocrx_word' id='word_1_71' title='bbox 1061 734 1108 791; x_wconf 88' lang='lat' dir='ltr'>de·</span> <span class='ocrx_word' id='word_1_72' title='bbox 1133 735 1227 790; x_wconf 83' lang='lat' dir='ltr'>vinnm</span> <span class='ocrx_word' id='word_1_73' title='bbox 1244 750 1318 806; x_wconf 88' lang='lat' dir='ltr'>squs</span> <span class='ocrx_word' id='word_1_74' title='bbox 1336 736 1520 802; x_wconf 85' lang='lat' dir='ltr'>temperatum</span> <span class='ocrx_word' id='word_1_75' title='bbox 1539 729 1568 783; x_wconf 91' lang='lat' dir='ltr'>in</span> <span class='ocrx_word' id='word_1_76' title='bbox 1587 729 1674 785; x_wconf 89' lang='lat' dir='ltr'>calice</span> <span class='ocrx_word' id='word_1_77' title='bbox 1687 745 1790 784; x_wconf 87' lang='lat' dir='ltr'>coense</span> <span class='ocrx_word' id='word_1_78' title='bbox 1802 726 1970 783; x_wconf 84' lang='lat' dir='ltr'>Dominicae</span> 
     </span>
     <span class='ocr_line' id='line_1_7' title="bbox 279 812 1972 895; baseline -0.006 -17"><span class='ocrx_word' id='word_1_79' title='bbox 279 822 345 878; x_wconf 91' lang='lat' dir='ltr'>beat</span> <span class='ocrx_word' id='word_1_80' title='bbox 362 822 485 879; x_wconf 89' lang='lat' dir='ltr'>triticeus</span> <span class='ocrx_word' id='word_1_81' title='bbox 504 838 540 877; x_wconf 91' lang='lat' dir='ltr'>au</span> <span class='ocrx_word' id='word_1_82' title='bbox 557 822 708 895; x_wconf 87' lang='lat' dir='ltr'>siligineus,</span> <span class='ocrx_word' id='word_1_83' title='bbox 725 839 761 878; x_wconf 92' lang='lat' dir='ltr'>an</span> <span class='ocrx_word' id='word_1_84' title='bbox 777 823 972 889; x_wconf 85' lang='lat' dir='ltr'>fermentatus,</span> <span class='ocrx_word' id='word_1_85' title='bbox 989 838 1026 877; x_wconf 88' lang='lat' dir='ltr'>an</span> <span class='ocrx_word' id='word_1_86' title='bbox 1043 838 1108 893; x_wconf 86' lang='lat' dir='ltr'>azy·</span> <span class='ocrx_word' id='word_1_87' title='bbox 1134 826 1316 894; x_wconf 87' lang='lat' dir='ltr'>usurparunt,</span> <span class='ocrx_word' id='word_1_88' title='bbox 1345 818 1389 874; x_wconf 87' lang='lat' dir='ltr'>vel</span> <span class='ocrx_word' id='word_1_89' title='bbox 1414 818 1489 888; x_wconf 92' lang='lat' dir='ltr'>quod</span> <span class='ocrx_word' id='word_1_90' title='bbox 1508 816 1648 872; x_wconf 89' lang='lat' dir='ltr'>Christum</span> <span class='ocrx_word' id='word_1_91' title='bbox 1667 816 1707 871; x_wconf 87' lang='lat' dir='ltr'>its</span> <span class='ocrx_word' id='word_1_92' title='bbox 1724 815 1823 872; x_wconf 86' lang='lat' dir='ltr'>iecisse</span> <span class='ocrx_word' id='word_1_93' title='bbox 1841 812 1972 885; x_wconf 82' lang='lat' dir='ltr'>persuasi</span> 
     </span>
     <span class='ocr_line' id='line_1_8' title="bbox 279 899 1972 979; baseline -0.008 -13"><span class='ocrx_word' id='word_1_94' title='bbox 279 919 341 966; x_wconf 88' lang='lat' dir='ltr'>mus</span> <span class='ocrx_word' id='word_1_95' title='bbox 364 916 415 967; x_wconf 92' lang='lat' dir='ltr'>etc.</span> <span class='ocrx_word' id='word_1_96' title='bbox 441 910 557 965; x_wconf 84' lang='lat' dir='ltr'>liberum</span> <span class='ocrx_word' id='word_1_97' title='bbox 579 915 623 966; x_wconf 87' lang='lat' dir='ltr'>est</span> <span class='ocrx_word' id='word_1_98' title='bbox 648 917 676 966; x_wconf 92' lang='lat' dir='ltr'>et</span> <span class='ocrx_word' id='word_1_99' title='bbox 698 928 754 967; x_wconf 91' lang='lat' dir='ltr'>non</span> <span class='ocrx_word' id='word_1_100' title='bbox 778 911 812 966; x_wconf 94' lang='lat' dir='ltr'>de</span> <span class='ocrx_word' id='word_1_101' title='bbox 838 910 1002 966; x_wconf 85' lang='lat' dir='ltr'>necessitate</span> <span class='ocrx_word' id='word_1_102' title='bbox 1019 925 1109 964; x_wconf 85' lang='lat' dir='ltr'>sacra·</span> <span class='ocrx_word' id='word_1_103' title='bbox 1135 916 1225 978; x_wconf 92' lang='lat' dir='ltr'>erant,</span> <span class='ocrx_word' id='word_1_104' title='bbox 1254 915 1286 965; x_wconf 94' lang='lat' dir='ltr'>ut</span> <span class='ocrx_word' id='word_1_105' title='bbox 1304 907 1462 979; x_wconf 75' lang='lat' dir='ltr'>Cyprianus</span> <span class='ocrx_word' id='word_1_106' title='bbox 1478 904 1528 963; x_wconf 89' lang='lat' dir='ltr'>lib.</span> <span class='ocrx_word' id='word_1_107' title='bbox 1548 909 1573 961; x_wconf 85' lang='lat'>2.</span> <span class='ocrx_word' id='word_1_108' title='bbox 1598 903 1677 975; x_wconf 81' lang='lat' dir='ltr'>epist.</span> <span class='ocrx_word' id='word_1_109' title='bbox 1698 908 1722 959; x_wconf 79' lang='grc'><strong>3.</strong></span> <span class='ocrx_word' id='word_1_110' title='bbox 1742 902 1788 957; x_wconf 83' lang='lat' dir='ltr'>rel</span> <span class='ocrx_word' id='word_1_111' title='bbox 1807 901 1884 973; x_wconf 93' lang='lat' dir='ltr'>quod</span> <span class='ocrx_word' id='word_1_112' title='bbox 1903 899 1972 954; x_wconf 86' lang='lat' dir='ltr'>olim</span> 
     </span>
     <span class='ocr_line' id='line_1_9' title="bbox 280 986 1972 1069; baseline -0.007 -16"><span class='ocrx_word' id='word_1_113' title='bbox 280 998 380 1069; x_wconf 82' lang='lat' dir='ltr'>menti3</span> <span class='ocrx_word' id='word_1_114' title='bbox 406 997 446 1051; x_wconf 90' lang='lat' dir='ltr'>its</span> <span class='ocrx_word' id='word_1_115' title='bbox 472 1013 582 1069; x_wconf 91' lang='lat' dir='ltr'>quoque</span> <span class='ocrx_word' id='word_1_116' title='bbox 604 990 699 1051; x_wconf 81' lang='lat' dir='ltr'>vinnm</span> <span class='ocrx_word' id='word_1_117' title='bbox 721 1003 764 1052; x_wconf 91' lang='lat' dir='ltr'>est</span> <span class='ocrx_word' id='word_1_118' title='bbox 782 997 818 1053; x_wconf 88' lang='lat' dir='ltr'>de</span> <span class='ocrx_word' id='word_1_119' title='bbox 834 996 991 1053; x_wconf 88' lang='lat' dir='ltr'>substantia</span> <span class='ocrx_word' id='word_1_120' title='bbox 1006 1011 1110 1051; x_wconf 89' lang='lat' dir='ltr'>coense</span> <span class='ocrx_word' id='word_1_121' title='bbox 1136 1011 1250 1051; x_wconf 88' lang='lat' dir='ltr'>coenam</span> <span class='ocrx_word' id='word_1_122' title='bbox 1274 992 1386 1049; x_wconf 86' lang='lat' dir='ltr'><strong>Domini</strong></span> <span class='ocrx_word' id='word_1_123' title='bbox 1416 996 1582 1066; x_wconf 72' lang='lat' dir='ltr'>peragentes</span> <span class='ocrx_word' id='word_1_124' title='bbox 1616 990 1731 1063; x_wconf 89' lang='lat' dir='ltr'>quidam</span> <span class='ocrx_word' id='word_1_125' title='bbox 1761 986 1867 1060; x_wconf 83' lang='lat' dir='ltr'>largius</span> <span class='ocrx_word' id='word_1_126' title='bbox 1892 986 1972 1043; x_wconf 88' lang='lat' dir='ltr'>bibe-</span> 
     </span>
     <span class='ocr_line' id='line_1_10' title="bbox 279 1075 1974 1150; baseline -0.006 -10"><span class='ocrx_word' id='word_1_127' title='bbox 279 1084 456 1148; x_wconf 85' lang='lat' dir='ltr'>Dominicae‚</span> <span class='ocrx_word' id='word_1_128' title='bbox 486 1100 522 1138; x_wconf 92' lang='lat' dir='ltr'>an</span> <span class='ocrx_word' id='word_1_129' title='bbox 544 1100 610 1139; x_wconf 85' lang='lat' dir='ltr'>vero</span> <span class='ocrx_word' id='word_1_130' title='bbox 625 1083 720 1138; x_wconf 85' lang='lat' dir='ltr'>vinum</span> <span class='ocrx_word' id='word_1_131' title='bbox 743 1084 780 1138; x_wconf 92' lang='lat' dir='ltr'>sit</span> <span class='ocrx_word' id='word_1_132' title='bbox 807 1084 921 1140; x_wconf 89' lang='lat' dir='ltr'>rubrum</span> <span class='ocrx_word' id='word_1_133' title='bbox 945 1083 990 1139; x_wconf 81' lang='lat' dir='ltr'>vel</span> <span class='ocrx_word' id='word_1_134' title='bbox 1007 1083 1110 1145; x_wconf 85' lang='lat' dir='ltr'>album,</span> <span class='ocrx_word' id='word_1_135' title='bbox 1136 1089 1211 1149; x_wconf 93' lang='lat' dir='ltr'>rent,</span> <span class='ocrx_word' id='word_1_136' title='bbox 1235 1082 1305 1137; x_wconf 89' lang='lat' dir='ltr'>adeo</span> <span class='ocrx_word' id='word_1_137' title='bbox 1328 1085 1361 1136; x_wconf 92' lang='lat' dir='ltr'>ut</span> <span class='ocrx_word' id='word_1_138' title='bbox 1387 1079 1512 1136; x_wconf 87' lang='lat' dir='ltr'>nonnulli</span> <span class='ocrx_word' id='word_1_139' title='bbox 1530 1079 1559 1134; x_wconf 92' lang='lat' dir='ltr'>in</span> <span class='ocrx_word' id='word_1_140' title='bbox 1578 1077 1676 1150; x_wconf 85' lang='lat' dir='ltr'>agapis</span> <span class='ocrx_word' id='word_1_141' title='bbox 1694 1075 1912 1140; x_wconf 83' lang='lat' dir='ltr'>inebriarentur,</span> <span class='ocrx_word' id='word_1_142' title='bbox 1939 1079 1974 1130; x_wconf 85' lang='lat' dir='ltr'>ut</span> 
     </span>
     <span class='ocr_line' id='line_1_11' title="bbox 280 1161 1974 1242; baseline -0.005 -18"><span class='ocrx_word' id='word_1_143' title='bbox 280 1186 397 1239; x_wconf 88' lang='lat' dir='ltr'>merum,</span> <span class='ocrx_word' id='word_1_144' title='bbox 420 1187 456 1225; x_wconf 93' lang='lat' dir='ltr'>an</span> <span class='ocrx_word' id='word_1_145' title='bbox 472 1169 601 1238; x_wconf 84' lang='lat' dir='ltr'>mixtum,</span> <span class='ocrx_word' id='word_1_146' title='bbox 625 1169 661 1223; x_wconf 92' lang='lat' dir='ltr'>ad</span> <span class='ocrx_word' id='word_1_147' title='bbox 679 1169 862 1225; x_wconf 80' lang='lat' dir='ltr'>substantiam</span> <span class='ocrx_word' id='word_1_148' title='bbox 882 1175 911 1226; x_wconf 89' lang='lat' dir='ltr'>et</span> <span class='ocrx_word' id='word_1_149' title='bbox 926 1170 1110 1242; x_wconf 83' lang='lat' dir='ltr'>integritatem</span> <span class='ocrx_word' id='word_1_150' title='bbox 1137 1169 1276 1241; x_wconf 80' lang='lat' dir='ltr'>colligitur</span> <span class='ocrx_word' id='word_1_151' title='bbox 1301 1185 1334 1224; x_wconf 89' lang='lat' dir='ltr'>ex</span> <span class='ocrx_word' id='word_1_152' title='bbox 1362 1173 1384 1222; x_wconf 85' lang='lat'>1.</span> <span class='ocrx_word' id='word_1_153' title='bbox 1407 1165 1470 1222; x_wconf 88' lang='lat' dir='ltr'>Cor.</span> <span class='ocrx_word' id='word_1_154' title='bbox 1492 1171 1539 1230; x_wconf 92' lang='grc'>11,</span> <span class='ocrx_word' id='word_1_155' title='bbox 1563 1183 1588 1221; x_wconf 85' lang='lat' dir='ltr'>r.</span> <span class='ocrx_word' id='word_1_156' title='bbox 1614 1170 1655 1220; x_wconf 82' lang='lat'>21.</span> <span class='ocrx_word' id='word_1_157' title='bbox 1680 1163 1798 1234; x_wconf 87' lang='lat' dir='ltr'>ideoque</span> <span class='ocrx_word' id='word_1_158' title='bbox 1822 1168 1855 1217; x_wconf 93' lang='lat' dir='ltr'>ut</span> <span class='ocrx_word' id='word_1_159' title='bbox 1875 1161 1974 1216; x_wconf 69' lang='lat' dir='ltr'>unum</span> 
     </span>
     <span class='ocr_line' id='line_1_12' title="bbox 280 1247 1975 1328; baseline -0.004 -16"><span class='ocrx_word' id='word_1_160' title='bbox 280 1256 463 1312; x_wconf 84' lang='lat' dir='ltr'>eucharistiae</span> <span class='ocrx_word' id='word_1_161' title='bbox 491 1254 560 1309; x_wconf 90' lang='lat' dir='ltr'>nihil</span> <span class='ocrx_word' id='word_1_162' title='bbox 591 1254 743 1328; x_wconf 79' lang='lat' dir='ltr'>quidquam</span> <span class='ocrx_word' id='word_1_163' title='bbox 773 1257 894 1312; x_wconf 83' lang='lat' dir='ltr'>interest</span> <span class='ocrx_word' id='word_1_164' title='bbox 942 1262 967 1312; x_wconf 87' lang='grc'><strong>1.</strong></span> <span class='ocrx_word' id='word_1_165' title='bbox 998 1255 1112 1328; x_wconf 85' lang='lat' dir='ltr'>Regerit</span> <span class='ocrx_word' id='word_1_166' title='bbox 1137 1272 1188 1327; x_wconf 91' lang='lat' dir='ltr'>per</span> <span class='ocrx_word' id='word_1_167' title='bbox 1208 1272 1238 1311; x_wconf 90' lang='lat' dir='ltr'>se</span> <span class='ocrx_word' id='word_1_168' title='bbox 1257 1253 1329 1310; x_wconf 88' lang='lat' dir='ltr'>forte</span> <span class='ocrx_word' id='word_1_169' title='bbox 1347 1253 1437 1309; x_wconf 89' lang='lat' dir='ltr'>minus</span> <span class='ocrx_word' id='word_1_170' title='bbox 1453 1257 1574 1320; x_wconf 84' lang='lat' dir='ltr'>noceret,</span> <span class='ocrx_word' id='word_1_171' title='bbox 1596 1268 1697 1324; x_wconf 87' lang='lat' dir='ltr'>squam</span> <span class='ocrx_word' id='word_1_172' title='bbox 1711 1247 1975 1319; x_wconf 76' lang='lat' dir='ltr'>vinomisoueruut3</span> 
     </span>
     <span class='ocr_line' id='line_1_13' title="bbox 281 1337 1975 1415; baseline -0.004 -17"><span class='ocrx_word' id='word_1_173' title='bbox 281 1342 478 1398; x_wconf 85' lang='lat' dir='ltr'>Bellarminus:</span> <span class='ocrx_word' id='word_1_174' title='bbox 509 1343 543 1397; x_wconf 73' lang='grc' dir='ltr'>δι’</span> <span class='ocrx_word' id='word_1_175' title='bbox 562 1359 617 1411; x_wconf 85' lang='lat' dir='ltr'>pro</span> <span class='ocrx_word' id='word_1_176' title='bbox 637 1358 713 1396; x_wconf 83' lang='lat' dir='ltr'>mors</span> <span class='ocrx_word' id='word_1_177' title='bbox 730 1342 855 1412; x_wconf 78' lang='lat' dir='ltr'>repioas‘s</span> <span class='ocrx_word' id='word_1_178' title='bbox 871 1343 936 1397; x_wconf 76' lang='lat' dir='ltr'>uino</span> <span class='ocrx_word' id='word_1_179' title='bbox 953 1360 1030 1412; x_wconf 79' lang='lat' dir='ltr'>aquo</span> <span class='ocrx_word' id='word_1_180' title='bbox 1046 1349 1112 1395; x_wconf 86' lang='lat' dir='ltr'>tem-</span> <span class='ocrx_word' id='word_1_181' title='bbox 1137 1344 1182 1399; x_wconf 82' lang='lat' dir='ltr'>sel</span> <span class='ocrx_word' id='word_1_182' title='bbox 1200 1342 1266 1415; x_wconf 91' lang='lat' dir='ltr'>quia</span> <span class='ocrx_word' id='word_1_183' title='bbox 1284 1358 1317 1398; x_wconf 88' lang='lat' dir='ltr'>ex</span> <span class='ocrx_word' id='word_1_184' title='bbox 1334 1347 1415 1412; x_wconf 86' lang='lat' dir='ltr'>petra</span> <span class='ocrx_word' id='word_1_185' title='bbox 1433 1339 1591 1396; x_wconf 84' lang='lat' dir='ltr'>sitientibus</span> <span class='ocrx_word' id='word_1_186' title='bbox 1608 1338 1742 1394; x_wconf 84' lang='lat' dir='ltr'>Israillitis</span> <span class='ocrx_word' id='word_1_187' title='bbox 1758 1353 1833 1410; x_wconf 79' lang='lat' dir='ltr'>sque</span> <span class='ocrx_word' id='word_1_188' title='bbox 1850 1337 1975 1392; x_wconf 80' lang='lat' dir='ltr'>exunda-</span> 
     </span>
     <span class='ocr_line' id='line_1_14' title="bbox 278 1425 1975 1512; baseline -0.002 -29"><span class='ocrx_word' id='word_1_189' title='bbox 278 1437 380 1500; x_wconf 82' lang='lat' dir='ltr'>peroto</span> <span class='ocrx_word' id='word_1_190' title='bbox 397 1428 525 1483; x_wconf 67' lang='lat' dir='ltr'>Chrsbtss</span> <span class='ocrx_word' id='word_1_191' title='bbox 540 1430 643 1495; x_wconf 77' lang='lat' dir='ltr'>fuisset</span> <span class='ocrx_word' id='word_1_192' title='bbox 665 1446 741 1497; x_wconf 79' lang='lat' dir='ltr'>usus,</span> <span class='ocrx_word' id='word_1_193' title='bbox 756 1436 854 1498; x_wconf 84' lang='lat' dir='ltr'>potres</span> <span class='ocrx_word' id='word_1_194' title='bbox 873 1430 1018 1483; x_wconf 70' lang='lat' dir='ltr'>cesimum</span> <span class='ocrx_word' id='word_1_195' title='bbox 1035 1429 1112 1512; x_wconf 66' lang='lat' dir='ltr'>¹loco·</span> <span class='ocrx_word' id='word_1_196' title='bbox 1138 1433 1186 1497; x_wconf 86' lang='lat' dir='ltr'>vit,</span> <span class='ocrx_word' id='word_1_197' title='bbox 1206 1447 1279 1502; x_wconf 88' lang='lat' dir='ltr'>quae</span> <span class='ocrx_word' id='word_1_198' title='bbox 1297 1433 1378 1500; x_wconf 81' lang='lat' dir='ltr'>petra</span> <span class='ocrx_word' id='word_1_199' title='bbox 1395 1427 1496 1484; x_wconf 85' lang='lat' dir='ltr'>Christi</span> <span class='ocrx_word' id='word_1_200' title='bbox 1515 1433 1615 1498; x_wconf 89' lang='lat' dir='ltr'>typum</span> <span class='ocrx_word' id='word_1_201' title='bbox 1628 1426 1724 1498; x_wconf 86' lang='lat' dir='ltr'>gessit,</span> <span class='ocrx_word' id='word_1_202' title='bbox 1740 1425 1823 1482; x_wconf 87' lang='lat' dir='ltr'>Num.</span> <span class='ocrx_word' id='word_1_203' title='bbox 1835 1430 1879 1493; x_wconf 81' lang='lat'>2⁰,</span> <span class='ocrx_word' id='word_1_204' title='bbox 1889 1442 1916 1479; x_wconf 79' lang='lat' dir='ltr'>r.</span> <span class='ocrx_word' id='word_1_205' title='bbox 1933 1428 1975 1480; x_wconf 84' lang='grc'><strong>10.</strong></span> 
     </span>
     <span class='ocr_line' id='line_1_15' title="bbox 282 1510 1975 1588; baseline -0.002 -18"><span class='ocrx_word' id='word_1_206' title='bbox 282 1535 345 1571; x_wconf 80' lang='lat' dir='ltr'>ram</span> <span class='ocrx_word' id='word_1_207' title='bbox 368 1533 509 1586; x_wconf 70' lang='grc' dir='ltr'>ιιιᾳιιιι</span> <span class='ocrx_word' id='word_1_208' title='bbox 534 1524 612 1571; x_wconf 78' lang='lat' dir='ltr'>tosto</span> <span class='ocrx_word' id='word_1_209' title='bbox 629 1533 764 1571; x_wconf 80' lang='lat' dir='ltr'>comessa</span> <span class='ocrx_word' id='word_1_210' title='bbox 782 1524 807 1570; x_wconf 82' lang='grc' dir='ltr'>ιι</span> <span class='ocrx_word' id='word_1_211' title='bbox 824 1517 950 1570; x_wconf 80' lang='lat' dir='ltr'>abacista</span> <span class='ocrx_word' id='word_1_212' title='bbox 969 1516 1113 1584; x_wconf 73' lang='lat' dir='ltr'>dsbisseot,</span> <span class='ocrx_word' id='word_1_213' title='bbox 1141 1517 1345 1588; x_wconf 79' lang='lat' dir='ltr'>1.Cor.10,r.4.</span> <span class='ocrx_word' id='word_1_214' title='bbox 1363 1515 1500 1571; x_wconf 86' lang='lat' dir='ltr'>Eusebius</span> <span class='ocrx_word' id='word_1_215' title='bbox 1509 1513 1669 1569; x_wconf 87' lang='lat' dir='ltr'>Emissenus</span> <span class='ocrx_word' id='word_1_216' title='bbox 1682 1510 1975 1582; x_wconf 65' lang='lat' dir='ltr'>sembdepnschsg</span> 
     </span>
     <span class='ocr_line' id='line_1_16' title="bbox 281 1593 1976 1676; baseline -0.002 -18"><span class='ocrx_word' id='word_1_217' title='bbox 281 1604 347 1658; x_wconf 80' lang='lat' dir='ltr'>cino</span> <span class='ocrx_word' id='word_1_218' title='bbox 371 1618 472 1673; x_wconf 83' lang='lat' dir='ltr'>aquom</span> <span class='ocrx_word' id='word_1_219' title='bbox 494 1604 525 1656; x_wconf 84' lang='lat' dir='ltr'>s&#39;rs</span> <span class='ocrx_word' id='word_1_220' title='bbox 548 1604 637 1658; x_wconf 78' lang='lat' dir='ltr'>colice</span> <span class='ocrx_word' id='word_1_221' title='bbox 658 1604 829 1658; x_wconf 78' lang='lat' dir='ltr'>miscendam</span> <span class='ocrx_word' id='word_1_222' title='bbox 852 1620 920 1657; x_wconf 88' lang='lat' dir='ltr'>esse.</span> <span class='ocrx_word' id='word_1_223' title='bbox 945 1593 1113 1674; x_wconf 50' lang='grc' dir='ltr'>χΙὶιιιιοιιιι</span> <span class='ocrx_word' id='word_1_224' title='bbox 1138 1604 1182 1660; x_wconf 87' lang='lat' dir='ltr'>vel</span> <span class='ocrx_word' id='word_1_225' title='bbox 1201 1603 1276 1676; x_wconf 89' lang='lat' dir='ltr'>quod</span> <span class='ocrx_word' id='word_1_226' title='bbox 1294 1618 1369 1674; x_wconf 80' lang='lat' dir='ltr'>aqua</span> <span class='ocrx_word' id='word_1_227' title='bbox 1385 1606 1414 1657; x_wconf 90' lang='lat' dir='ltr'>et</span> <span class='ocrx_word' id='word_1_228' title='bbox 1432 1601 1556 1673; x_wconf 86' lang='lat' dir='ltr'>sanguis</span> <span class='ocrx_word' id='word_1_229' title='bbox 1569 1617 1603 1656; x_wconf 91' lang='lat' dir='ltr'>ex</span> <span class='ocrx_word' id='word_1_230' title='bbox 1623 1600 1710 1655; x_wconf 87' lang='lat' dir='ltr'>latere</span> <span class='ocrx_word' id='word_1_231' title='bbox 1727 1598 1840 1655; x_wconf 91' lang='lat' dir='ltr'>Domini</span> <span class='ocrx_word' id='word_1_232' title='bbox 1858 1597 1976 1654; x_wconf 85' lang='lat' dir='ltr'>effluxe-</span> 
     </span>
     <span class='ocr_line' id='line_1_17' title="bbox 283 1686 1976 1761; baseline -0.002 -16"><span class='ocrx_word' id='word_1_233' title='bbox 283 1707 358 1745; x_wconf 87' lang='lat' dir='ltr'>mus:</span> <span class='ocrx_word' id='word_1_234' title='bbox 388 1690 522 1745; x_wconf 89' lang='lat' dir='ltr'>rationem</span> <span class='ocrx_word' id='word_1_235' title='bbox 547 1689 623 1744; x_wconf 90' lang='lat' dir='ltr'>illam</span> <span class='ocrx_word' id='word_1_236' title='bbox 646 1689 782 1745; x_wconf 91' lang='lat' dir='ltr'>mistionis</span> <span class='ocrx_word' id='word_1_237' title='bbox 809 1706 864 1745; x_wconf 91' lang='lat' dir='ltr'>non</span> <span class='ocrx_word' id='word_1_238' title='bbox 897 1688 1113 1761; x_wconf 87' lang='lat' dir='ltr'>excogitavimus</span> <span class='ocrx_word' id='word_1_239' title='bbox 1138 1691 1192 1760; x_wconf 87' lang='lat' dir='ltr'>rit,</span> <span class='ocrx_word' id='word_1_240' title='bbox 1226 1689 1290 1746; x_wconf 86' lang='lat' dir='ltr'>Joh.</span> <span class='ocrx_word' id='word_1_241' title='bbox 1309 1695 1355 1754; x_wconf 87' lang='grc'>19,</span> <span class='ocrx_word' id='word_1_242' title='bbox 1373 1706 1398 1743; x_wconf 85' lang='lat' dir='ltr'>v.</span> <span class='ocrx_word' id='word_1_243' title='bbox 1419 1693 1461 1744; x_wconf 80' lang='grc'><strong>31.</strong></span> <span class='ocrx_word' id='word_1_244' title='bbox 1497 1686 1663 1742; x_wconf 77' lang='lat' dir='ltr'>Ambrosius</span> <span class='ocrx_word' id='word_1_245' title='bbox 1687 1686 1736 1741; x_wconf 91' lang='lat' dir='ltr'>lib.</span> <span class='ocrx_word' id='word_1_246' title='bbox 1755 1692 1779 1742; x_wconf 81' lang='lat'>5.</span> <span class='ocrx_word' id='word_1_247' title='bbox 1804 1686 1840 1742; x_wconf 91' lang='lat' dir='ltr'>de</span> <span class='ocrx_word' id='word_1_248' title='bbox 1856 1701 1976 1742; x_wconf 81' lang='lat' dir='ltr'>sacram</span> 
     </span>
     <span class='ocr_line' id='line_1_18' title="bbox 267 1770 1976 1848; baseline -0.003 -17"><span class='ocrx_word' id='word_1_249' title='bbox 267 1776 349 1848; x_wconf 84' lang='lat' dir='ltr'>ipsi,</span> <span class='ocrx_word' id='word_1_250' title='bbox 367 1776 416 1832; x_wconf 90' lang='lat' dir='ltr'>sed</span> <span class='ocrx_word' id='word_1_251' title='bbox 433 1777 545 1847; x_wconf 88' lang='lat' dir='ltr'>ponitur</span> <span class='ocrx_word' id='word_1_252' title='bbox 563 1774 673 1832; x_wconf 82' lang='lat' dir='ltr'>disertis</span> <span class='ocrx_word' id='word_1_253' title='bbox 689 1775 781 1831; x_wconf 80' lang='lat' dir='ltr'>verbis</span> <span class='ocrx_word' id='word_1_254' title='bbox 799 1791 816 1830; x_wconf 90' lang='lat' dir='ltr'>s</span> <span class='ocrx_word' id='word_1_255' title='bbox 833 1776 946 1848; x_wconf 88' lang='lat' dir='ltr'>Lyrano</span> <span class='ocrx_word' id='word_1_256' title='bbox 965 1775 994 1830; x_wconf 91' lang='lat' dir='ltr'>in</span> <span class='ocrx_word' id='word_1_257' title='bbox 1015 1780 1037 1832; x_wconf 96' lang='grc'><strong>1.</strong></span> <span class='ocrx_word' id='word_1_258' title='bbox 1050 1773 1113 1830; x_wconf 92' lang='lat' dir='ltr'>Cor.</span> <span class='ocrx_word' id='word_1_259' title='bbox 1138 1795 1162 1832; x_wconf 93' lang='lat' dir='ltr'>c.</span> <span class='ocrx_word' id='word_1_260' title='bbox 1184 1783 1205 1832; x_wconf 94' lang='grc'><strong>1.</strong></span> <span class='ocrx_word' id='word_1_261' title='bbox 1224 1775 1269 1831; x_wconf 86' lang='lat' dir='ltr'>vel</span> <span class='ocrx_word' id='word_1_262' title='bbox 1286 1777 1323 1831; x_wconf 94' lang='lat' dir='ltr'>ad</span> <span class='ocrx_word' id='word_1_263' title='bbox 1342 1774 1528 1831; x_wconf 72' lang='lat' dir='ltr'>denotandam</span> <span class='ocrx_word' id='word_1_264' title='bbox 1545 1773 1674 1829; x_wconf 89' lang='lat' dir='ltr'>unionem</span> <span class='ocrx_word' id='word_1_265' title='bbox 1684 1770 1786 1829; x_wconf 85' lang='lat' dir='ltr'>Christi</span> <span class='ocrx_word' id='word_1_266' title='bbox 1802 1788 1867 1828; x_wconf 90' lang='lat' dir='ltr'>cnm</span> <span class='ocrx_word' id='word_1_267' title='bbox 1887 1770 1976 1827; x_wconf 86' lang='lat' dir='ltr'>eccls-</span> 
     </span>
     <span class='ocr_line' id='line_1_19' title="bbox 283 1858 1975 1934; baseline -0.003 -15"><span class='ocrx_word' id='word_1_268' title='bbox 283 1879 344 1934; x_wconf 76' lang='grc' dir='ltr'>ιιι.</span> <span class='ocrx_word' id='word_1_269' title='bbox 364 1868 403 1918; x_wconf 92' lang='grc'><strong>11.</strong></span> <span class='ocrx_word' id='word_1_270' title='bbox 426 1861 476 1917; x_wconf 91' lang='lat' dir='ltr'>ubi</span> <span class='ocrx_word' id='word_1_271' title='bbox 494 1861 532 1917; x_wconf 91' lang='lat' dir='ltr'>sic</span> <span class='ocrx_word' id='word_1_272' title='bbox 554 1861 663 1918; x_wconf 76' lang='lat' dir='ltr'>scribit:</span> <span class='ocrx_word' id='word_1_273' title='bbox 691 1863 842 1918; x_wconf 77' lang='lat' dir='ltr'>Probsdsie</span> <span class='ocrx_word' id='word_1_274' title='bbox 868 1871 909 1917; x_wconf 86' lang='lat' dir='ltr'>est</span> <span class='ocrx_word' id='word_1_275' title='bbox 939 1864 1028 1931; x_wconf 82' lang='lat' dir='ltr'>(notar</span> <span class='ocrx_word' id='word_1_276' title='bbox 1057 1876 1113 1915; x_wconf 92' lang='lat' dir='ltr'>non</span> <span class='ocrx_word' id='word_1_277' title='bbox 1139 1864 1196 1934; x_wconf 89' lang='lat' dir='ltr'>sia,</span> <span class='ocrx_word' id='word_1_278' title='bbox 1227 1863 1307 1934; x_wconf 88' lang='lat' dir='ltr'>quasi</span> <span class='ocrx_word' id='word_1_279' title='bbox 1338 1880 1428 1934; x_wconf 90' lang='lat' dir='ltr'>aquae</span> <span class='ocrx_word' id='word_1_280' title='bbox 1460 1861 1577 1933; x_wconf 90' lang='lat' dir='ltr'>populos</span> <span class='ocrx_word' id='word_1_281' title='bbox 1609 1859 1779 1933; x_wconf 89' lang='lat' dir='ltr'>significent,</span> <span class='ocrx_word' id='word_1_282' title='bbox 1815 1858 1975 1931; x_wconf 73' lang='lat' dir='ltr'>Cyprianus</span> 
     </span>
     <span class='ocr_line' id='line_1_20' title="bbox 283 1945 1976 2021; baseline -0.002 -16"><span class='ocrx_word' id='word_1_283' title='bbox 283 1945 417 2019; x_wconf 69' lang='lat' dir='ltr'>catum),</span> <span class='ocrx_word' id='word_1_284' title='bbox 456 1953 534 2020; x_wconf 83' lang='lat' dir='ltr'>quod</span> <span class='ocrx_word' id='word_1_285' title='bbox 564 1949 703 2004; x_wconf 79' lang='lat' dir='ltr'>Dominus</span> <span class='ocrx_word' id='word_1_286' title='bbox 731 1968 835 2020; x_wconf 64' lang='lat' dir='ltr'>amcam</span> <span class='ocrx_word' id='word_1_287' title='bbox 863 1949 1035 2020; x_wconf 77' lang='lat' dir='ltr'>opposuerit.</span> <span class='ocrx_word' id='word_1_288' title='bbox 1076 1947 1113 2000; x_wconf 81' lang='lat' dir='ltr'>lo</span> <span class='ocrx_word' id='word_1_289' title='bbox 1139 1952 1156 2007; x_wconf 94' lang='lat' dir='ltr'>l.</span> <span class='ocrx_word' id='word_1_290' title='bbox 1184 1951 1209 2005; x_wconf 92' lang='lat' dir='ltr'>d.</span> <span class='ocrx_word' id='word_1_291' title='bbox 1234 1949 1279 2006; x_wconf 85' lang='lat' dir='ltr'>vel</span> <span class='ocrx_word' id='word_1_292' title='bbox 1307 1950 1343 2004; x_wconf 84' lang='lat' dir='ltr'>ed</span> <span class='ocrx_word' id='word_1_293' title='bbox 1372 1948 1584 2021; x_wconf 85' lang='lat' dir='ltr'>significandam</span> <span class='ocrx_word' id='word_1_294' title='bbox 1611 1948 1728 2003; x_wconf 89' lang='lat' dir='ltr'>duarum</span> <span class='ocrx_word' id='word_1_295' title='bbox 1755 1951 1918 2002; x_wconf 86' lang='lat' dir='ltr'>naturarum</span> <span class='ocrx_word' id='word_1_296' title='bbox 1945 1947 1976 2001; x_wconf 92' lang='lat' dir='ltr'>in</span> 
     </span>
     <span class='ocr_line' id='line_1_21' title="bbox 283 2033 1976 2108; baseline -0.001 -19"><span class='ocrx_word' id='word_1_297' title='bbox 283 2044 363 2090; x_wconf 80' lang='lat' dir='ltr'>terro</span> <span class='ocrx_word' id='word_1_298' title='bbox 374 2037 446 2089; x_wconf 82' lang='lat' dir='ltr'>euim</span> <span class='ocrx_word' id='word_1_299' title='bbox 462 2037 518 2091; x_wconf 75' lang='lat' dir='ltr'>silo</span> <span class='ocrx_word' id='word_1_300' title='bbox 525 2044 647 2107; x_wconf 79' lang='lat' dir='ltr'>propter</span> <span class='ocrx_word' id='word_1_301' title='bbox 664 2037 725 2091; x_wconf 76' lang='lat' dir='ltr'>cios·</span> <span class='ocrx_word' id='word_1_302' title='bbox 733 2036 938 2106; x_wconf 76' lang='lat' dir='ltr'>fortitudinem</span> <span class='ocrx_word' id='word_1_303' title='bbox 956 2042 1114 2090; x_wconf 66' lang='lat' dir='ltr'>cosmidum</span> <span class='ocrx_word' id='word_1_304' title='bbox 1140 2037 1250 2094; x_wconf 88' lang='lat' dir='ltr'>Christo</span> <span class='ocrx_word' id='word_1_305' title='bbox 1267 2037 1413 2100; x_wconf 90' lang='lat' dir='ltr'>unionem,</span> <span class='ocrx_word' id='word_1_306' title='bbox 1442 2034 1614 2108; x_wconf 85' lang='lat' dir='ltr'>Nicephorus</span> <span class='ocrx_word' id='word_1_307' title='bbox 1630 2033 1678 2090; x_wconf 90' lang='lat' dir='ltr'>lib.</span> <span class='ocrx_word' id='word_1_308' title='bbox 1701 2040 1740 2092; x_wconf 86' lang='grc'><strong>18.</strong></span> <span class='ocrx_word' id='word_1_309' title='bbox 1755 2051 1779 2090; x_wconf 90' lang='lat' dir='ltr'>c.</span> <span class='ocrx_word' id='word_1_310' title='bbox 1794 2040 1836 2091; x_wconf 80' lang='lat'>53.</span> <span class='ocrx_word' id='word_1_311' title='bbox 1848 2033 1896 2089; x_wconf 85' lang='lat' dir='ltr'>vel</span> <span class='ocrx_word' id='word_1_312' title='bbox 1908 2033 1976 2105; x_wconf 87' lang='lat' dir='ltr'>quis</span> 
     </span>
     <span class='ocr_line' id='line_1_22' title="bbox 285 2120 1976 2195; baseline -0.001 -19"><span class='ocrx_word' id='word_1_313' title='bbox 285 2130 326 2176; x_wconf 82' lang='lat' dir='ltr'>est</span> <span class='ocrx_word' id='word_1_314' title='bbox 355 2139 464 2193; x_wconf 86' lang='lat' dir='ltr'>semper</span> <span class='ocrx_word' id='word_1_315' title='bbox 491 2124 582 2178; x_wconf 80' lang='lat' dir='ltr'>bibere</span> <span class='ocrx_word' id='word_1_316' title='bbox 607 2125 702 2178; x_wconf 78' lang='lat' dir='ltr'>cisum</span> <span class='ocrx_word' id='word_1_317' title='bbox 721 2140 782 2178; x_wconf 79' lang='lat' dir='ltr'>casm</span> <span class='ocrx_word' id='word_1_318' title='bbox 801 2142 885 2194; x_wconf 85' lang='lat' dir='ltr'>aqrsu.</span> <span class='ocrx_word' id='word_1_319' title='bbox 920 2123 1018 2178; x_wconf 89' lang='lat' dir='ltr'>Patres</span> <span class='ocrx_word' id='word_1_320' title='bbox 1038 2120 1113 2194; x_wconf 90' lang='lat' dir='ltr'>quod</span> <span class='ocrx_word' id='word_1_321' title='bbox 1141 2123 1290 2195; x_wconf 89' lang='lat' dir='ltr'>corporalis</span> <span class='ocrx_word' id='word_1_322' title='bbox 1316 2129 1398 2194; x_wconf 92' lang='lat' dir='ltr'>potus</span> <span class='ocrx_word' id='word_1_323' title='bbox 1421 2123 1538 2178; x_wconf 92' lang='lat' dir='ltr'>maxime</span> <span class='ocrx_word' id='word_1_324' title='bbox 1561 2120 1726 2178; x_wconf 85' lang='lat' dir='ltr'>conveniens</span> <span class='ocrx_word' id='word_1_325' title='bbox 1743 2127 1862 2175; x_wconf 85' lang='lat' dir='ltr'>naturae</span> <span class='ocrx_word' id='word_1_326' title='bbox 1878 2120 1976 2175; x_wconf 88' lang='lat' dir='ltr'>huma·</span> 
     </span>
     <span class='ocr_line' id='line_1_23' title="bbox 285 2206 1976 2282; baseline -0.001 -18"><span class='ocrx_word' id='word_1_327' title='bbox 285 2209 392 2278; x_wconf 77' lang='lat' dir='ltr'>attinet,</span> <span class='ocrx_word' id='word_1_328' title='bbox 413 2210 526 2282; x_wconf 88' lang='lat' dir='ltr'>qnidam</span> <span class='ocrx_word' id='word_1_329' title='bbox 543 2209 648 2265; x_wconf 84' lang='lat' dir='ltr'>factum</span> <span class='ocrx_word' id='word_1_330' title='bbox 662 2208 766 2264; x_wconf 80' lang='lat' dir='ltr'>Christi</span> <span class='ocrx_word' id='word_1_331' title='bbox 783 2210 915 2279; x_wconf 84' lang='lat' dir='ltr'>referunt,</span> <span class='ocrx_word' id='word_1_332' title='bbox 932 2210 1037 2265; x_wconf 88' lang='lat' dir='ltr'>nullam</span> <span class='ocrx_word' id='word_1_333' title='bbox 1048 2226 1114 2264; x_wconf 86' lang='lat' dir='ltr'>vero</span> <span class='ocrx_word' id='word_1_334' title='bbox 1140 2228 1193 2266; x_wconf 87' lang='lat' dir='ltr'>nae</span> <span class='ocrx_word' id='word_1_335' title='bbox 1209 2215 1251 2265; x_wconf 90' lang='lat' dir='ltr'>est</span> <span class='ocrx_word' id='word_1_336' title='bbox 1268 2209 1362 2264; x_wconf 84' lang='lat' dir='ltr'>vinum</span> <span class='ocrx_word' id='word_1_337' title='bbox 1381 2224 1456 2279; x_wconf 89' lang='lat' dir='ltr'>aqua</span> <span class='ocrx_word' id='word_1_338' title='bbox 1474 2208 1598 2277; x_wconf 86' lang='lat' dir='ltr'>mixtum,</span> <span class='ocrx_word' id='word_1_339' title='bbox 1628 2206 1754 2263; x_wconf 86' lang='lat' dir='ltr'>Clemens</span> <span class='ocrx_word' id='word_1_340' title='bbox 1767 2206 1976 2263; x_wconf 82' lang='lat' dir='ltr'>Alexandrinus</span> 
     </span>
     <span class='ocr_line' id='line_1_24' title="bbox 283 2293 1976 2368; baseline -0.002 -16"><span class='ocrx_word' id='word_1_341' title='bbox 283 2296 455 2352; x_wconf 85' lang='lat' dir='ltr'>necessitatis</span> <span class='ocrx_word' id='word_1_342' title='bbox 474 2296 564 2368; x_wconf 90' lang='lat' dir='ltr'>legem</span> <span class='ocrx_word' id='word_1_343' title='bbox 586 2314 619 2352; x_wconf 91' lang='lat' dir='ltr'>ex</span> <span class='ocrx_word' id='word_1_344' title='bbox 639 2313 672 2352; x_wconf 91' lang='lat' dir='ltr'>eo</span> <span class='ocrx_word' id='word_1_345' title='bbox 691 2297 848 2367; x_wconf 84' lang='lat' dir='ltr'>deducunt3</span> <span class='ocrx_word' id='word_1_346' title='bbox 868 2296 983 2368; x_wconf 91' lang='lat' dir='ltr'>qnidam</span> <span class='ocrx_word' id='word_1_347' title='bbox 1002 2313 1114 2351; x_wconf 80' lang='lat' dir='ltr'>consue</span> <span class='ocrx_word' id='word_1_348' title='bbox 1140 2297 1188 2352; x_wconf 90' lang='lat' dir='ltr'>lib.</span> <span class='ocrx_word' id='word_1_349' title='bbox 1207 2303 1232 2353; x_wconf 79' lang='lat'>2.</span> <span class='ocrx_word' id='word_1_350' title='bbox 1257 2295 1377 2367; x_wconf 85' lang='lat' dir='ltr'>paedag.</span> <span class='ocrx_word' id='word_1_351' title='bbox 1395 2311 1419 2349; x_wconf 87' lang='lat' dir='ltr'>c.</span> <span class='ocrx_word' id='word_1_352' title='bbox 1438 2301 1463 2352; x_wconf 82' lang='lat'>2.</span> <span class='ocrx_word' id='word_1_353' title='bbox 1488 2295 1606 2365; x_wconf 81' lang='lat' dir='ltr'>Propter</span> <span class='ocrx_word' id='word_1_354' title='bbox 1622 2294 1673 2350; x_wconf 88' lang='lat' dir='ltr'>bas</span> <span class='ocrx_word' id='word_1_355' title='bbox 1691 2310 1789 2349; x_wconf 83' lang='lat' dir='ltr'>causas</span> <span class='ocrx_word' id='word_1_356' title='bbox 1808 2293 1850 2365; x_wconf 92' lang='lat' dir='ltr'>pii</span> <span class='ocrx_word' id='word_1_357' title='bbox 1867 2300 1976 2349; x_wconf 83' lang='lat' dir='ltr'>veteres</span> 
     </span>
     <span class='ocr_line' id='line_1_25' title="bbox 284 2379 1975 2455; baseline -0.001 -18"><span class='ocrx_word' id='word_1_358' title='bbox 284 2383 410 2437; x_wconf 86' lang='lat' dir='ltr'>tudinem</span> <span class='ocrx_word' id='word_1_359' title='bbox 427 2383 561 2439; x_wconf 89' lang='lat' dir='ltr'>ecclesiae</span> <span class='ocrx_word' id='word_1_360' title='bbox 578 2389 736 2448; x_wconf 89' lang='lat' dir='ltr'>recensent,</span> <span class='ocrx_word' id='word_1_361' title='bbox 753 2385 813 2455; x_wconf 88' lang='lat' dir='ltr'>jam</span> <span class='ocrx_word' id='word_1_362' title='bbox 827 2400 892 2439; x_wconf 82' lang='lat' dir='ltr'>vero</span> <span class='ocrx_word' id='word_1_363' title='bbox 905 2382 1038 2439; x_wconf 87' lang='lat' dir='ltr'>ecclesiae</span> <span class='ocrx_word' id='word_1_364' title='bbox 1050 2399 1114 2437; x_wconf 90' lang='lat' dir='ltr'>con·</span> <span class='ocrx_word' id='word_1_365' title='bbox 1141 2388 1263 2439; x_wconf 85' lang='lat' dir='ltr'>oramate</span> <span class='ocrx_word' id='word_1_366' title='bbox 1289 2382 1350 2437; x_wconf 89' lang='lat' dir='ltr'>loco</span> <span class='ocrx_word' id='word_1_367' title='bbox 1376 2381 1445 2436; x_wconf 90' lang='lat' dir='ltr'>meri</span> <span class='ocrx_word' id='word_1_368' title='bbox 1469 2380 1498 2434; x_wconf 89' lang='lat' dir='ltr'>in</span> <span class='ocrx_word' id='word_1_369' title='bbox 1521 2379 1704 2436; x_wconf 87' lang='lat' dir='ltr'>eucharistiae</span> <span class='ocrx_word' id='word_1_370' title='bbox 1727 2379 1914 2436; x_wconf 81' lang='lat' dir='ltr'>celebratione</span> <span class='ocrx_word' id='word_1_371' title='bbox 1931 2380 1975 2435; x_wconf 90' lang='lat' dir='ltr'>usi</span> 
     </span>
     <span class='ocr_line' id='line_1_26' title="bbox 284 2467 1976 2542; baseline -0.001 -18"><span class='ocrx_word' id='word_1_372' title='bbox 284 2469 402 2524; x_wconf 90' lang='lat' dir='ltr'>suetudo</span> <span class='ocrx_word' id='word_1_373' title='bbox 422 2467 595 2525; x_wconf 89' lang='lat' dir='ltr'>Christianae</span> <span class='ocrx_word' id='word_1_374' title='bbox 623 2469 744 2526; x_wconf 88' lang='lat' dir='ltr'>libertati</span> <span class='ocrx_word' id='word_1_375' title='bbox 771 2486 827 2524; x_wconf 90' lang='lat' dir='ltr'>non</span> <span class='ocrx_word' id='word_1_376' title='bbox 847 2469 1035 2541; x_wconf 64' lang='lat' dir='ltr'>praejudicum</span> <span class='ocrx_word' id='word_1_377' title='bbox 1066 2470 1114 2542; x_wconf 80' lang='lat' dir='ltr'>qui</span> <span class='ocrx_word' id='word_1_378' title='bbox 1141 2476 1219 2536; x_wconf 82' lang='lat' dir='ltr'>sunt;</span> <span class='ocrx_word' id='word_1_379' title='bbox 1241 2486 1310 2542; x_wconf 90' lang='lat' dir='ltr'>quos</span> <span class='ocrx_word' id='word_1_380' title='bbox 1328 2469 1369 2523; x_wconf 87' lang='lat' dir='ltr'>uti</span> <span class='ocrx_word' id='word_1_381' title='bbox 1387 2485 1443 2523; x_wconf 91' lang='lat' dir='ltr'>non</span> <span class='ocrx_word' id='word_1_382' title='bbox 1461 2469 1637 2537; x_wconf 86' lang='lat' dir='ltr'>damnamus,</span> <span class='ocrx_word' id='word_1_383' title='bbox 1662 2467 1703 2522; x_wconf 92' lang='lat' dir='ltr'>ita</span> <span class='ocrx_word' id='word_1_384' title='bbox 1719 2484 1782 2522; x_wconf 89' lang='lat' dir='ltr'>cum</span> <span class='ocrx_word' id='word_1_385' title='bbox 1799 2467 1887 2524; x_wconf 88' lang='lat' dir='ltr'>libere</span> <span class='ocrx_word' id='word_1_386' title='bbox 1904 2467 1976 2523; x_wconf 90' lang='lat' dir='ltr'>illud</span> 
     </span>
     <span class='ocr_line' id='line_1_27' title="bbox 284 2553 1975 2627; baseline -0.001 -17"><span class='ocrx_word' id='word_1_387' title='bbox 284 2554 476 2612; x_wconf 86' lang='lat' dir='ltr'>necessitatem</span> <span class='ocrx_word' id='word_1_388' title='bbox 501 2555 639 2612; x_wconf 84' lang='lat' dir='ltr'>mixtionis</span> <span class='ocrx_word' id='word_1_389' title='bbox 658 2574 691 2611; x_wconf 92' lang='lat' dir='ltr'>ex</span> <span class='ocrx_word' id='word_1_390' title='bbox 709 2556 785 2611; x_wconf 85' lang='lat' dir='ltr'>facto</span> <span class='ocrx_word' id='word_1_391' title='bbox 807 2555 910 2610; x_wconf 89' lang='lat' dir='ltr'>Christi</span> <span class='ocrx_word' id='word_1_392' title='bbox 926 2561 1114 2627; x_wconf 87' lang='lat' dir='ltr'>propugnant,</span> <span class='ocrx_word' id='word_1_393' title='bbox 1141 2556 1271 2622; x_wconf 84' lang='lat' dir='ltr'>fecerint,</span> <span class='ocrx_word' id='word_1_394' title='bbox 1291 2562 1319 2612; x_wconf 91' lang='lat' dir='ltr'>et</span> <span class='ocrx_word' id='word_1_395' title='bbox 1337 2572 1403 2611; x_wconf 84' lang='lat' dir='ltr'>vero</span> <span class='ocrx_word' id='word_1_396' title='bbox 1420 2555 1516 2610; x_wconf 85' lang='lat' dir='ltr'>mixtio</span> <span class='ocrx_word' id='word_1_397' title='bbox 1534 2555 1598 2610; x_wconf 88' lang='lat' dir='ltr'>talis</span> <span class='ocrx_word' id='word_1_398' title='bbox 1618 2553 1752 2611; x_wconf 85' lang='lat' dir='ltr'>eeclesiae</span> <span class='ocrx_word' id='word_1_399' title='bbox 1768 2553 1851 2610; x_wconf 90' lang='lat' dir='ltr'>bodie</span> <span class='ocrx_word' id='word_1_400' title='bbox 1868 2571 1886 2608; x_wconf 90' lang='lat' dir='ltr'>a</span> <span class='ocrx_word' id='word_1_401' title='bbox 1901 2554 1975 2609; x_wconf 89' lang='lat' dir='ltr'>Pon·</span> 
     </span>
     <span class='ocr_line' id='line_1_28' title="bbox 286 2638 1976 2716; baseline 0.001 -20"><span class='ocrx_word' id='word_1_402' title='bbox 286 2643 322 2696; x_wconf 85' lang='lat' dir='ltr'>sd</span> <span class='ocrx_word' id='word_1_403' title='bbox 346 2641 523 2698; x_wconf 86' lang='lat' dir='ltr'>traditionem</span> <span class='ocrx_word' id='word_1_404' title='bbox 548 2642 726 2716; x_wconf 83' lang='lat' dir='ltr'>confugiunt,</span> <span class='ocrx_word' id='word_1_405' title='bbox 749 2644 810 2714; x_wconf 89' lang='lat' dir='ltr'>jam</span> <span class='ocrx_word' id='word_1_406' title='bbox 830 2660 896 2698; x_wconf 83' lang='lat' dir='ltr'>sero</span> <span class='ocrx_word' id='word_1_407' title='bbox 920 2642 1043 2697; x_wconf 85' lang='lat' dir='ltr'>incertae</span> <span class='ocrx_word' id='word_1_408' title='bbox 1060 2648 1116 2697; x_wconf 91' lang='lat' dir='ltr'>tra·</span> <span class='ocrx_word' id='word_1_409' title='bbox 1141 2642 1234 2698; x_wconf 87' lang='lat' dir='ltr'>tificiis</span> <span class='ocrx_word' id='word_1_410' title='bbox 1261 2642 1426 2698; x_wconf 86' lang='lat' dir='ltr'>obtrudatur</span> <span class='ocrx_word' id='word_1_411' title='bbox 1450 2647 1584 2712; x_wconf 89' lang='lat' dir='ltr'>tanquam</span> <span class='ocrx_word' id='word_1_412' title='bbox 1610 2638 1738 2695; x_wconf 89' lang='lat' dir='ltr'>absolute</span> <span class='ocrx_word' id='word_1_413' title='bbox 1760 2644 1790 2694; x_wconf 90' lang='grc' dir='ltr'>ιι</span> <span class='ocrx_word' id='word_1_414' title='bbox 1813 2639 1976 2713; x_wconf 82' lang='lat' dir='ltr'>simpliciter</span> 
     </span>
     <span class='ocr_line' id='line_1_29' title="bbox 285 2726 1976 2801; baseline 0.002 -19"><span class='ocrx_word' id='word_1_415' title='bbox 285 2728 403 2783; x_wconf 82' lang='lat' dir='ltr'>didonss</span> <span class='ocrx_word' id='word_1_416' title='bbox 420 2727 528 2801; x_wconf 88' lang='lat' dir='ltr'>(quales</span> <span class='ocrx_word' id='word_1_417' title='bbox 548 2736 613 2785; x_wconf 88' lang='lat' dir='ltr'>sunt</span> <span class='ocrx_word' id='word_1_418' title='bbox 629 2746 739 2797; x_wconf 89' lang='lat' dir='ltr'>omnes,</span> <span class='ocrx_word' id='word_1_419' title='bbox 758 2745 830 2800; x_wconf 87' lang='lat' dir='ltr'>quae</span> <span class='ocrx_word' id='word_1_420' title='bbox 848 2734 927 2783; x_wconf 89' lang='lat' dir='ltr'>extra</span> <span class='ocrx_word' id='word_1_421' title='bbox 944 2727 1115 2799; x_wconf 77' lang='lat' dir='ltr'>scripturam</span> <span class='ocrx_word' id='word_1_422' title='bbox 1142 2729 1311 2800; x_wconf 87' lang='lat' dir='ltr'>necessaria,</span> <span class='ocrx_word' id='word_1_423' title='bbox 1339 2734 1367 2784; x_wconf 92' lang='lat' dir='ltr'>et</span> <span class='ocrx_word' id='word_1_424' title='bbox 1386 2727 1498 2801; x_wconf 92' lang='lat' dir='ltr'>quidem</span> <span class='ocrx_word' id='word_1_425' title='bbox 1516 2728 1568 2782; x_wconf 91' lang='lat' dir='ltr'>hoc</span> <span class='ocrx_word' id='word_1_426' title='bbox 1583 2727 1651 2795; x_wconf 86' lang='lat' dir='ltr'>fine,</span> <span class='ocrx_word' id='word_1_427' title='bbox 1677 2732 1710 2781; x_wconf 90' lang='lat' dir='ltr'>ut</span> <span class='ocrx_word' id='word_1_428' title='bbox 1727 2726 1846 2797; x_wconf 89' lang='lat' dir='ltr'>populus</span> <span class='ocrx_word' id='word_1_429' title='bbox 1865 2726 1976 2785; x_wconf 85' lang='lat' dir='ltr'>Christo</span> 
     </span>
     <span class='ocr_line' id='line_1_30' title="bbox 284 2812 1976 2888; baseline 0.001 -19"><span class='ocrx_word' id='word_1_430' title='bbox 284 2815 487 2886; x_wconf 77' lang='lat' dir='ltr'>proponuntur)</span> <span class='ocrx_word' id='word_1_431' title='bbox 512 2832 567 2870; x_wconf 94' lang='lat' dir='ltr'>non</span> <span class='ocrx_word' id='word_1_432' title='bbox 591 2821 708 2887; x_wconf 87' lang='lat' dir='ltr'>possunt</span> <span class='ocrx_word' id='word_1_433' title='bbox 726 2815 912 2870; x_wconf 86' lang='lat' dir='ltr'>necessarium</span> <span class='ocrx_word' id='word_1_434' title='bbox 929 2813 994 2870; x_wconf 89' lang='lat' dir='ltr'>fidei</span> <span class='ocrx_word' id='word_1_435' title='bbox 1014 2815 1115 2870; x_wconf 89' lang='lat' dir='ltr'>articu-</span> <span class='ocrx_word' id='word_1_436' title='bbox 1142 2817 1293 2884; x_wconf 84' lang='lat' dir='ltr'>adunetur,</span> <span class='ocrx_word' id='word_1_437' title='bbox 1320 2815 1432 2888; x_wconf 89' lang='lat' dir='ltr'>quando</span> <span class='ocrx_word' id='word_1_438' title='bbox 1448 2814 1543 2869; x_wconf 82' lang='lat' dir='ltr'>vinum</span> <span class='ocrx_word' id='word_1_439' title='bbox 1560 2830 1651 2885; x_wconf 87' lang='lat' dir='ltr'>aquae</span> <span class='ocrx_word' id='word_1_440' title='bbox 1668 2812 1814 2882; x_wconf 71' lang='lat' dir='ltr'>miscetur,</span> <span class='ocrx_word' id='word_1_441' title='bbox 1840 2812 1905 2869; x_wconf 87' lang='lat' dir='ltr'>ideo</span> <span class='ocrx_word' id='word_1_442' title='bbox 1926 2829 1976 2870; x_wconf 92' lang='lat' dir='ltr'>no·</span> 
     </span>
     <span class='ocr_line' id='line_1_31' title="bbox 283 2899 1976 2973; baseline 0.001 -18"><span class='ocrx_word' id='word_1_443' title='bbox 283 2901 341 2955; x_wconf 91' lang='lat' dir='ltr'>lum</span> <span class='ocrx_word' id='word_1_444' title='bbox 359 2901 535 2965; x_wconf 88' lang='lat' dir='ltr'>constituere,</span> <span class='ocrx_word' id='word_1_445' title='bbox 552 2906 585 2956; x_wconf 90' lang='lat' dir='ltr'>ut</span> <span class='ocrx_word' id='word_1_446' title='bbox 601 2902 637 2956; x_wconf 91' lang='lat' dir='ltr'>de</span> <span class='ocrx_word' id='word_1_447' title='bbox 654 2900 785 2973; x_wconf 87' lang='lat' dir='ltr'>liturgiae</span> <span class='ocrx_word' id='word_1_448' title='bbox 804 2901 913 2970; x_wconf 77' lang='lat' dir='ltr'>iacobi,</span> <span class='ocrx_word' id='word_1_449' title='bbox 932 2900 1115 2957; x_wconf 67' lang='lat' dir='ltr'>Clementiae</span> <span class='ocrx_word' id='word_1_450' title='bbox 1143 2910 1217 2960; x_wconf 84' lang='lat' dir='ltr'>strae</span> <span class='ocrx_word' id='word_1_451' title='bbox 1241 2902 1375 2958; x_wconf 89' lang='lat' dir='ltr'>ecclesiae</span> <span class='ocrx_word' id='word_1_452' title='bbox 1394 2900 1520 2971; x_wconf 90' lang='lat' dir='ltr'>exemplo</span> <span class='ocrx_word' id='word_1_453' title='bbox 1538 2906 1567 2955; x_wconf 92' lang='lat' dir='ltr'>et</span> <span class='ocrx_word' id='word_1_454' title='bbox 1583 2900 1659 2956; x_wconf 78' lang='lat' dir='ltr'>iacto</span> <span class='ocrx_word' id='word_1_455' title='bbox 1676 2899 1871 2965; x_wconf 87' lang='lat' dir='ltr'>ostenderunt,</span> <span class='ocrx_word' id='word_1_456' title='bbox 1896 2899 1976 2957; x_wconf 90' lang='lat' dir='ltr'>Chri·</span> 
     </span>
     <span class='ocr_line' id='line_1_32' title="bbox 283 2986 1977 3060; baseline 0.001 -18"><span class='ocrx_word' id='word_1_457' title='bbox 283 3004 345 3042; x_wconf 88' lang='lat' dir='ltr'>mm</span> <span class='ocrx_word' id='word_1_458' title='bbox 364 2987 590 3044; x_wconf 87' lang='lat' dir='ltr'>constitutionum</span> <span class='ocrx_word' id='word_1_459' title='bbox 609 2992 638 3043; x_wconf 91' lang='lat' dir='ltr'>et</span> <span class='ocrx_word' id='word_1_460' title='bbox 661 2988 840 3059; x_wconf 87' lang='lat' dir='ltr'>epistolarum</span> <span class='ocrx_word' id='word_1_461' title='bbox 859 2986 1038 3044; x_wconf 87' lang='lat' dir='ltr'>decretalium</span> <span class='ocrx_word' id='word_1_462' title='bbox 1057 3006 1115 3044; x_wconf 91' lang='lat' dir='ltr'>cer·</span> <span class='ocrx_word' id='word_1_463' title='bbox 1142 2991 1261 3047; x_wconf 87' lang='lat' dir='ltr'>stianam</span> <span class='ocrx_word' id='word_1_464' title='bbox 1285 2989 1440 3045; x_wconf 84' lang='lat' dir='ltr'>libertatem</span> <span class='ocrx_word' id='word_1_465' title='bbox 1464 2986 1564 3057; x_wconf 89' lang='lat' dir='ltr'>iniis,</span> <span class='ocrx_word' id='word_1_466' title='bbox 1589 3005 1661 3060; x_wconf 89' lang='lat' dir='ltr'>quae</span> <span class='ocrx_word' id='word_1_467' title='bbox 1686 3004 1743 3043; x_wconf 94' lang='lat' dir='ltr'>non</span> <span class='ocrx_word' id='word_1_468' title='bbox 1761 2993 1827 3043; x_wconf 89' lang='lat' dir='ltr'>sunt</span> <span class='ocrx_word' id='word_1_469' title='bbox 1848 2987 1922 3059; x_wconf 87' lang='lat' dir='ltr'>juris</span> <span class='ocrx_word' id='word_1_470' title='bbox 1942 3004 1977 3044; x_wconf 88' lang='lat' dir='ltr'>sc</span> 
     </span>
     <span class='ocr_line' id='line_1_33' title="bbox 283 3072 1977 3151; baseline 0 -22"><span class='ocrx_word' id='word_1_471' title='bbox 283 3073 403 3129; x_wconf 86' lang='lat' dir='ltr'>titudine</span> <span class='ocrx_word' id='word_1_472' title='bbox 420 3073 491 3128; x_wconf 90' lang='lat' dir='ltr'>nihil</span> <span class='ocrx_word' id='word_1_473' title='bbox 511 3073 642 3129; x_wconf 88' lang='lat' dir='ltr'>dicamus.</span> <span class='ocrx_word' id='word_1_474' title='bbox 679 3081 703 3129; x_wconf 83' lang='grc' dir='ltr'>ι.</span> <span class='ocrx_word' id='word_1_475' title='bbox 721 3075 835 3149; x_wconf 80' lang='lat' dir='ltr'>Utimur</span> <span class='ocrx_word' id='word_1_476' title='bbox 851 3079 945 3130; x_wconf 90' lang='lat' dir='ltr'>autem</span> <span class='ocrx_word' id='word_1_477' title='bbox 963 3074 1017 3130; x_wconf 90' lang='lat' dir='ltr'>hoc</span> <span class='ocrx_word' id='word_1_478' title='bbox 1034 3093 1115 3148; x_wconf 90' lang='lat' dir='ltr'>argu·</span> <span class='ocrx_word' id='word_1_479' title='bbox 1143 3076 1285 3151; x_wconf 86' lang='lat' dir='ltr'>praecepti</span> <span class='ocrx_word' id='word_1_480' title='bbox 1314 3074 1415 3142; x_wconf 78' lang='lat' dir='ltr'>dirim,</span> <span class='ocrx_word' id='word_1_481' title='bbox 1445 3088 1501 3127; x_wconf 91' lang='lat' dir='ltr'>non</span> <span class='ocrx_word' id='word_1_482' title='bbox 1526 3072 1629 3130; x_wconf 89' lang='lat' dir='ltr'>debere</span> <span class='ocrx_word' id='word_1_483' title='bbox 1648 3075 1718 3145; x_wconf 87' lang='lat' dir='ltr'>jugo</span> <span class='ocrx_word' id='word_1_484' title='bbox 1742 3072 1883 3130; x_wconf 78' lang='lat' dir='ltr'>servitutis</span> <span class='ocrx_word' id='word_1_485' title='bbox 1911 3073 1977 3129; x_wconf 82' lang='lat' dir='ltr'>sub·</span> 
     </span>
     <span class='ocr_line' id='line_1_34' title="bbox 284 3158 1977 3236; baseline 0.002 -22"><span class='ocrx_word' id='word_1_486' title='bbox 284 3166 393 3215; x_wconf 85' lang='lat' dir='ltr'>mento:</span> <span class='ocrx_word' id='word_1_487' title='bbox 424 3158 455 3215; x_wconf 81' lang='lat' dir='ltr'>Si</span> <span class='ocrx_word' id='word_1_488' title='bbox 473 3158 599 3215; x_wconf 90' lang='lat' dir='ltr'>Christus</span> <span class='ocrx_word' id='word_1_489' title='bbox 616 3160 712 3215; x_wconf 84' lang='lat' dir='ltr'>vinum</span> <span class='ocrx_word' id='word_1_490' title='bbox 733 3177 807 3232; x_wconf 89' lang='lat' dir='ltr'>aqna</span> <span class='ocrx_word' id='word_1_491' title='bbox 825 3161 948 3231; x_wconf 82' lang='lat' dir='ltr'>miscuit,</span> <span class='ocrx_word' id='word_1_492' title='bbox 964 3160 1070 3216; x_wconf 80' lang='lat' dir='ltr'>factum</span> <span class='ocrx_word' id='word_1_493' title='bbox 1086 3161 1116 3216; x_wconf 92' lang='lat' dir='ltr'>id</span> <span class='ocrx_word' id='word_1_494' title='bbox 1140 3166 1244 3236; x_wconf 85' lang='lat' dir='ltr'>jectam</span> <span class='ocrx_word' id='word_1_495' title='bbox 1261 3179 1330 3228; x_wconf 92' lang='lat' dir='ltr'>esse,</span> <span class='ocrx_word' id='word_1_496' title='bbox 1348 3178 1412 3217; x_wconf 89' lang='lat' dir='ltr'>cum</span> <span class='ocrx_word' id='word_1_497' title='bbox 1429 3159 1592 3231; x_wconf 86' lang='lat' dir='ltr'>praesertim</span> <span class='ocrx_word' id='word_1_498' title='bbox 1611 3177 1741 3218; x_wconf 88' lang='lat' dir='ltr'>erroneae</span> <span class='ocrx_word' id='word_1_499' title='bbox 1752 3159 1896 3232; x_wconf 86' lang='lat' dir='ltr'>opiniones</span> <span class='ocrx_word' id='word_1_500' title='bbox 1911 3161 1977 3217; x_wconf 84' lang='lat' dir='ltr'>huie</span> 
     </span>
     <span class='ocr_line' id='line_1_35' title="bbox 284 3247 1528 3321; baseline 0.002 -21"><span class='ocrx_word' id='word_1_501' title='bbox 284 3247 328 3301; x_wconf 85' lang='lat' dir='ltr'>rel</span> <span class='ocrx_word' id='word_1_502' title='bbox 344 3253 459 3318; x_wconf 90' lang='lat' dir='ltr'>propter</span> <span class='ocrx_word' id='word_1_503' title='bbox 476 3253 690 3317; x_wconf 86' lang='lat' dir='ltr'>sacramentum,</span> <span class='ocrx_word' id='word_1_504' title='bbox 708 3248 752 3302; x_wconf 84' lang='lat' dir='ltr'>vel</span> <span class='ocrx_word' id='word_1_505' title='bbox 771 3254 884 3319; x_wconf 87' lang='lat' dir='ltr'>propter</span> <span class='ocrx_word' id='word_1_506' title='bbox 901 3264 1004 3303; x_wconf 90' lang='lat' dir='ltr'>morem</span> <span class='ocrx_word' id='word_1_507' title='bbox 1026 3248 1115 3321; x_wconf 89' lang='lat' dir='ltr'>regio-</span> <span class='ocrx_word' id='word_1_508' title='bbox 1143 3249 1329 3307; x_wconf 85' lang='lat' dir='ltr'>observationi</span> <span class='ocrx_word' id='word_1_509' title='bbox 1348 3247 1528 3319; x_wconf 78' lang='lat' dir='ltr'>affinguntur.</span> 
     </span>
    </p>

    <p class='ocr_par' dir='ltr' id='par_1_3' title="bbox 174 3327 1994 5317">
     <span class='ocr_line' id='line_1_36' title="bbox 174 3327 1979 3403; baseline 0.002 -16"><span class='ocrx_word' id='word_1_510' title='bbox 174 3327 176 3332; x_wconf 79' lang='grc'><strong>’</strong></span> <span class='ocrx_word' id='word_1_511' title='bbox 284 3335 337 3388; x_wconf 89' lang='lat' dir='ltr'>nis.</span> <span class='ocrx_word' id='word_1_512' title='bbox 374 3333 405 3387; x_wconf 85' lang='lat' dir='ltr'>Si</span> <span class='ocrx_word' id='word_1_513' title='bbox 424 3332 514 3403; x_wconf 89' lang='lat' dir='ltr'>prius,</span> <span class='ocrx_word' id='word_1_514' title='bbox 540 3332 682 3403; x_wconf 90' lang='lat' dir='ltr'>sequitur,</span> <span class='ocrx_word' id='word_1_515' title='bbox 711 3333 870 3389; x_wconf 85' lang='lat' dir='ltr'>mixtionem</span> <span class='ocrx_word' id='word_1_516' title='bbox 896 3335 933 3389; x_wconf 86' lang='lat' dir='ltr'>ad</span> <span class='ocrx_word' id='word_1_517' title='bbox 951 3335 1117 3390; x_wconf 86' lang='lat' dir='ltr'>sacramenti</span> <span class='ocrx_word' id='word_1_518' title='bbox 1180 3344 1220 3395; x_wconf 80' lang='lat'>29.</span> <span class='ocrx_word' id='word_1_519' title='bbox 1251 3336 1337 3392; x_wconf 88' lang='lat' dir='ltr'>Porro</span> <span class='ocrx_word' id='word_1_520' title='bbox 1364 3334 1469 3390; x_wconf 90' lang='lat' dir='ltr'>nullam</span> <span class='ocrx_word' id='word_1_521' title='bbox 1495 3351 1528 3390; x_wconf 91' lang='lat' dir='ltr'>ex</span> <span class='ocrx_word' id='word_1_522' title='bbox 1554 3333 1721 3390; x_wconf 85' lang='lat' dir='ltr'>enumeratis</span> <span class='ocrx_word' id='word_1_523' title='bbox 1742 3333 1833 3389; x_wconf 88' lang='lat' dir='ltr'>causis</span> <span class='ocrx_word' id='word_1_524' title='bbox 1859 3333 1979 3390; x_wconf 86' lang='lat' dir='ltr'>adhibiti</span> 
     </span>
     <span class='ocr_line' id='line_1_37' title="bbox 285 3417 1977 3494; baseline 0.004 -20"><span class='ocrx_word' id='word_1_525' title='bbox 285 3419 472 3491; x_wconf 86' lang='lat' dir='ltr'>integritatem</span> <span class='ocrx_word' id='word_1_526' title='bbox 509 3417 661 3488; x_wconf 91' lang='lat' dir='ltr'>pertinere,</span> <span class='ocrx_word' id='word_1_527' title='bbox 701 3419 750 3474; x_wconf 90' lang='lat' dir='ltr'>illa</span> <span class='ocrx_word' id='word_1_528' title='bbox 784 3421 857 3475; x_wconf 89' lang='lat' dir='ltr'>enim</span> <span class='ocrx_word' id='word_1_529' title='bbox 888 3426 931 3476; x_wconf 90' lang='lat' dir='ltr'>est</span> <span class='ocrx_word' id='word_1_530' title='bbox 962 3422 1118 3477; x_wconf 88' lang='lat' dir='ltr'>necessaris</span> <span class='ocrx_word' id='word_1_531' title='bbox 1144 3424 1209 3481; x_wconf 92' lang='lat' dir='ltr'>olim</span> <span class='ocrx_word' id='word_1_532' title='bbox 1228 3421 1358 3479; x_wconf 83' lang='lat' dir='ltr'>cramstie</span> <span class='ocrx_word' id='word_1_533' title='bbox 1376 3426 1520 3494; x_wconf 88' lang='lat' dir='ltr'>cogentem</span> <span class='ocrx_word' id='word_1_534' title='bbox 1534 3438 1595 3478; x_wconf 89' lang='lat' dir='ltr'>esse</span> <span class='ocrx_word' id='word_1_535' title='bbox 1612 3420 1977 3480; x_wconf 86' lang='lat' dir='ltr'>ostenditesrumexamen.</span> 
     </span>
     <span class='ocr_line' id='line_1_38' title="bbox 287 3505 1980 3581; baseline 0.001 -20"><span class='ocrx_word' id='word_1_536' title='bbox 287 3507 424 3577; x_wconf 89' lang='lat' dir='ltr'>cujusque</span> <span class='ocrx_word' id='word_1_537' title='bbox 443 3505 609 3559; x_wconf 83' lang='lat' dir='ltr'>sacramenti</span> <span class='ocrx_word' id='word_1_538' title='bbox 627 3507 752 3575; x_wconf 83' lang='lat' dir='ltr'>materia,</span> <span class='ocrx_word' id='word_1_539' title='bbox 772 3507 994 3579; x_wconf 74' lang='lat' dir='ltr'>quemchristus</span> <span class='ocrx_word' id='word_1_540' title='bbox 1009 3507 1045 3562; x_wconf 89' lang='lat' dir='ltr'>ad</span> <span class='ocrx_word' id='word_1_541' title='bbox 1058 3525 1118 3563; x_wconf 91' lang='lat' dir='ltr'>eam</span> <span class='ocrx_word' id='word_1_542' title='bbox 1146 3517 1169 3570; x_wconf 86' lang='lat'>1.</span> <span class='ocrx_word' id='word_1_543' title='bbox 1189 3510 1316 3565; x_wconf 70' lang='lat' dir='ltr'>Obrimus</span> <span class='ocrx_word' id='word_1_544' title='bbox 1332 3527 1399 3564; x_wconf 78' lang='lat' dir='ltr'>aurs</span> <span class='ocrx_word' id='word_1_545' title='bbox 1416 3509 1538 3563; x_wconf 79' lang='lat' dir='ltr'>estsine</span> <span class='ocrx_word' id='word_1_546' title='bbox 1557 3525 1636 3578; x_wconf 75' lang='lat' dir='ltr'>aqua</span> <span class='ocrx_word' id='word_1_547' title='bbox 1656 3515 1817 3578; x_wconf 81' lang='lat' dir='ltr'>temperato.</span> <span class='ocrx_word' id='word_1_548' title='bbox 1854 3507 1980 3581; x_wconf 82' lang='lat' dir='ltr'>Respon-</span> 
     </span>
     <span class='ocr_line' id='line_1_39' title="bbox 288 3589 1980 3667; baseline 0.002 -21"><span class='ocrx_word' id='word_1_549' title='bbox 288 3591 434 3647; x_wconf 83' lang='lat' dir='ltr'>ordinavit.</span> <span class='ocrx_word' id='word_1_550' title='bbox 471 3589 650 3661; x_wconf 87' lang='lat' dir='ltr'>Consequens</span> <span class='ocrx_word' id='word_1_551' title='bbox 674 3599 760 3662; x_wconf 87' lang='lat' dir='ltr'>negat</span> <span class='ocrx_word' id='word_1_552' title='bbox 777 3590 961 3648; x_wconf 91' lang='lat' dir='ltr'>Bellarminus</span> <span class='ocrx_word' id='word_1_553' title='bbox 980 3591 1009 3666; x_wconf 65' lang='grc' dir='ltr'><strong>ξ.</strong></span> <span class='ocrx_word' id='word_1_554' title='bbox 1029 3611 1119 3665; x_wconf 92' lang='lat' dir='ltr'>porro,</span> <span class='ocrx_word' id='word_1_555' title='bbox 1146 3600 1256 3654; x_wconf 77' lang='lat' dir='ltr'>demus:</span> <span class='ocrx_word' id='word_1_556' title='bbox 1274 3597 1394 3652; x_wconf 84' lang='lat' dir='ltr'>&#39;ihomas</span> <span class='ocrx_word' id='word_1_557' title='bbox 1410 3601 1481 3667; x_wconf 87' lang='lat' dir='ltr'>part.</span> <span class='ocrx_word' id='word_1_558' title='bbox 1501 3600 1525 3651; x_wconf 85' lang='lat'>3.</span> <span class='ocrx_word' id='word_1_559' title='bbox 1546 3612 1591 3666; x_wconf 81' lang='lat' dir='ltr'>qu</span> <span class='ocrx_word' id='word_1_560' title='bbox 1611 3601 1652 3650; x_wconf 81' lang='grc'><strong>74.</strong></span> <span class='ocrx_word' id='word_1_561' title='bbox 1670 3600 1722 3650; x_wconf 84' lang='grc' dir='ltr'>ιιι.</span> <span class='ocrx_word' id='word_1_562' title='bbox 1737 3600 1762 3649; x_wconf 85' lang='lat' dir='ltr'>d.</span> <span class='ocrx_word' id='word_1_563' title='bbox 1780 3593 1892 3662; x_wconf 83' lang='lat' dir='ltr'>fatetur,</span> <span class='ocrx_word' id='word_1_564' title='bbox 1909 3613 1980 3666; x_wconf 80' lang='lat' dir='ltr'>pro-</span> 
     </span>
     <span class='ocr_line' id='line_1_40' title="bbox 289 3676 1980 3751; baseline 0.003 -19"><span class='ocrx_word' id='word_1_565' title='bbox 289 3679 329 3732; x_wconf 88' lang='lat' dir='ltr'>sio</span> <span class='ocrx_word' id='word_1_566' title='bbox 352 3676 489 3731; x_wconf 89' lang='lat' dir='ltr'>scribens:</span> <span class='ocrx_word' id='word_1_567' title='bbox 521 3677 617 3731; x_wconf 78' lang='lat' dir='ltr'>Utrum</span> <span class='ocrx_word' id='word_1_568' title='bbox 644 3678 705 3732; x_wconf 84' lang='lat' dir='ltr'>sios</span> <span class='ocrx_word' id='word_1_569' title='bbox 728 3695 803 3748; x_wconf 80' lang='lat' dir='ltr'>aquo</span> <span class='ocrx_word' id='word_1_570' title='bbox 827 3689 1031 3734; x_wconf 55' lang='lat' dir='ltr'>sacamentum</span> <span class='ocrx_word' id='word_1_571' title='bbox 1055 3699 1119 3736; x_wconf 81' lang='lat' dir='ltr'>coa·</span> <span class='ocrx_word' id='word_1_572' title='bbox 1147 3685 1276 3739; x_wconf 75' lang='lat' dir='ltr'>babditer</span> <span class='ocrx_word' id='word_1_573' title='bbox 1295 3691 1402 3738; x_wconf 77' lang='lat' dir='ltr'>mnsam</span> <span class='ocrx_word' id='word_1_574' title='bbox 1420 3682 1513 3751; x_wconf 81' lang='lat' dir='ltr'>credi,</span> <span class='ocrx_word' id='word_1_575' title='bbox 1531 3683 1609 3751; x_wconf 76' lang='lat' dir='ltr'>quod</span> <span class='ocrx_word' id='word_1_576' title='bbox 1621 3682 1761 3735; x_wconf 79' lang='lat' dir='ltr'>Dominus</span> <span class='ocrx_word' id='word_1_577' title='bbox 1772 3690 1980 3737; x_wconf 64' lang='lat' dir='ltr'>sememonten</span> 
     </span>
     <span class='ocr_line' id='line_1_41' title="bbox 288 3762 1981 3841; baseline 0.005 -23"><span class='ocrx_word' id='word_1_578' title='bbox 288 3765 387 3818; x_wconf 74' lang='lat' dir='ltr'>sieten</span> <span class='ocrx_word' id='word_1_579' title='bbox 402 3762 501 3831; x_wconf 82' lang='lat' dir='ltr'>possit,</span> <span class='ocrx_word' id='word_1_580' title='bbox 519 3781 575 3817; x_wconf 81' lang='lat' dir='ltr'>ooo</span> <span class='ocrx_word' id='word_1_581' title='bbox 593 3772 634 3816; x_wconf 86' lang='lat' dir='ltr'>est</span> <span class='ocrx_word' id='word_1_582' title='bbox 651 3765 849 3828; x_wconf 84' lang='lat' dir='ltr'>adsocertum,</span> <span class='ocrx_word' id='word_1_583' title='bbox 867 3767 1018 3821; x_wconf 78' lang='lat' dir='ltr'>communis</span> <span class='ocrx_word' id='word_1_584' title='bbox 1029 3775 1119 3822; x_wconf 80' lang='grc' dir='ltr'>ιιιιιι</span> <span class='ocrx_word' id='word_1_585' title='bbox 1146 3771 1348 3826; x_wconf 77' lang='lat' dir='ltr'>institueritis</span> <span class='ocrx_word' id='word_1_586' title='bbox 1362 3771 1428 3824; x_wconf 84' lang='lat' dir='ltr'>oioo</span> <span class='ocrx_word' id='word_1_587' title='bbox 1447 3784 1522 3838; x_wconf 79' lang='lat' dir='ltr'>aquo</span> <span class='ocrx_word' id='word_1_588' title='bbox 1544 3768 1693 3839; x_wconf 66' lang='lat' dir='ltr'>pressos.</span> <span class='ocrx_word' id='word_1_589' title='bbox 1728 3765 1811 3823; x_wconf 81' lang='lat' dir='ltr'>Adde</span> <span class='ocrx_word' id='word_1_590' title='bbox 1828 3770 1905 3841; x_wconf 90' lang='lat' dir='ltr'>quod</span> <span class='ocrx_word' id='word_1_591' title='bbox 1923 3786 1981 3826; x_wconf 89' lang='lat' dir='ltr'>uon</span> 
     </span>
     <span class='ocr_line' id='line_1_42' title="bbox 289 3849 1981 3927; baseline 0.007 -26"><span class='ocrx_word' id='word_1_592' title='bbox 289 3850 383 3919; x_wconf 78' lang='lat' dir='ltr'>opinio</span> <span class='ocrx_word' id='word_1_593' title='bbox 410 3849 441 3902; x_wconf 82' lang='lat' dir='ltr'>io</span> <span class='ocrx_word' id='word_1_594' title='bbox 462 3857 577 3918; x_wconf 80' lang='lat' dir='ltr'>partem</span> <span class='ocrx_word' id='word_1_595' title='bbox 604 3852 810 3920; x_wconf 79' lang='lat' dir='ltr'>affirmativam</span> <span class='ocrx_word' id='word_1_596' title='bbox 838 3856 1004 3922; x_wconf 72' lang='lat' dir='ltr'>propendet.</span> <span class='ocrx_word' id='word_1_597' title='bbox 1041 3855 1119 3911; x_wconf 91' lang='lat' dir='ltr'>Idem</span> <span class='ocrx_word' id='word_1_598' title='bbox 1146 3857 1252 3922; x_wconf 87' lang='lat' dir='ltr'>omnia,</span> <span class='ocrx_word' id='word_1_599' title='bbox 1289 3873 1361 3927; x_wconf 87' lang='lat' dir='ltr'>quae</span> <span class='ocrx_word' id='word_1_600' title='bbox 1392 3855 1516 3912; x_wconf 74' lang='lat' dir='ltr'>Christus</span> <span class='ocrx_word' id='word_1_601' title='bbox 1547 3855 1577 3909; x_wconf 93' lang='lat' dir='ltr'>in</span> <span class='ocrx_word' id='word_1_602' title='bbox 1607 3853 1846 3911; x_wconf 75' lang='lat' dir='ltr'>administratione</span> <span class='ocrx_word' id='word_1_603' title='bbox 1872 3856 1981 3927; x_wconf 80' lang='lat' dir='ltr'>primae</span> 
     </span>
     <span class='ocr_line' id='line_1_43' title="bbox 288 3935 1979 4014; baseline 0.005 -25"><span class='ocrx_word' id='word_1_604' title='bbox 288 3936 386 3991; x_wconf 88' lang='lat' dir='ltr'>statuit</span> <span class='ocrx_word' id='word_1_605' title='bbox 403 3935 533 4007; x_wconf 90' lang='lat' dir='ltr'>Lyranus</span> <span class='ocrx_word' id='word_1_606' title='bbox 551 3936 614 3991; x_wconf 90' lang='lat' dir='ltr'>loco</span> <span class='ocrx_word' id='word_1_607' title='bbox 632 3937 755 4007; x_wconf 82' lang='lat' dir='ltr'>proxime</span> <span class='ocrx_word' id='word_1_608' title='bbox 774 3939 873 3993; x_wconf 87' lang='lat' dir='ltr'>citato:</span> <span class='ocrx_word' id='word_1_609' title='bbox 900 3939 935 3993; x_wconf 79' lang='lat' dir='ltr'>Si</span> <span class='ocrx_word' id='word_1_610' title='bbox 952 3959 1008 3994; x_wconf 79' lang='lat' dir='ltr'>aon</span> <span class='ocrx_word' id='word_1_611' title='bbox 1025 3942 1119 3996; x_wconf 81' lang='lat' dir='ltr'>animo</span> <span class='ocrx_word' id='word_1_612' title='bbox 1146 3961 1247 4002; x_wconf 87' lang='lat' dir='ltr'>coenas</span> <span class='ocrx_word' id='word_1_613' title='bbox 1273 3943 1372 4011; x_wconf 82' lang='lat' dir='ltr'>fecisse</span> <span class='ocrx_word' id='word_1_614' title='bbox 1400 3943 1519 4014; x_wconf 86' lang='lat' dir='ltr'>legitur,</span> <span class='ocrx_word' id='word_1_615' title='bbox 1550 3940 1677 3997; x_wconf 88' lang='lat' dir='ltr'>absoluto</span> <span class='ocrx_word' id='word_1_616' title='bbox 1705 3941 1924 4013; x_wconf 70' lang='lat' dir='ltr'>et‘simpliciter</span> <span class='ocrx_word' id='word_1_617' title='bbox 1948 3943 1979 3997; x_wconf 91' lang='lat' dir='ltr'>in</span> 
     </span>
     <span class='ocr_line' id='line_1_44' title="bbox 287 4023 1980 4096; baseline 0.004 -19"><span class='ocrx_word' id='word_1_618' title='bbox 287 4023 489 4077; x_wconf 75' lang='lat' dir='ltr'>introducendi</span> <span class='ocrx_word' id='word_1_619' title='bbox 512 4023 656 4090; x_wconf 79' lang='lat' dir='ltr'>haeresin,</span> <span class='ocrx_word' id='word_1_620' title='bbox 681 4026 734 4077; x_wconf 81' lang='lat' dir='ltr'>sed</span> <span class='ocrx_word' id='word_1_621' title='bbox 757 4025 895 4080; x_wconf 79' lang='lat' dir='ltr'>obliviose</span> <span class='ocrx_word' id='word_1_622' title='bbox 910 4029 1120 4096; x_wconf 68' lang='lat' dir='ltr'>promerms&#39;tto-</span> <span class='ocrx_word' id='word_1_623' title='bbox 1145 4029 1329 4087; x_wconf 87' lang='lat' dir='ltr'>eucharistiae</span> <span class='ocrx_word' id='word_1_624' title='bbox 1363 4029 1548 4085; x_wconf 87' lang='lat' dir='ltr'>celebratione</span> <span class='ocrx_word' id='word_1_625' title='bbox 1580 4027 1737 4082; x_wconf 85' lang='lat' dir='ltr'>necessaria</span> <span class='ocrx_word' id='word_1_626' title='bbox 1767 4027 1831 4083; x_wconf 86' lang='lat' dir='ltr'>sint</span> <span class='ocrx_word' id='word_1_627' title='bbox 1881 4032 1909 4086; x_wconf 78' lang='lat'>2.</span> <span class='ocrx_word' id='word_1_628' title='bbox 1941 4029 1980 4084; x_wconf 79' lang='grc' dir='ltr'>Ῑι</span> 
     </span>
     <span class='ocr_line' id='line_1_45' title="bbox 288 4110 1980 4188; baseline 0.004 -24"><span class='ocrx_word' id='word_1_629' title='bbox 288 4119 335 4164; x_wconf 79' lang='lat' dir='ltr'>teo·</span> <span class='ocrx_word' id='word_1_630' title='bbox 352 4127 441 4180; x_wconf 79' lang='lat' dir='ltr'>aquo,</span> <span class='ocrx_word' id='word_1_631' title='bbox 460 4127 516 4164; x_wconf 82' lang='grc' dir='ltr'>ποι</span> <span class='ocrx_word' id='word_1_632' title='bbox 535 4110 628 4163; x_wconf 76' lang='lat' dir='ltr'>minus</span> <span class='ocrx_word' id='word_1_633' title='bbox 646 4112 799 4181; x_wconf 78' lang='lat' dir='ltr'>conficitur,</span> <span class='ocrx_word' id='word_1_634' title='bbox 819 4129 868 4166; x_wconf 79' lang='lat' dir='ltr'>nec</span> <span class='ocrx_word' id='word_1_635' title='bbox 891 4111 999 4169; x_wconf 71' lang='lat' dir='ltr'>Graeci</span> <span class='ocrx_word' id='word_1_636' title='bbox 1017 4132 1119 4184; x_wconf 79' lang='lat' dir='ltr'>aquom</span> <span class='ocrx_word' id='word_1_637' title='bbox 1146 4118 1250 4187; x_wconf 78' lang='lat' dir='ltr'>upupis</span> <span class='ocrx_word' id='word_1_638' title='bbox 1267 4116 1398 4171; x_wconf 75' lang='grc' dir='ltr'>ιοιιιιιι·</span> <span class='ocrx_word' id='word_1_639' title='bbox 1415 4115 1635 4169; x_wconf 75' lang='lat' dir='ltr'>inebriabantur.</span> <span class='ocrx_word' id='word_1_640' title='bbox 1670 4113 1893 4185; x_wconf 85' lang='lat' dir='ltr'>Respondemus:</span> <span class='ocrx_word' id='word_1_641' title='bbox 1913 4131 1980 4188; x_wconf 83' lang='lat' dir='ltr'>aga·</span> 
     </span>
     <span class='ocr_line' id='line_1_46' title="bbox 288 4195 1982 4276; baseline 0.004 -23"><span class='ocrx_word' id='word_1_642' title='bbox 288 4201 408 4254; x_wconf 75' lang='lat' dir='ltr'>oddoni.</span> <span class='ocrx_word' id='word_1_643' title='bbox 442 4196 619 4268; x_wconf 85' lang='lat' dir='ltr'>Relinquitur</span> <span class='ocrx_word' id='word_1_644' title='bbox 637 4195 725 4268; x_wconf 86' lang='lat' dir='ltr'>igitur</span> <span class='ocrx_word' id='word_1_645' title='bbox 743 4199 894 4268; x_wconf 84' lang='lat' dir='ltr'>posterius,</span> <span class='ocrx_word' id='word_1_646' title='bbox 922 4200 1053 4256; x_wconf 84' lang='lat' dir='ltr'>videlicet</span> <span class='ocrx_word' id='word_1_647' title='bbox 1070 4218 1120 4272; x_wconf 90' lang='lat' dir='ltr'>pro</span> <span class='ocrx_word' id='word_1_648' title='bbox 1146 4221 1199 4276; x_wconf 75' lang='lat' dir='ltr'>pse</span> <span class='ocrx_word' id='word_1_649' title='bbox 1218 4203 1282 4258; x_wconf 87' lang='lat' dir='ltr'>illae</span> <span class='ocrx_word' id='word_1_650' title='bbox 1299 4219 1355 4258; x_wconf 92' lang='lat' dir='ltr'>non</span> <span class='ocrx_word' id='word_1_651' title='bbox 1375 4201 1493 4272; x_wconf 86' lang='lat' dir='ltr'>amplius</span> <span class='ocrx_word' id='word_1_652' title='bbox 1514 4200 1625 4255; x_wconf 87' lang='lat' dir='ltr'>suntin</span> <span class='ocrx_word' id='word_1_653' title='bbox 1643 4217 1708 4270; x_wconf 90' lang='lat' dir='ltr'>usu,</span> <span class='ocrx_word' id='word_1_654' title='bbox 1735 4201 1804 4257; x_wconf 88' lang='lat' dir='ltr'>baec</span> <span class='ocrx_word' id='word_1_655' title='bbox 1822 4218 1889 4274; x_wconf 84' lang='lat' dir='ltr'>ergo</span> <span class='ocrx_word' id='word_1_656' title='bbox 1907 4204 1982 4259; x_wconf 86' lang='lat' dir='ltr'>ratio</span> 
     </span>
     <span class='ocr_line' id='line_1_47' title="bbox 289 4283 1983 4362; baseline 0.004 -23"><span class='ocrx_word' id='word_1_657' title='bbox 289 4303 365 4341; x_wconf 91' lang='lat' dir='ltr'>more</span> <span class='ocrx_word' id='word_1_658' title='bbox 391 4284 513 4356; x_wconf 89' lang='lat' dir='ltr'>regionis</span> <span class='ocrx_word' id='word_1_659' title='bbox 539 4283 698 4340; x_wconf 85' lang='lat' dir='ltr'>mixtionem</span> <span class='ocrx_word' id='word_1_660' title='bbox 721 4284 811 4354; x_wconf 92' lang='lat' dir='ltr'>illam,</span> <span class='ocrx_word' id='word_1_661' title='bbox 839 4285 862 4339; x_wconf 92' lang='lat' dir='ltr'>si</span> <span class='ocrx_word' id='word_1_662' title='bbox 888 4303 944 4357; x_wconf 87' lang='lat' dir='ltr'>qus</span> <span class='ocrx_word' id='word_1_663' title='bbox 961 4288 1119 4358; x_wconf 80' lang='lat' dir='ltr'>praecessit,</span> <span class='ocrx_word' id='word_1_664' title='bbox 1146 4293 1228 4347; x_wconf 90' lang='lat' dir='ltr'>hodie</span> <span class='ocrx_word' id='word_1_665' title='bbox 1247 4298 1344 4347; x_wconf 88' lang='lat' dir='ltr'>cessat.</span> <span class='ocrx_word' id='word_1_666' title='bbox 1380 4295 1405 4345; x_wconf 75' lang='grc'>3,</span> <span class='ocrx_word' id='word_1_667' title='bbox 1419 4293 1466 4344; x_wconf 66' lang='lat' dir='ltr'>De</span> <span class='ocrx_word' id='word_1_668' title='bbox 1478 4297 1563 4360; x_wconf 80' lang='lat' dir='ltr'>petro</span> <span class='ocrx_word' id='word_1_669' title='bbox 1579 4288 1724 4344; x_wconf 73' lang='lat' dir='ltr'>Isroe&#39;tits&#39;s</span> <span class='ocrx_word' id='word_1_670' title='bbox 1738 4291 1876 4359; x_wconf 75' lang='lat' dir='ltr'>profluos</span> <span class='ocrx_word' id='word_1_671' title='bbox 1895 4309 1983 4362; x_wconf 82' lang='lat' dir='ltr'>oqrso.</span> 
     </span>
     <span class='ocr_line' id='line_1_48' title="bbox 290 4370 1984 4449; baseline 0.004 -21"><span class='ocrx_word' id='word_1_672' title='bbox 290 4390 307 4427; x_wconf 89' lang='grc' dir='ltr'>ι</span> <span class='ocrx_word' id='word_1_673' title='bbox 330 4372 440 4428; x_wconf 86' lang='lat' dir='ltr'>Christo</span> <span class='ocrx_word' id='word_1_674' title='bbox 462 4370 575 4425; x_wconf 84' lang='lat' dir='ltr'>factam.</span> <span class='ocrx_word' id='word_1_675' title='bbox 610 4376 634 4426; x_wconf 88' lang='lat'>6.</span> <span class='ocrx_word' id='word_1_676' title='bbox 661 4371 692 4424; x_wconf 93' lang='lat' dir='ltr'>ld</span> <span class='ocrx_word' id='word_1_677' title='bbox 719 4371 852 4427; x_wconf 89' lang='lat' dir='ltr'>declarari</span> <span class='ocrx_word' id='word_1_678' title='bbox 875 4378 968 4444; x_wconf 92' lang='lat' dir='ltr'>potest</span> <span class='ocrx_word' id='word_1_679' title='bbox 987 4373 1044 4428; x_wconf 89' lang='lat' dir='ltr'>ritu</span> <span class='ocrx_word' id='word_1_680' title='bbox 1066 4375 1121 4431; x_wconf 86' lang='lat' dir='ltr'>fra·</span> <span class='ocrx_word' id='word_1_681' title='bbox 1147 4377 1372 4449; x_wconf 87' lang='lat' dir='ltr'>Respondemus:</span> <span class='ocrx_word' id='word_1_682' title='bbox 1400 4381 1595 4448; x_wconf 87' lang='lat' dir='ltr'>argumentum</span> <span class='ocrx_word' id='word_1_683' title='bbox 1616 4377 1742 4448; x_wconf 89' lang='lat' dir='ltr'>typicum</span> <span class='ocrx_word' id='word_1_684' title='bbox 1765 4394 1821 4432; x_wconf 93' lang='lat' dir='ltr'>non</span> <span class='ocrx_word' id='word_1_685' title='bbox 1841 4377 1984 4435; x_wconf 82' lang='lat' dir='ltr'>concludit</span> 
     </span>
     <span class='ocr_line' id='line_1_49' title="bbox 290 4456 1984 4538; baseline 0.005 -26"><span class='ocrx_word' id='word_1_686' title='bbox 290 4457 396 4513; x_wconf 70' lang='lat' dir='ltr'>otonis.</span> <span class='ocrx_word' id='word_1_687' title='bbox 433 4456 549 4512; x_wconf 88' lang='lat' dir='ltr'>Constat</span> <span class='ocrx_word' id='word_1_688' title='bbox 568 4474 601 4512; x_wconf 93' lang='lat' dir='ltr'>ex</span> <span class='ocrx_word' id='word_1_689' title='bbox 625 4456 740 4513; x_wconf 88' lang='lat' dir='ltr'>historia</span> <span class='ocrx_word' id='word_1_690' title='bbox 762 4459 931 4530; x_wconf 86' lang='lat' dir='ltr'>evangelica,</span> <span class='ocrx_word' id='word_1_691' title='bbox 956 4476 1057 4531; x_wconf 85' lang='lat' dir='ltr'>punem</span> <span class='ocrx_word' id='word_1_692' title='bbox 1075 4479 1121 4517; x_wconf 91' lang='lat' dir='ltr'>eu·</span> <span class='ocrx_word' id='word_1_693' title='bbox 1148 4466 1183 4520; x_wconf 91' lang='lat' dir='ltr'>de</span> <span class='ocrx_word' id='word_1_694' title='bbox 1200 4465 1261 4536; x_wconf 87' lang='lat' dir='ltr'>ipsa</span> <span class='ocrx_word' id='word_1_695' title='bbox 1280 4464 1437 4518; x_wconf 85' lang='lat' dir='ltr'>substantia</span> <span class='ocrx_word' id='word_1_696' title='bbox 1456 4464 1485 4517; x_wconf 90' lang='lat' dir='ltr'>in</span> <span class='ocrx_word' id='word_1_697' title='bbox 1504 4464 1646 4535; x_wconf 88' lang='lat' dir='ltr'>antitypo,</span> <span class='ocrx_word' id='word_1_698' title='bbox 1674 4463 1779 4535; x_wconf 88' lang='lat' dir='ltr'>alioqui</span> <span class='ocrx_word' id='word_1_699' title='bbox 1803 4463 1870 4535; x_wconf 88' lang='lat' dir='ltr'>quia</span> <span class='ocrx_word' id='word_1_700' title='bbox 1892 4480 1984 4538; x_wconf 81' lang='lat' dir='ltr'>agnus</span> 
     </span>
     <span class='ocr_line' id='line_1_50' title="bbox 290 4543 1984 4621; baseline 0.007 -23"><span class='ocrx_word' id='word_1_701' title='bbox 290 4543 465 4598; x_wconf 89' lang='lat' dir='ltr'>charisticum</span> <span class='ocrx_word' id='word_1_702' title='bbox 494 4560 512 4598; x_wconf 90' lang='lat' dir='ltr'>a</span> <span class='ocrx_word' id='word_1_703' title='bbox 540 4543 650 4599; x_wconf 91' lang='lat' dir='ltr'>Christo</span> <span class='ocrx_word' id='word_1_704' title='bbox 677 4561 737 4601; x_wconf 91' lang='lat' dir='ltr'>esse</span> <span class='ocrx_word' id='word_1_705' title='bbox 762 4545 890 4603; x_wconf 86' lang='lat' dir='ltr'>fractum.</span> <span class='ocrx_word' id='word_1_706' title='bbox 926 4545 1006 4602; x_wconf 88' lang='lat' dir='ltr'>Haec</span> <span class='ocrx_word' id='word_1_707' title='bbox 1022 4546 1121 4604; x_wconf 72' lang='lat' dir='ltr'>nocuo</span> <span class='ocrx_word' id='word_1_708' title='bbox 1147 4550 1284 4621; x_wconf 88' lang='lat' dir='ltr'>paschalis</span> <span class='ocrx_word' id='word_1_709' title='bbox 1306 4550 1360 4604; x_wconf 78' lang='lat' dir='ltr'>fuit</span> <span class='ocrx_word' id='word_1_710' title='bbox 1381 4557 1466 4620; x_wconf 88' lang='lat' dir='ltr'>typus</span> <span class='ocrx_word' id='word_1_711' title='bbox 1494 4565 1589 4605; x_wconf 88' lang='lat' dir='ltr'>sacrae</span> <span class='ocrx_word' id='word_1_712' title='bbox 1617 4566 1737 4617; x_wconf 89' lang='lat' dir='ltr'>coenae,</span> <span class='ocrx_word' id='word_1_713' title='bbox 1772 4549 1856 4605; x_wconf 88' lang='lat' dir='ltr'>etiam</span> <span class='ocrx_word' id='word_1_714' title='bbox 1884 4569 1984 4610; x_wconf 86' lang='lat' dir='ltr'>carnes</span> 
     </span>
     <span class='ocr_line' id='line_1_51' title="bbox 290 4629 1981 4710; baseline 0.008 -26"><span class='ocrx_word' id='word_1_715' title='bbox 290 4637 339 4684; x_wconf 90' lang='lat' dir='ltr'>ant</span> <span class='ocrx_word' id='word_1_716' title='bbox 365 4636 478 4701; x_wconf 86' lang='lat' dir='ltr'>propter</span> <span class='ocrx_word' id='word_1_717' title='bbox 504 4629 726 4686; x_wconf 87' lang='lat' dir='ltr'>distributionem</span> <span class='ocrx_word' id='word_1_718' title='bbox 750 4638 886 4703; x_wconf 90' lang='lat' dir='ltr'>usurpata</span> <span class='ocrx_word' id='word_1_719' title='bbox 903 4632 959 4686; x_wconf 87' lang='lat' dir='ltr'>fnit</span> <span class='ocrx_word' id='word_1_720' title='bbox 978 4651 1028 4703; x_wconf 92' lang='lat' dir='ltr'>pro</span> <span class='ocrx_word' id='word_1_721' title='bbox 1046 4650 1122 4690; x_wconf 88' lang='lat' dir='ltr'>more</span> <span class='ocrx_word' id='word_1_722' title='bbox 1147 4638 1213 4709; x_wconf 86' lang='lat' dir='ltr'>agni</span> <span class='ocrx_word' id='word_1_723' title='bbox 1232 4637 1261 4691; x_wconf 90' lang='lat' dir='ltr'>in</span> <span class='ocrx_word' id='word_1_724' title='bbox 1277 4654 1310 4692; x_wconf 91' lang='lat' dir='ltr'>ca</span> <span class='ocrx_word' id='word_1_725' title='bbox 1325 4635 1449 4691; x_wconf 89' lang='lat' dir='ltr'>adhiberi</span> <span class='ocrx_word' id='word_1_726' title='bbox 1469 4635 1608 4695; x_wconf 88' lang='lat' dir='ltr'>deberent.</span> <span class='ocrx_word' id='word_1_727' title='bbox 1643 4638 1783 4710; x_wconf 85' lang='lat' dir='ltr'>Urgemns</span> <span class='ocrx_word' id='word_1_728' title='bbox 1798 4643 1899 4710; x_wconf 90' lang='lat' dir='ltr'>typum</span> <span class='ocrx_word' id='word_1_729' title='bbox 1912 4640 1981 4698; x_wconf 82' lang='lat' dir='ltr'>Mel·</span> 
     </span>
     <span class='ocr_line' id='line_1_52' title="bbox 290 4718 1983 4796; baseline 0.007 -24"><span class='ocrx_word' id='word_1_730' title='bbox 290 4718 426 4790; x_wconf 86' lang='lat' dir='ltr'>regionie,</span> <span class='ocrx_word' id='word_1_731' title='bbox 457 4724 506 4772; x_wconf 87' lang='lat' dir='ltr'>aut</span> <span class='ocrx_word' id='word_1_732' title='bbox 530 4726 644 4790; x_wconf 87' lang='lat' dir='ltr'>propter</span> <span class='ocrx_word' id='word_1_733' title='bbox 672 4719 952 4789; x_wconf 87' lang='lat' dir='ltr'>repraesentationem</span> <span class='ocrx_word' id='word_1_734' title='bbox 975 4721 1121 4792; x_wconf 86' lang='lat' dir='ltr'>passionis.</span> <span class='ocrx_word' id='word_1_735' title='bbox 1146 4723 1312 4791; x_wconf 70' lang='lat' dir='ltr'>chisedeci,</span> <span class='ocrx_word' id='word_1_736' title='bbox 1328 4723 1376 4795; x_wconf 92' lang='lat' dir='ltr'>qni</span> <span class='ocrx_word' id='word_1_737' title='bbox 1400 4723 1488 4777; x_wconf 90' lang='lat' dir='ltr'>solum</span> <span class='ocrx_word' id='word_1_738' title='bbox 1510 4724 1605 4780; x_wconf 85' lang='lat' dir='ltr'>vinum</span> <span class='ocrx_word' id='word_1_739' title='bbox 1630 4724 1747 4792; x_wconf 91' lang='lat' dir='ltr'>obtulit,</span> <span class='ocrx_word' id='word_1_740' title='bbox 1771 4725 1831 4796; x_wconf 87' lang='lat' dir='ltr'>jam</span> <span class='ocrx_word' id='word_1_741' title='bbox 1856 4743 1922 4782; x_wconf 81' lang='lat' dir='ltr'>vero</span> <span class='ocrx_word' id='word_1_742' title='bbox 1948 4744 1983 4784; x_wconf 86' lang='lat' dir='ltr'>ex</span> 
     </span>
     <span class='ocr_line' id='line_1_53' title="bbox 291 4804 1981 4889; baseline 0.006 -29"><span class='ocrx_word' id='word_1_743' title='bbox 291 4805 345 4861; x_wconf 86' lang='lat' dir='ltr'>Sed</span> <span class='ocrx_word' id='word_1_744' title='bbox 362 4805 498 4876; x_wconf 89' lang='lat' dir='ltr'>posterius</span> <span class='ocrx_word' id='word_1_745' title='bbox 516 4805 607 4860; x_wconf 92' lang='lat' dir='ltr'>locum</span> <span class='ocrx_word' id='word_1_746' title='bbox 625 4822 679 4860; x_wconf 92' lang='lat' dir='ltr'>nou</span> <span class='ocrx_word' id='word_1_747' title='bbox 698 4804 792 4874; x_wconf 86' lang='lat' dir='ltr'>babet,</span> <span class='ocrx_word' id='word_1_748' title='bbox 810 4811 842 4860; x_wconf 93' lang='lat' dir='ltr'>ut</span> <span class='ocrx_word' id='word_1_749' title='bbox 860 4823 910 4861; x_wconf 90' lang='lat' dir='ltr'>suo</span> <span class='ocrx_word' id='word_1_750' title='bbox 930 4807 991 4862; x_wconf 90' lang='lat' dir='ltr'>ioco</span> <span class='ocrx_word' id='word_1_751' title='bbox 1009 4808 1121 4864; x_wconf 91' lang='lat' dir='ltr'>demon·</span> <span class='ocrx_word' id='word_1_752' title='bbox 1147 4810 1295 4882; x_wconf 87' lang='lat' dir='ltr'>hypothesi</span> <span class='ocrx_word' id='word_1_753' title='bbox 1322 4808 1531 4866; x_wconf 88' lang='lat' dir='ltr'>Pontificiornm</span> <span class='ocrx_word' id='word_1_754' title='bbox 1561 4810 1686 4866; x_wconf 88' lang='lat' dir='ltr'>Christus</span> <span class='ocrx_word' id='word_1_755' title='bbox 1717 4810 1787 4865; x_wconf 89' lang='lat' dir='ltr'>illud</span> <span class='ocrx_word' id='word_1_756' title='bbox 1814 4811 1904 4881; x_wconf 91' lang='lat' dir='ltr'>ipsnm</span> <span class='ocrx_word' id='word_1_757' title='bbox 1932 4814 1981 4889; x_wconf 86' lang='lat' dir='ltr'>ob-</span> 
     </span>
     <span class='ocr_line' id='line_1_54' title="bbox 290 4892 1983 4968; baseline 0.004 -21"><span class='ocrx_word' id='word_1_758' title='bbox 290 4892 438 4961; x_wconf 73' lang='lat' dir='ltr'>strabitur,</span> <span class='ocrx_word' id='word_1_759' title='bbox 455 4892 621 4963; x_wconf 90' lang='lat' dir='ltr'>relinquitur</span> <span class='ocrx_word' id='word_1_760' title='bbox 639 4893 727 4965; x_wconf 89' lang='lat' dir='ltr'>igitur</span> <span class='ocrx_word' id='word_1_761' title='bbox 745 4894 822 4963; x_wconf 90' lang='lat' dir='ltr'>prius</span> <span class='ocrx_word' id='word_1_762' title='bbox 842 4898 871 4948; x_wconf 92' lang='lat' dir='ltr'>et</span> <span class='ocrx_word' id='word_1_763' title='bbox 888 4911 1122 4966; x_wconf 88' lang='lat' dir='ltr'>perconsequens</span> <span class='ocrx_word' id='word_1_764' title='bbox 1147 4897 1224 4965; x_wconf 87' lang='lat' dir='ltr'>tulit,</span> <span class='ocrx_word' id='word_1_765' title='bbox 1254 4897 1328 4968; x_wconf 88' lang='lat' dir='ltr'>quod</span> <span class='ocrx_word' id='word_1_766' title='bbox 1355 4896 1575 4966; x_wconf 88' lang='lat' dir='ltr'>Melchisedech,</span> <span class='ocrx_word' id='word_1_767' title='bbox 1604 4914 1667 4950; x_wconf 88' lang='lat' dir='ltr'>cnm</span> <span class='ocrx_word' id='word_1_768' title='bbox 1691 4896 1776 4952; x_wconf 88' lang='lat' dir='ltr'>fuerit</span> <span class='ocrx_word' id='word_1_769' title='bbox 1792 4899 1921 4954; x_wconf 85' lang='lat' dir='ltr'>sacerdos</span> <span class='ocrx_word' id='word_1_770' title='bbox 1941 4919 1983 4959; x_wconf 87' lang='lat' dir='ltr'>se·</span> 
     </span>
     <span class='ocr_line' id='line_1_55' title="bbox 291 4978 1994 5055; baseline 0.002 -22"><span class='ocrx_word' id='word_1_771' title='bbox 291 4986 323 5034; x_wconf 91' lang='lat' dir='ltr'>ut</span> <span class='ocrx_word' id='word_1_772' title='bbox 346 4979 416 5034; x_wconf 92' lang='lat' dir='ltr'>ritus</span> <span class='ocrx_word' id='word_1_773' title='bbox 440 4978 597 5049; x_wconf 81' lang='lat' dir='ltr'>fractionis,</span> <span class='ocrx_word' id='word_1_774' title='bbox 627 4981 667 5033; x_wconf 90' lang='lat' dir='ltr'>ita</span> <span class='ocrx_word' id='word_1_775' title='bbox 690 4996 800 5050; x_wconf 92' lang='lat' dir='ltr'>quoque</span> <span class='ocrx_word' id='word_1_776' title='bbox 825 4980 945 5035; x_wconf 89' lang='lat' dir='ltr'>mixtura</span> <span class='ocrx_word' id='word_1_777' title='bbox 967 4979 1123 5055; x_wconf 68' lang='grc' dir='ltr'>ἀδιάφορος</span> <span class='ocrx_word' id='word_1_778' title='bbox 1148 4983 1270 5038; x_wconf 90' lang='lat' dir='ltr'>cundum</span> <span class='ocrx_word' id='word_1_779' title='bbox 1288 4983 1412 5038; x_wconf 87' lang='lat' dir='ltr'>ordinem</span> <span class='ocrx_word' id='word_1_780' title='bbox 1432 4981 1644 5039; x_wconf 81' lang='lat' dir='ltr'>Melchisedech.</span> <span class='ocrx_word' id='word_1_781' title='bbox 1680 4986 1704 5038; x_wconf 76' lang='grc'>4,</span> <span class='ocrx_word' id='word_1_782' title='bbox 1717 4984 1864 5039; x_wconf 77' lang='lat' dir='ltr'>Eolotere</span> <span class='ocrx_word' id='word_1_783' title='bbox 1877 4985 1994 5044; x_wconf 74' lang='lat' dir='ltr'>Christi.</span> 
     </span>
     <span class='ocr_line' id='line_1_56' title="bbox 293 5064 1985 5141; baseline 0.007 -21"><span class='ocrx_word' id='word_1_784' title='bbox 293 5072 335 5120; x_wconf 88' lang='lat' dir='ltr'>est</span> <span class='ocrx_word' id='word_1_785' title='bbox 354 5071 382 5119; x_wconf 92' lang='lat' dir='ltr'>et</span> <span class='ocrx_word' id='word_1_786' title='bbox 398 5064 573 5134; x_wconf 82' lang='lat' dir='ltr'>indifferens,</span> <span class='ocrx_word' id='word_1_787' title='bbox 597 5082 661 5119; x_wconf 94' lang='lat' dir='ltr'>cum</span> <span class='ocrx_word' id='word_1_788' title='bbox 686 5070 804 5136; x_wconf 71' lang='lat' dir='ltr'>ubsque</span> <span class='ocrx_word' id='word_1_789' title='bbox 828 5066 901 5122; x_wconf 90' lang='lat' dir='ltr'>actio</span> <span class='ocrx_word' id='word_1_790' title='bbox 918 5086 969 5137; x_wconf 90' lang='lat' dir='ltr'>pro</span> <span class='ocrx_word' id='word_1_791' title='bbox 987 5086 1062 5125; x_wconf 91' lang='lat' dir='ltr'>more</span> <span class='ocrx_word' id='word_1_792' title='bbox 1080 5086 1122 5124; x_wconf 94' lang='lat' dir='ltr'>re-</span> <span class='ocrx_word' id='word_1_793' title='bbox 1147 5069 1283 5140; x_wconf 76' lang='lat' dir='ltr'>proflucs&#39;t</span> <span class='ocrx_word' id='word_1_794' title='bbox 1307 5073 1423 5139; x_wconf 74' lang='lat' dir='ltr'>scepsis</span> <span class='ocrx_word' id='word_1_795' title='bbox 1449 5079 1474 5126; x_wconf 81' lang='grc' dir='ltr'>ιι</span> <span class='ocrx_word' id='word_1_796' title='bbox 1501 5089 1585 5140; x_wconf 80' lang='lat' dir='ltr'>aqua.</span> <span class='ocrx_word' id='word_1_797' title='bbox 1621 5069 1845 5141; x_wconf 84' lang='lat' dir='ltr'>Respondemus:</span> <span class='ocrx_word' id='word_1_798' title='bbox 1871 5091 1927 5128; x_wconf 93' lang='lat' dir='ltr'>non</span> <span class='ocrx_word' id='word_1_799' title='bbox 1954 5076 1985 5132; x_wconf 90' lang='lat' dir='ltr'>iu</span> 
     </span>
     <span class='ocr_line' id='line_1_57' title="bbox 293 5150 1984 5228; baseline 0.008 -22"><span class='ocrx_word' id='word_1_800' title='bbox 293 5151 382 5223; x_wconf 83' lang='lat' dir='ltr'>gionis</span> <span class='ocrx_word' id='word_1_801' title='bbox 400 5157 531 5221; x_wconf 87' lang='lat' dir='ltr'>suscepta</span> <span class='ocrx_word' id='word_1_802' title='bbox 547 5151 638 5207; x_wconf 84' lang='lat' dir='ltr'>fuerit</span> <span class='ocrx_word' id='word_1_803' title='bbox 674 5157 696 5205; x_wconf 84' lang='grc'><strong>1.</strong></span> <span class='ocrx_word' id='word_1_804' title='bbox 722 5150 805 5208; x_wconf 86' lang='lat' dir='ltr'>Adde</span> <span class='ocrx_word' id='word_1_805' title='bbox 823 5153 898 5224; x_wconf 90' lang='lat' dir='ltr'>quod</span> <span class='ocrx_word' id='word_1_806' title='bbox 916 5154 1041 5220; x_wconf 89' lang='lat' dir='ltr'>Platina,</span> <span class='ocrx_word' id='word_1_807' title='bbox 1071 5156 1123 5211; x_wconf 92' lang='lat' dir='ltr'>Po·</span> <span class='ocrx_word' id='word_1_808' title='bbox 1150 5173 1245 5224; x_wconf 88' lang='lat' dir='ltr'>cruce,</span> <span class='ocrx_word' id='word_1_809' title='bbox 1273 5157 1320 5211; x_wconf 90' lang='lat' dir='ltr'>sed</span> <span class='ocrx_word' id='word_1_810' title='bbox 1346 5158 1374 5212; x_wconf 96' lang='lat' dir='ltr'>in</span> <span class='ocrx_word' id='word_1_811' title='bbox 1398 5158 1488 5228; x_wconf 87' lang='lat' dir='ltr'>prima</span> <span class='ocrx_word' id='word_1_812' title='bbox 1515 5171 1603 5211; x_wconf 85' lang='lat' dir='ltr'>coena</span> <span class='ocrx_word' id='word_1_813' title='bbox 1620 5156 1718 5212; x_wconf 89' lang='lat' dir='ltr'>modus</span> <span class='ocrx_word' id='word_1_814' title='bbox 1736 5158 1984 5220; x_wconf 87' lang='lat' dir='ltr'>administrationis</span> 
     </span>
     <span class='ocr_line' id='line_1_58' title="bbox 293 5238 1985 5317; baseline 0.008 -24"><span class='ocrx_word' id='word_1_815' title='bbox 293 5240 406 5310; x_wconf 88' lang='lat' dir='ltr'>lydorus</span> <span class='ocrx_word' id='word_1_816' title='bbox 443 5243 475 5292; x_wconf 82' lang='lat' dir='ltr'>et</span> <span class='ocrx_word' id='word_1_817' title='bbox 506 5238 553 5292; x_wconf 91' lang='lat' dir='ltr'>alii</span> <span class='ocrx_word' id='word_1_818' title='bbox 581 5238 714 5310; x_wconf 87' lang='lat' dir='ltr'>originem</span> <span class='ocrx_word' id='word_1_819' title='bbox 741 5238 824 5310; x_wconf 86' lang='lat' dir='ltr'>bujus</span> <span class='ocrx_word' id='word_1_820' title='bbox 850 5240 989 5298; x_wconf 88' lang='lat' dir='ltr'>mixtionis</span> <span class='ocrx_word' id='word_1_821' title='bbox 1015 5243 1052 5297; x_wconf 89' lang='lat' dir='ltr'>sd</span> <span class='ocrx_word' id='word_1_822' title='bbox 1078 5244 1123 5298; x_wconf 90' lang='lat' dir='ltr'>ds·</span> <span class='ocrx_word' id='word_1_823' title='bbox 1149 5244 1290 5313; x_wconf 89' lang='lat' dir='ltr'>expositus</span> <span class='ocrx_word' id='word_1_824' title='bbox 1315 5251 1363 5300; x_wconf 90' lang='lat' dir='ltr'>est.</span> <span class='ocrx_word' id='word_1_825' title='bbox 1401 5244 1543 5314; x_wconf 88' lang='lat' dir='ltr'>Scriptura</span> <span class='ocrx_word' id='word_1_826' title='bbox 1567 5243 1767 5316; x_wconf 86' lang='lat' dir='ltr'>hunc-typum</span> <span class='ocrx_word' id='word_1_827' title='bbox 1793 5246 1922 5317; x_wconf 91' lang='lat' dir='ltr'>nuspiam</span> <span class='ocrx_word' id='word_1_828' title='bbox 1947 5250 1985 5306; x_wconf 88' lang='lat' dir='ltr'>ad</span> 
     </span>
    </p>
   </div>
   <div class='ocr_carea' id='block_1_3' title="bbox 292 5323 1987 5493">
    <p class='ocr_par' dir='ltr' id='par_1_4' title="bbox 292 5323 1987 5493">
     <span class='ocr_line' id='line_1_59' title="bbox 293 5323 1987 5406; baseline 0.008 -27"><span class='ocrx_word' id='word_1_829' title='bbox 293 5331 399 5380; x_wconf 89' lang='lat' dir='ltr'>cretum</span> <span class='ocrx_word' id='word_1_830' title='bbox 423 5323 576 5380; x_wconf 76' lang='lat' dir='ltr'>Alexandri</span> <span class='ocrx_word' id='word_1_831' title='bbox 598 5324 621 5379; x_wconf 93' lang='lat'>1.</span> <span class='ocrx_word' id='word_1_832' title='bbox 651 5340 708 5379; x_wconf 92' lang='lat' dir='ltr'>non</span> <span class='ocrx_word' id='word_1_833' title='bbox 734 5332 827 5381; x_wconf 88' lang='lat' dir='ltr'>autern</span> <span class='ocrx_word' id='word_1_834' title='bbox 845 5328 882 5382; x_wconf 91' lang='lat' dir='ltr'>ad</span> <span class='ocrx_word' id='word_1_835' title='bbox 900 5327 1001 5384; x_wconf 90' lang='lat' dir='ltr'>Christi</span> <span class='ocrx_word' id='word_1_836' title='bbox 1019 5329 1124 5385; x_wconf 87' lang='lat' dir='ltr'>factum</span> <span class='ocrx_word' id='word_1_837' title='bbox 1150 5329 1333 5387; x_wconf 84' lang='lat' dir='ltr'>eucharistiae</span> <span class='ocrx_word' id='word_1_838' title='bbox 1361 5333 1504 5403; x_wconf 88' lang='lat' dir='ltr'>negotium</span> <span class='ocrx_word' id='word_1_839' title='bbox 1530 5330 1662 5402; x_wconf 83' lang='lat' dir='ltr'>applicat.</span> <span class='ocrx_word' id='word_1_840' title='bbox 1709 5330 1784 5404; x_wconf 82' lang='lat' dir='ltr'>Ergo</span> <span class='ocrx_word' id='word_1_841' title='bbox 1809 5348 1866 5388; x_wconf 90' lang='lat' dir='ltr'>non</span> <span class='ocrx_word' id='word_1_842' title='bbox 1892 5341 1987 5406; x_wconf 89' lang='lat' dir='ltr'>potest</span> 
     </span>
     <span class='ocr_line' id='line_1_60' title="bbox 292 5411 1986 5493; baseline 0.008 -26"><span class='ocrx_word' id='word_1_843' title='bbox 292 5411 422 5468; x_wconf 86' lang='lat' dir='ltr'>referant.</span> <span class='ocrx_word' id='word_1_844' title='bbox 836 5462 838 5467; x_wconf 83' lang='lat'>.</span> <span class='ocrx_word' id='word_1_845' title='bbox 1151 5421 1256 5471; x_wconf 90' lang='lat' dir='ltr'>certum</span> <span class='ocrx_word' id='word_1_846' title='bbox 1293 5424 1322 5473; x_wconf 90' lang='lat' dir='ltr'>et</span> <span class='ocrx_word' id='word_1_847' title='bbox 1350 5419 1492 5472; x_wconf 92' lang='lat' dir='ltr'>immotum</span> <span class='ocrx_word' id='word_1_848' title='bbox 1525 5430 1558 5470; x_wconf 89' lang='lat' dir='ltr'>ex</span> <span class='ocrx_word' id='word_1_849' title='bbox 1588 5434 1621 5473; x_wconf 90' lang='lat' dir='ltr'>eo</span> <span class='ocrx_word' id='word_1_850' title='bbox 1650 5417 1750 5472; x_wconf 88' lang='lat' dir='ltr'>deduci</span> <span class='ocrx_word' id='word_1_851' title='bbox 1781 5427 1986 5493; x_wconf 69' lang='lat' dir='ltr'>argumentum</span> 
     </span>
    </p>
   </div>
   <div class='ocr_carea' id='block_1_4' title="bbox 0 0 2023 6020">
    <p class='ocr_par' dir='ltr' id='par_1_5' title="bbox 0 0 2023 6020">
     <span class='ocr_line' id='line_1_61' title="bbox 0 0 2023 6020; baseline 0 0"><span class='ocrx_word' id='word_1_852' title='bbox 0 0 2023 6020; x_wconf 95' lang='lat' dir='ltr'> </span> 
     </span>
    </p>
   </div>
  </div>
 </body>
</html>
