4004 6022
216 284 287 371 itm
570 340 576 348 ·
790 312 1131 379 nocnsvrcnsmos
1151 315 1347 381 sncnnnns

231 468 355 535 dederit,
373 471 518 526 miserebat
537 473 606 527 enim
626 491 685 527 curn
705 474 834 544 luporum
849 475 1053 541 famelicorum,
1081 473 1135 539 bit,
1161 492 1222 529 cum
1247 475 1278 528 P.
1300 475 1409 531 Caninio
1432 473 1559 545 praeside
1580 474 1678 532 litania
1702 479 1866 531 cantaretur
1884 482 1908 532 et

229 557 282 608 sed
304 559 480 626 postmodum
507 560 616 613 eosdem
638 561 761 616 bidentes
778 562 843 631 jam
867 564 1013 618 devoratos
1035 579 1053 614 a
1079 561 1252 617 invocaretur
1275 560 1475 630 misericordia,
1500 559 1627 616 liberatio
1646 566 1675 616 et
1694 559 1835 616 auxilinm
1851 560 1906 629 Dei,

227 639 305 709 lupis
333 643 459 697 oratione
482 661 535 698 sua
560 645 681 714 intepros
703 665 734 701 ee
762 650 900 703 cmtribue
924 650 1051 720 luporum
1079 648 1273 721 diabolumque
1289 648 1374 704 istaec
1387 649 1478 705 surdis
1496 649 1582 704 veluti
1598 648 1712 704 auribus
1724 648 1905 720 praeteriisse.

226 727 350 796 recepit,·
381 728 409 782 in
437 728 494 785 vita
519 729 637 787 Bernaci
662 739 770 806 narrat,
797 743 948 808 postquam
971 738 1052 801 fures
1078 734 1148 789 Cum
1169 752 1232 790 vero
1259 735 1417 793 Lauretana
1444 735 1541 791 litania
1573 736 1608 791 de
1641 734 1734 790 Maria
1769 734 1906 793 inchoare

224 828 337 865 naccam
362 814 440 868 illius
457 817 583 873 eume
600 819 766 876 occidissent
790 830 814 875 et
837 822 867 875 in
882 823 984 889 frusta
1009 838 1050 874 se·
1076 828 1135 892 tur,
1159 828 1226 876 tunc
1250 822 1358 879 demum
1379 824 1509 879 Satanam
1528 822 1649 892 coepisse
1668 821 1699 877 in
1720 821 1838 877 obsessa
1854 830 1905 878 tur·

224 896 345 953 cuissent
362 909 387 955 et
406 902 436 958 in
454 903 565 960 lebetem
584 906 786 978 imposuissent,
803 908 937 978 mupitum
954 911 995 963 ad
1005 926 1050 962 eo·
1077 907 1151 973 bari,
1169 907 1287 965 clamare
1304 926 1337 964 ac
1354 908 1457 974 furere,
1477 924 1539 965 mox
1557 926 1621 966 vero
1637 908 1785 965 Caninium
1804 916 1907 981 arrepta

223 999 279 1037 cem
300 987 361 1057 ejus
380 990 509 1046 auditam
522 1009 537 1046 e
552 993 635 1047 lebete
646 995 785 1064 edidisse,·
802 995 832 1050 in
843 995 899 1049 vita
911 994 1050 1051 Dnnstani
1077 996 1170 1068 lignes
1193 995 1298 1051 csriom
1321 995 1441 1069 imagine
1459 995 1577 1065 Mariae,
1600 1013 1660 1052 eam
1681 994 1850 1066 imposuisse
1866 1011 1906 1050 ca·

223 1078 330 1142 narrat,
361 1076 504 1131 diabolum
526 1095 545 1132 e
570 1081 719 1135 Dunstano
742 1081 840 1134 misere
858 1081 1007 1151 vapulasse
1025 1090 1050 1136 et
1076 1081 1127 1151 piti
1154 1081 1295 1150 obsessae,
1328 1088 1386 1138 tum
1411 1082 1530 1156 deniqne
1554 1082 1696 1140 diabolum
1724 1081 1905 1138 exclamasse:

222 1166 349 1213 sanetum
373 1161 452 1218 illum
477 1165 566 1220 cirum
591 1166 700 1235 stirpam
723 1167 753 1220 in
771 1175 848 1238 terpo
865 1167 975 1222 diaboli
983 1170 1048 1236 jre·
1076 1168 1121 1222 Ab
1140 1169 1250 1238 mulier,
1267 1169 1336 1239 quid
1349 1186 1390 1223 me
1410 1170 1505 1223 calcas
1524 1179 1549 1224 et
1566 1178 1651 1238 caput
1663 1186 1756 1223 nseum
1772 1171 1905 1224 coneris!

221 1244 303 1315 ps'sse.
339 1247 383 1304 De
406 1250 567 1308 Bemhsrdo
592 1262 754 1323 memorant,
776 1258 853 1325 quod
872 1274 980 1311 muscas
1005 1273 1047 1309 er-
1075 1254 1148 1309 Huic
1174 1254 1260 1325 igitur
1285 1273 1347 1311 cum
1373 1273 1406 1311 ex
1424 1256 1537 1312 obsessa
1553 1255 1709 1312 meandum
1731 1261 1824 1325 esset,
1848 1254 1905 1311 loeo

222 1334 465 1392 communicaverit
471 1360 482 1408 ;
506 1340 541 1394 de
560 1339 718 1412 Boniiacio‚
739 1344 816 1411 prod
831 1343 939 1414 culpem
956 1348 1047 1413 coe'pc·
1076 1340 1180 1396 scilicet
1201 1341 1394 1398 satisfactionis
1413 1342 1566 1415 injunctum
1584 1341 1649 1408 tuit,
1676 1348 1708 1396 nt
1730 1359 1785 1412 per
1809 1360 1839 1397 os
1860 1341 1904 1398 ob

222 1418 269 1487 rit,
288 1428 318 1472 ut
336 1425 467 1479 redderet
483 1427 607 1495 pollinae
620 1429 769 1482 decoratas
782 1435 834 1484 eta.
870 1428 971 1484 ”Huc
987 1447 1047 1500 per-
1075 1443 1166 1483 sessae
1190 1428 1336 1500 aliquoties
1361 1430 1489 1485 recitaret
1511 1429 1660 1486 orationem
1678 1428 1858 1484 Dominicam
1879 1436 1905 1484 et

222 1501 295 1565 tinet
305 1506 419 1566 historie
434 1513 469 1567 de
482 1513 581 1586 apibus
592 1515 670 1567 circa
684 1516 995 1588 sacramentumppeidi
1007 1516 1047 1569 in·
1075 1514 1228 1585 angelicam
1253 1516 1459 1580 salutationem,
1487 1516 1561 1586 qnod
1585 1532 1649 1570 cum
1672 1515 1795 1579 iaceret,
1822 1532 1903 1586 qusn-

224 1593 331 1649 clusum
341 1598 502 1653 suavissime
513 1600 730 1664 casstellantibus,
742 1601 776 1654 de
788 1602 865 1668 pallo
877 1610 970 1656 assato
982 1609 1007 1656 et
1019 1602 1048 1655 in
1076 1618 1158 1671 quam
1175 1609 1286 1657 coactus
1303 1610 1331 1657 et
1348 1603 1465 1670 insitus,
1484 1619 1547 1658 cum
1562 1602 1668 1674 gemitu
1687 1602 1803 1657 demum
1820 1607 1849 1656 et
1867 1600 1903 1655 in·

224 1689 344 1750 meatum
360 1693 459 1756 partes
475 1687 580 1756 cives,
592 1696 707 1760 praeter
721 1690 947 1761 exspectationem
958 1699 1048 1744 tamen
1075 1686 1233 1758 dignatione
1261 1689 1452 1745 miserabiliter
1480 1694 1645 1761 conquestus
1674 1687 1727 1743 fuit
1759 1703 1794 1741 ac
1823 1685 1903 1742 dixit:

225 1776 353 1822 currente
376 1771 468 1827 etc.iii
505 1772 539 1827 In
562 1773 631 1830 libro
658 1774 879 1830 conformitatum
905 1776 939 1831 de
963 1777 1049 1831 Fren-
1081 1773 1189 1844 Videte,
1213 1776 1358 1830 Jobannes
1380 1794 1435 1830 non
1457 1777 1516 1829 mslt
1538 1776 1668 1829 inuocare
1689 1783 1820 1844 sanctes,
1846 1793 1904 1829 cnm

224 1853 297 1907 usco
317 1853 474 1911 referuntur
491 1858 625 1928 ejusmodi
648 1859 782 1916 &acula
798 1863 952 1933 complura:
981 1861 1049 1917 Cum
1074 1867 1165 1913 tamen
1191 1879 1242 1915 nos
1269 1849 1378 1917 diaboli
1400 1863 1442 1916 uel
1467 1862 1550 1915 insiti
1571 1862 1622 1915 boc
1644 1878 1780 1928 copamur
1799 1863 1904 1926 facere.

224 1940 397 1995 bisanciscue
423 1944 578 2014 aliquando
606 1948 818 2003 concionaretur
845 1957 870 2003 et
895 1950 992 2006 asinus
1019 1952 1049 2004 in
1075 1945 1253 2018 corrigitur
1278 1949 1405 2019 expansis
1421 1947 1547 2003 manibus
1567 1954 1594 2000 et
1611 1946 1689 2001 flexis
1706 1946 1829 2018 genibus
1848 1964 1904 2003 ora

220 2027 329 2096 popolo
350 2029 582 2100 tumultuabatur,
602 2032 770 2089 bbenciscus
789 2034 816 2086 ei
827 2034 920 2091 ants.-
944 2037 1049 2090 Frater
1074 2032 1175 2087 tionem
1190 2033 1363 2089 Dominicam
1382 2034 1497 2105 supplex
1515 2041 1543 2089 et
1559 2032 1674 2087 devotus
1692 2032 1825 2088 diabolus
1839 2035 1903 2089 reci-

223 2115 316 2180 aes'ne,
336 2122 393 2170 esto
412 2118 595 2187 tranquillus,
617 2121 705 2174 donce
721 2122 876 2176 concionem
897 2121 1048 2177 absolvero.
1074 2123 1160 2173 usses
1180 2127 1208 2174 et
1229 2122 1288 2191 jam
1312 2121 1341 2175 in
1359 2120 1523 2176 salutatione
1540 2117 1666 2189 angelica
1685 2133 1719 2172 eo
1741 2117 1905 2190 devenisset,

224 2198 375 2263 Confestim
396 2203 492 2256 asinus
518 2205 592 2259 dicte
616 2207 734 2261 audiam
758 2224 787 2261 se
807 2208 882 2261 intra
901 2209 1050 2263 brancisci
1074 2207 1133 2258 Aee
1159 2207 1251 2260 maria
1269 2208 1364 2277 pratia
1380 2208 1484 2277 plena,
1508 2205 1590 2273 dicit,
1609 2222 1671 2260 enm
1688 2221 1791 2259 sonora
1808 2223 1843 2262 ac
1861 2206 1904 2262 de

216 2286 305 2352 pedes
322 2290 471 2359 composito
488 2299 567 2359 pestu
583 2293 702 2360 reponit.
735 2292 857 2350 Ibidem:
879 2296 1048 2350 Francisem
1073 2298 1139 2346 vota
1161 2284 1227 2349 voce
1252 2293 1324 2348 hanc
1343 2293 1497 2365 apostillam
1516 2290 1719 2347 intertexuisse:
1751 2290 1906 2358 Ollaria,

220 2369 338 2428 dicenda
362 2376 476 2430 missam
502 2377 531 2433 in
557 2378 645 2433 calice
668 2380 769 2435 inuenit
790 2399 938 2450 araneam,
965 2400 1048 2452 msam
1073 2380 1169 2447 pratia
1193 2388 1218 2435 et
1242 2381 1437 2435 misericordia
1463 2388 1512 2433 tua
1535 2380 1573 2432 sit
1596 2395 1681 2448 super
1706 2396 1805 2433 omnes
1831 2380 1905 2450 silos,

102 2454 148 2500 ΧΠ·
163 2457 205 2500 ¹²L
219 2457 316 2511 nolens
329 2462 474 2530 projicere
493 2464 560 2518 bibit
576 2482 636 2519 cum
655 2466 804 2535 sanquine,
820 2476 920 2537 postea
935 2469 1047 2533 fricans
1073 2467 1122 2535 qut
1143 2466 1215 2520 banc
1239 2467 1379 2536 capellam
1403 2466 1529 2534 visitant,
1555 2465 1592 2517 ab
1620 2482 1673 2519 ora
1694 2483 1754 2534 pro
1780 2468 1905 2522 omnibus

206 2535 284 2600 'mss
306 2555 332 2600 et
350 2549 493 2618 scalpens,
512 2552 560 2605 ubi
571 2552 715 2621 pruritum
734 2555 881 2619 sentiebat,
900 2556 964 2626 apsa
981 2575 1046 2610 ara·
1073 2553 1139 2610 ills's.
1174 2553 1219 2609 lta
1237 2554 1346 2610 demum
1365 2552 1505 2608 diabolum
1522 2552 1617 2608 relicto
1638 2556 1703 2622 post
1720 2570 1759 2620 se,
1778 2560 1813 2608 ut
1830 2554 1905 2624 solet,

218 2648 273 2684 nea
292 2650 310 2685 a
329 2650 410 2687 crure
429 2636 510 2690 euicit
527 2637 586 2692 sine
599 2638 720 2692 laesiem
728 2641 845 2708 fratris.
876 2643 1046 2697 Franciscus
1071 2639 1176 2696 foetore
1203 2641 1308 2699 exiisse.
1348 2640 1416 2696 Tale
1442 2638 1603 2695 musculum
1621 2637 1689 2705 init,
1712 2637 1764 2717 nbi
1783 2639 1822 2693 ad
1841 2647 1905 2695 tem-

220 2716 304 2769 etiam
324 2719 480 2788 aliquanda
498 2725 603 2777 monuit
623 2743 712 2792 auem,
734 2735 763 2780 ut
782 2736 807 2783 et
825 2728 957 2785 laudibus
975 2731 1045 2786 disi·
1070 2727 1148 2798 plum
1176 2727 1280 2783 Mariae
1306 2728 1453 2784 Formosae
1479 2724 1688 2782 Ratisbonensis
1721 2741 1797 2780 anno
1833 2731 1905 2783 1⁵16.

218 2802 263 2855 nse
281 2803 450 2874 intenderet,
474 2818 501 2862 et
527 2810 564 2863 ab
586 2803 662 2865 omni
683 2815 807 2879 fratrum
831 2818 981 2887 offensione
999 2836 1043 2872 ca·
1070 2814 1173 2883 passim
1199 2831 1292 2871 omnes
1316 2832 1349 2872 ex
1368 2813 1518 2870 Germania
1534 2813 1610 2867 velut
1628 2810 1823 2867 enthusiasmo
1841 2830 1905 2884 quo

218 2898 307 2953 ceret‚·
334 2892 393 2945 ouis
416 2895 535 2948 audiens
556 2900 663 2960 fratres
690 2901 719 2953 in
745 2902 827 2957 eboro
849 2912 995 2959 cantantes
1020 2913 1045 2958 et
1071 2899 1133 2954 dam
1153 2901 1271 2972 correpti
1289 2899 1477 2964 accurrebant,
1498 2915 1553 2970 qna
1567 2897 1602 2953 de
1615 2915 1645 2953 re
1658 2897 1767 2955 Sebast
1780 2897 1906 2952 Francus

111 2998 113 3003 ·
218 2975 283 3046 ipsa
311 2978 455 3034 meletiam
482 2982 642 3052 inprsdiens
666 3003 809 3058 uocemque
830 2990 941 3046 balatus
967 2992 1044 3048 emit·
1070 2987 1104 3042 in¹
1118 2985 1244 3043 chronico
1263 2989 1303 3043 sic
1320 2987 1430 3045 scribit:
1457 2985 1540 3040 Circa
1558 3003 1663 3039 annum
1679 2986 1762 3040 titt.
1784 2983 1905 3039 Baltba·

217 3069 278 3117 tens
290 3064 421 3134 flectebat
435 3085 526 3139 persua
539 3080 603 3126 ante
618 3072 710 3127 altare
724 3074 840 3143 cirpinis
855 3078 955 3132 matris
968 3080 1042 3148 apni,
1068 3093 1118 3128 sar
1131 3075 1314 3129 Hubmeicrus
1326 3075 1469 3144 tbeolopus
1481 3074 1561 3143 apud
1568 3070 1904 3140 Repensburpensessuis

217 3166 253 3202 ac
270 3149 297 3203 si
314 3167 376 3206 earn
395 3155 523 3211 salutare
541 3160 660 3227 pertiret.
688 3159 848 3217 Ludoricus
863 3162 1043 3222 Granatensis
1068 3163 1245 3217 concionibus
1261 3162 1455 3230 mapistratum
1471 3162 1513 3214 s'ta
1529 3157 1714 3228 inflammarit
1732 3166 1836 3212 centra
1854 3159 1902 3211 Ju-

216 3251 294 3289 conc.
317 3243 340 3294 4.
364 3240 398 3294 de
423 3241 494 3298 festo
516 3242 665 3304 Francisci.
710 3248 750 3301 At
773 3248 839 3306 nntn
856 3251 978 3308 christus
1000 3254 1043 3308 vel
1071 3251 1164 3318 daeos,
1177 3250 1312 3303 macne
1329 3249 1444 3303 illorum
1457 3263 1601 3316 synapopa
1618 3245 1649 3298 in
1668 3260 1741 3298 area
1758 3245 1828 3314 ipsa
1842 3253 1902 3298 tem·

217 3323 336 3391 apostoli
359 3325 388 3379 in
414 3326 457 3382 bis
480 3330 558 3385 terris
582 3333 711 3388 docentes
735 3341 792 3390 tam
809 3335 914 3393 ludicra
933 3347 961 3394 et
976 3357 1042 3410 pne·
1066 3336 1144 3405 plum
1162 3337 1198 3389 Β.
1215 3336 1331 3390 Mariae
1342 3337 1498 3391 Formosae
1516 3331 1706 3400 aedificarint.
1745 3327 1826 3391 Quae
1845 3348 1901 3384 eum

216 3407 280 3462 rilia
303 3411 438 3468 miracula
460 3414 604 3472 iecerunt?
632 3419 772 3476 hominum
796 3423 910 3480 salutem
935 3433 1042 3496 specta·
1067 3423 1159 3477 nescio
1178 3440 1249 3492 quae
1268 3422 1408 3477 miracula
1426 3420 1551 3476 edidisse
1568 3418 1711 3471 diceretur
1724 3417 1900 3486 1111610191

216 3491 299 3560 bant,
324 3514 504 3573 quaecunque
523 3503 644 3560 edebant
661 3507 805 3579 miracula,
828 3524 884 3567 non
901 3512 937 3568 ad
956 3512 1041 3569 solnm
1069 3508 1175 3579 lateque
1191 3526 1246 3578 per
1261 3508 1443 3564 Germaniam
1458 3522 1561 3577 sparsa
1580 3510 1675 3557 tantus
1692 3511 1811 3573 repente
1824 3518 1900 3573 pere

84 3572 200 3668 {kigaz
216 3579 434 3647 admirationem,
479 3591 504 3643 5.
536 3591 677 3653 Quaedam
712 3599 851 3653 miracula
879 3601 1043 3666 confirmant
1068 3597 1213 3666 prinorum
1238 3613 1387 3650 concursus
1413 3610 1472 3647 esse
1500 3591 1602 3661 coepit,
1630 3597 1660 3642 nt
1685 3606 1736 3642 nec
1761 3589 1900 3657 templum,

85 3675 175 3719 arnam
215 3665 433 3735 idolomaniam,
453 3678 664 3743 superstitsbnes
683 3691 708 3735 et
723 3685 817 3748 falsos
835 3685 930 3758 cultus,
948 3686 1041 3742 videli·
1067 3701 1117 3738 nec
1135 3683 1310 3746 coenobium,
1329 3682 1375 3736 uic
1392 3680 1476 3734 etiam
1494 3678 1559 3730 urbs
1577 3676 1657 3745 ipsa,
1676 3675 1779 3746 ampla
1798 3673 1902 3744 alioqui

86 3727 185 3821 iffi*
215 3756 262 3805 cet
279 3755 484 3825 purgatorium,
500 3761 701 3823 invocationem
719 3778 888 3845 sanctorum,
903 3775 1041 3830 transsnb
1067 3787 1180 3839 uereque
1202 3769 1295 3837 repia,
1327 3775 1422 3822 tantae
1447 3763 1580 3818 eouuuu·
1601 3762 1755 3828 sufficeret.
1799 3763 1901 3814 Auctus

214 3837 428 3910 stantiationcm,
447 3842 653 3922 ἆριολαιρείαν,
672 3860 874 3918 venerationem
893 3863 1042 3935 imaginum
1068 3859 1133 3911 s'nete
1150 3858 1246 3922 fisror,
1265 3863 1295 3909 ut
1314 3855 1363 3924 qui
1378 3854 1533 3908 Formosas
1554 3849 1671 3903 Mariae
1689 3846 1902 3902 Ratisbonensis

215 3927 267 3976 etc.
287 3940 358 3994 qnae
375 3927 506 3999 dogmata
524 3950 587 3990 cum
606 3937 755 4011 Scripturis
772 3950 857 4003 sacris
875 3951 977 4006 directe
994 3948 1041 4003 ad·
1066 3945 1110 3998 cel
1138 3943 1226 3998 obiter
1255 3941 1421 3995 meminisset
1443 3938 1518 3992 seint
1545 3934 1732 3990 mtbusiasmo
1760 3942 1901 4004 correptus

212 4017 367 4081 versentur,
391 4017 511 4072 tenenda
532 4029 575 4076 est
600 4025 635 4080 de
652 4027 708 4087 illie
725 4035 822 4106 regula
838 4035 969 4092 divinitu.
987 4044 1043 4092 ere-
1064 4030 1231 4102 posthabitis
1244 4028 1424 4097 parentibus,
1448 4023 1625 4094 conjugibis,
1648 4020 1746 4074 liberis
1766 4029 1848 4075 recta
1866 4020 1903 4073 ad

212 4092 271 4148 dita
293 4095 376 4152 91111
403 4106 447 4167 ¹3·
470 4120 496 4158 V·
525 4113 547 4164 l·
589 4110 672 4173 Talia
696 4121 828 4176 miracula
852 4123 1043 4178 describuntur
1068 4136 1129 4174 eam
1146 4118 1207 4170 dies
1225 4123 1369 4183 noctesque
1382 4112 1533 4182 irrequieto
1551 4127 1636 4165 cursu
1653 4108 1742 4162 obuiis
1762 4108 1795 4162 in
1810 4107 1901 4161 s'tiners

211 4176 295 4275 {0⁰8⁰
312 4182 433 4253 Plurimi
448 4189 477 4242 5¹¹
496 4191 577 4258 libtis
595 4212 712 4277 quatuor
724 4208 895 4281 dialogorum
907 4210 1042 4282 Gregorii,
1069 4223 1116 4261 nec
1139 4201 1270 4257 salutatis
1295 4217 1345 4253 nm
1368 4199 1472 4269 apnitr's
1497 4196 1683 4252 contenderet.
1720 4195 1825 4265 Neque
1842 4210 1900 4247 sero

212 4281 240 4318 ¹¹¹
258 4269 370 4335 ⁸l’001110
389 4271 530 4343 hitiOriiii
545 4290 692 4361 Vincentii,
712 4294 739 4348 in
757 4293 890 4350 historiali
908 4296 1041 4353 Antonini
1067 4293 1111 4348 uel
1129 4289 1214 4344 minis
1232 4287 1276 4341 cel
1292 4285 1412 4340 vinculi
1426 4284 1549 4338 coerceri
1556 4288 1676 4352 poterat.
1710 4280 1901 4335 Instrumenta

166 4366 168 4370 ’
210 4351 411 4453 1111111Ρ111οΡ1
433 4358 590 4431 Florentiui
609 4386 659 4434 etc.
683 4396 716 4435 ac
739 4382 874 4438 similibus
894 4383 984 4452 libris,
1007 4383 1042 4437 de
1068 4380 1139 4433 artis
1166 4377 1249 4446 (nam
1270 4373 1397 4444 plebeios
1420 4372 1484 4438 fere
1506 4378 1532 4424 et
1553 4368 1666 4440 opifices
1691 4368 1763 4420 baec
1791 4366 1902 4421 suauis

210 4439 310 4508 1111111111
321 4459 468 4514 mlrac'slis
485 4469 559 4518 recte
570 4468 729 4535 pronuntiat
744 4470 941 4525 Machiavellus
954 4470 1003 4527 lib.
1021 4477 1041 4524 t.
1068 4462 1196 4536 apebat),
1216 4477 1287 4531 quae
1305 4468 1393 4513 mente
1410 4459 1492 4513 moiic
1502 4459 1543 4510 ud
1556 4472 1666 4509 matum
1674 4452 1802 4518 2111111111
1815 4443 1940 4508 ,mm

207 4521 272 4580 11111·
301 4525 428 4602 1101ἐυί
457 4549 493 4602 ad
517 4549 685 4609 Clementem
709 4557 772 4612 VII.
802 4563 879 4628 qued
902 4557 1041 4612 miracula
1068 4554 1203 4621 abrepta,
1227 4555 1336 4600 statuae
1360 4542 1546 4599 anathematis
1570 4541 1632 4596 loco
1650 4541 1820 4610 afferebant.
1860 4538 1901 4593 Vi·

206 4612 365 4684 mamae
400 4635 532 4690 ecclesiae
568 4656 630 4693 cum
654 4644 716 4711 fide
747 4647 879 4715 antiquae
908 4645 1042 4700 ecclesiae
1068 4640 1158 4692 disses
1176 4632 1357 4688 mulierculas
1379 4631 1519 4684 trabentes
1532 4643 1650 4697 pueros,
1674 4641 1757 4679 111111
1775 4625 1901 4695 1119101111

200 4714 340 4770 Piimmt.
387 4718 421 4772 In
452 4729 505 4778 act.
533 4730 556 4781 t.
584 4727 682 4785 concil.
714 4729 826 4787 Nicnen.
853 4731 890 4788 Π,
916 4730 1043 4799 refertur,
1068 4728 1118 4779 bus
1147 4713 1309 4782 innitentes,
1334 4734 1441 4786 pueros
1459 4714 1547 4785 panis
1573 4714 1699 4778 frustum
1721 4711 1770 4764 ael
1794 4728 1902 4781 pensum

205 4800 377 4856 monumen
399 4810 538 4874 windam
564 4828 583 4865 a
607 4814 711 4882 spirim
735 4818 930 4889 impudicitiae
954 4817 1043 4879 risisse
1068 4809 1186 4866 donarii
1203 4809 1266 4861 loco
1285 4805 1475 4869 obtendentes,
1500 4816 1600 4867 aepros
1617 4815 1679 4850 cum
1696 4792 1902 4874 linteaminibus

208 4876 347 4940 metatum
368 4907 403 4943 ac
426 4909 488 4945 cnsm
512 4896 562 4948 diu
587 4900 755 4971 multumque
767 4905 891 4973 jejuniis
911 4912 936 4956 et
951 4903 1044 4972 preci·
1070 4907 1094 4952 et
1112 4894 1249 4963 stragulis
1267 4893 1443 4960 adrepentes,
1462 4887 1526 4952 cibi,
1539 4893 1627 4956 potus
1638 4883 1783 4953 somnique
1802 4886 1903 4938 interea

211 4969 260 5023 1111
278 4975 435 5040 11111111111,
458 4983 626 5050 apportasse
645 4993 808 5043 tentatorem
828 4991 906 5060 eique
925 4989 1044 5043 dixisse:
1071 4987 1256 5041 immemores.
1277 4986 1380 5044 mutes,
1404 4975 1507 5028 surdos
1525 4980 1551 5025 et
1568 4969 1676 5041 apertis
1696 4986 1795 5024 coecos
1813 4969 1904 5024 oculis.

212 5054 247 5109 Si
260 5075 279 5113 a
302 5078 345 5113 me
362 5061 473 5117 liberari
490 5067 573 5137 velis,
598 5070 745 5139 smapinem
765 5075 852 5140 banc,
876 5082 1044 5131 enatantem
1073 5069 1219 5138 Templum
1243 5064 1365 5133 inpressi
1389 5078 1444 5114 non
1468 5075 1560 5113 omnes
1585 5057 1678 5110 eodem
1698 5058 1784 5111 modo
1803 5057 1903 5127 asyim'c

203 5142 322 5210 pictura
338 5147 458 5217 cirpins's
469 5154 594 5224 Mariae,
613 5157 703 5213 colere
714 5160 834 5216 desinas.
873 5162 943 5216 Tale
962 5162 1045 5216 etiam
1057 5131 1188 5221 ibenter,
1209 5154 1260 5206 secl
1278 5150 1329 5220 qui
1346 5150 1387 5202 ad
1403 5163 1538 5200 summum
1555 5143 1674 5211 gratiae,
1692 5143 1738 5196 uti
1752 5145 1904 5213 persuade·

208 5232 264 5296 est,
291 5232 365 5300 quod
388 5234 524 5291 Martinus
548 5239 720 5312 Isengrinius
746 5246 836 5302 refert
861 5249 897 5303 ad
923 5263 1044 5318 compro·
1071 5245 1137 5296 bant
1155 5236 1320 5308 sacrificuli.
1335 5233 1533 5304 mmmm·
1550 5229 1599 5287 1111
1613 5229 1742 5298 primum
1752 5231 1904 5295 fiiilwl‘l⁸

206 5310 326 5370 bandum
356 5327 513 5376 sanctorum
546 5325 746 5384 invocationem
776 5332 814 5387 de
841 5333 955 5389 obsessa
979 5349 1046 5404 qun.
1072 5330 1255 5385 simulacrum
1274 5321 1482 5391 manasset,
1506 5316 1587 5369 nulle
1607 5315 1694 5368 missa
1713 5333 1782 5371 eece
1804 5318 1904 5370 sidera·

206 5397 271 5453 dum
289 5404 395 5475 puella,
425 5425 496 5480 quae
524 5427 558 5465 ex
583 5415 718 5483 peculiari
746 5415 857 5476 Mariae
879 5418 1046 5475 revelatione
1073 5417 1109 5470 tis
1120 5415 1227 5469 similes
1243 5407 1433 5467 concidebant,
1445 5406 1488 5458 ad
1499 5420 1529 5457 ee
1540 5401 1648 5457 reuersi
1664 5419 1723 5455 una
1739 5420 1803 5456 cuns
1813 5405 1905 5468 finecs

202 5484 325 5543 adduam
353 5490 438 5549 merit
464 5496 501 5551 ad
531 5499 668 5569 capellam
699 5501 831 5576 Virginius
861 5507 891 5560 in
922 5505 1048 5575 Antiqua
1073 5502 1177 5556 morbis
1202 5516 1231 5553 se
1257 5497 1391 5551 liberatos
1407 5490 1611 5562 probibemus
1629 5492 1681 5545 eii·
1720 5487 1778 5546 sed
1800 5486 1905 5545 mii

202 5570 352 5661 Oefinifflr
378 5596 462 5650 (11111111
479 5587 572 5639 lmen
590 5585 658 5642 nihil
676 5598 850 5662 commotam
876 5591 962 5648 fuisse
981 5590 1047 5645 scri·
1074 5587 1174 5646 similia
1199 5582 1347 5647 micus,
1375 5577 1506 5653 (quorum
1530 5573 1667 5651 prolixum
1692 5573 1855 5658 catalogum
1878 5588 1904 5630 ex
