4004 6022
290 229 350 287 242
405 189 407 193 ’
876 170 1218 272 ωουειιοιιειιιιιε
1235 211 1379 270 namus

290 374 352 430 loeo
370 378 398 428 et
409 370 577 438 ceremoniis,
594 387 666 443 quae
677 369 750 424 circa
761 366 1024 424 administrationem
1034 364 1118 433 buius
1144 370 1265 434 constat,
1286 371 1319 420 ut
1337 363 1507 427 ostenderet,
1534 363 1623 434 primo
1640 362 1777 420 beneficia
1791 363 1932 435 patiaris
1948 370 1981 420 ct

290 458 414 530 mysterii
425 458 613 523 observantur,
626 455 656 509 in
665 458 806 525 posterum
817 469 933 525 agamus
948 452 1043 523 sicque
1054 449 1120 505 huie
1143 449 1239 504 mortis
1263 466 1330 506 suae
1351 450 1381 505 in
1405 450 1458 504 boc
1482 448 1666 506 saeratissimo
1684 450 1819 520 mysterio
1835 467 1904 506 vers
1918 466 1978 506 ere

290 544 422 600 haemmi
447 542 533 598 *finem
560 542 741 612 inponamus.
781 540 857 596 Ante
879 539 971 594 omnia
988 535 1119 607 temporis
1145 536 1274 592 dentibus
1297 536 1437 603 distribui,
1460 552 1524 591 cum
1550 536 1581 590 in
1601 552 1634 592 eo
1653 535 1880 592 manducandum
1896 536 1978 592 nobis

293 629 499 685 circumstantia
528 626 627 698 triplex
654 626 833 697 explicanda,
860 624 988 680 nimirum
1009 629 1119 694 tempus
1144 621 1225 677 detm
1250 621 1320 676 illud
1341 623 1433 693 ipsum
1456 639 1570 693 corpus,
1596 621 1671 694 qnod
1688 639 1739 693 pro
1752 622 1839 679 *nobis
1856 622 1888 678 in
1901 639 1977 679 mor·

164 725 262 772 romeus
293 715 486 783 irtsts‘tuts‘om's,
509 713 807 768 administrationis&
826 710 993 767 durationis.
1031 717 1054 764 1.
1073 708 1118 763 In·
1143 711 1199 761 tem
1216 707 1359 777 traditum,
1377 714 1406 762 et
1417 707 1553 763 bibendus
1571 707 1652 762 nobis
1670 707 1835 764 exhibeatur
1848 708 1901 764 -ille
1915 708 1978 778 ipse

165 775 254 867 ffi‘f'
292 800 399 855 stitutio
416 799 499 870 hujus
517 799 683 855 sacramenti
699 798 776 853 facta
792 804 835 854 est
851 795 1030 853 annemundi
1041 800 1117 851 tout.
1143 794 1274 865 sanguis,
1302 794 1352 866 qui
1373 810 1424 864 pro
1445 793 1567 864 peccatis
1591 794 1693 849 neruis
1706 786 1807 850 issara
1824 794 1917 850 arnob
1933 799 1977 850 est

195 899 220 943 L
232 898 276 942 tta
291 887 348 956 (vel
364 891 397 941 ut
413 885 460 941 alii
478 891 640 957 computant
656 901 729 940 anno
746 886 824 951 3335)
840 890 905 954 post
919 881 1118 937 institutionem
1144 877 1257 935 effusus.
1299 878 1408 936 Deinde
1428 884 1461 934 ut
1479 879 1603 949 doceret,
1627 879 1700 936 bano
1716 897 1777 938 esse
1796 886 1975 937 mmmmm

290 972 356 1043 agni
380 971 519 1042 paschalis
543 977 617 1026 1550.
635 975 812 1041 postratum
829 968 968 1024 Chrisbrm
985 985 1058 1023 anno
1076 973 1117 1024 3t.
1143 965 1213 1020 riam
1239 981 1316 1021 suam
1336 965 1542 1036 dispositionem
1560 982 1669 1021 mmma
1683 967 1841 1022 merenda
1856 983 1876 1022 a
1892 965 1973 1022 nob‘a

289 1063 423 1128 currente,
438 1058 483 1113 die
494 1057 600 1128 Aprilis
614 1063 637 1112 3.
652 1057 696 1112 vel
707 1061 740 1111 ut
753 1055 800 1111 alii
811 1055 946 1126 eolligunt
959 1060 1002 1110 24.
1015 1053 1117 1122 Martii,
1142 1051 1324 1106 tractandam.
1360 1050 1423 1107 Gal.
1441 1057 1474 1120 3,
1502 1069 1527 1107 s.
1557 1058 1600 1107 15:
1634 1052 1766 1106 Hermaia
1781 1060 1974 1107 morsm

288 1160 360 1215 quae
389 1149 449 1198 erat
476 1144 535 1198 dies
558 1143 646 1199 Jovis.
685 1141 765 1197 (birca
786 1141 838 1197 hoc
854 1139 1033 1196 institutionis
1050 1147 1116 1195 tem·
1143 1139 1345 1207 coefimotum,
1371 1136 1508 1205 διαθήκην
1530 1138 1724 1212 κεκυρωμένην
1745 1138 1851 1208 (morte
1870 1137 1974 1193 seilicet

287 1247 340 1298 pus
359 1229 572 1286 absumendum:
605 1236 626 1285 1.
644 1230 720 1300 quod
738 1227 896 1282 immediate
915 1243 976 1282 eam
991 1242 1116 1297 praeces·
1142 1223 1280 1278 testatoris
1310 1223 1395 1280 Hebr.
1423 1230 1451 1290 9,
1482 1243 1508 1279 v.
1538 1228 1591 1292 16.)
1622 1242 1701 1280 asmo
1726 1224 1856 1294 mersit,
1887 1239 1973 1294 soma

287 1316 355 1370 serit
378 1316 444 1388 agni
471 1317 609 1388 paschalis
633 1316 794 1380 celebratio,
824 1330 896 1386 quae
916 1314 999 1383 juxta
1025 1314 1116 1383 legem
1142 1311 1296 1380 quidquam
1329 1311 1537 1380 ssspsrordiudt.
1588 1310 1827 1374 Quemadmodum
1860 1310 1972 1366 mutu

288 1400 409 1456 divinam
434 1401 575 1459 incidebat
596 1402 625 1456 in
648 1400 873 1458 diemdecimam
892 1405 1018 1471 quartam
1035 1398 1116 1468 primi
1142 1394 1222 1463 bona,
1240 1396 1397 1452 denotionis
1415 1403 1527 1471 propter
1545 1396 1657 1467 nuptias
1674 1413 1773 1465 canu,
1793 1397 1823 1451 in
1842 1395 1970 1468 conjugio

288 1488 403 1557 mersis,
429 1487 516 1544 Exod.
545 1493 590 1551 11,
614 1507 639 1542 r.
666 1492 690 1543 6.
729 1487 803 1542 Huic
820 1487 909 1558 primo
926 1485 1012 1540 mensi
1028 1484 1116 1541 Nisan
1141 1481 1279 1553 acquisita
1303 1483 1415 1553 conjugi
1436 1499 1504 1538 auae
1526 1499 1578 1554 per
1600 1489 1797 1538 testamentum
1814 1483 1919 1538 iterum
1934 1481 1970 1536 ls-

289 1572 364 1642 apud
382 1573 505 1629 Judaeos
525 1573 626 1644 partim
643 1573 771 1638 Martius,
798 1570 898 1642 partim
916 1570 1022 1642 Aprilis
1039 1569 1115 1641 apud
1143 1574 1193 1640 gat
1215 1568 1255 1623 sic
1274 1568 1398 1624 Christus
1416 1585 1527 1625 aunem
1547 1574 1576 1624 et
1592 1569 1756 1641 sanguinem
1772 1585 1794 1623 a
1811 1568 1896 1624 nobis
1915 1585 1970 1623 sus

288 1677 338 1714 nos
366 1658 521 1730 respondet
567 1658 744 1714 Ostendimus
772 1664 865 1713 autem
888 1658 917 1711 in
940 1661 1062 1712 tractatu
1080 1655 1115 1710 de
1140 1661 1250 1726 ceptum
1272 1655 1302 1710 in
1326 1653 1381 1710 hoc
1407 1672 1457 1710 sno
1480 1661 1645 1711 testamento
1662 1655 1764 1711 iterum
1780 1654 1879 1727 legare
1894 1653 1971 1710 nobis

289 1744 497 1801 circumcisione
517 1750 545 1801 et
563 1761 636 1816 agno
654 1744 777 1816 paschali
797 1742 825 1816 ξ.
844 1749 895 1813 ³9,
913 1743 1051 1798 Christum
1071 1741 1116 1796 die
1140 1740 1235 1797 voluit.
1270 1741 1547 1813 Augustinusepist
1567 1748 1631 1798 118:
1661 1741 1880 1810 salvatusque
1897 1740 1971 1794 sebe

288 1831 419 1886 divinitus
449 1831 598 1887 constituta
627 1837 659 1886 et
686 1830 857 1901 praescripta
881 1846 945 1885 cum
974 1827 1116 1899 discipulis
1141 1828 1258 1881 mettius
1286 1829 1492 1882 cmaoseudarst
1520 1828 1645 1896 mystoeit'
1674 1829 1754 1881 tttr‘us
1785 1827 1971 1890 oitmdim,

287 1918 344 1972 suis
369 1918 550 1973 manducasse
574 1933 678 1988 agnm
703 1916 874 1987 paschalem,
903 1914 1026 1970 Judeeos
1050 1929 1115 1968 vero
1141 1913 1270 1968 mimum
1295 1914 1347 1968 boe
1372 1914 1461 1968 votuit
1487 1915 1602 1983 irripere
1626 1913 1759 1968 sordibus
1777 1920 1804 1967 ot
1820 1913 1971 1968 raemoriae

287 2009 400 2074 propter
428 2003 589 2058 traditiones
617 2001 753 2072 majorum
782 1999 925 2072 postridie.
971 1999 1115 2055 Bellarmi·
1142 1999 1361 2069 disceptatorum,
1393 2018 1413 2054 a
1440 2001 1539 2069 quibus
1563 2002 1605 2054 ad
1628 2007 1746 2053 mortem
1767 2014 1972 2068 propr-ossam

287 2106 339 2144 uua
357 2088 404 2145 lib.
423 2096 446 2145 1.
465 2089 501 2143 de
517 2089 684 2144 eucharistia
700 2105 724 2144 c.
742 2094 766 2146 8.
784 2093 813 2144 et
834 2093 860 2143 a.
880 2087 1017 2158 disputat,
1037 2085 1114 2141 Obri-
1140 2093 1209 2139 erut.
1252 2089 1276 2140 3.
1294 2084 1376 2151 Quod
1393 2085 1501 2155 vesperi
1518 2091 1582 2156 post
1599 2085 1743 2157 vulgarem
1761 2101 1880 2141 coenam
1894 2084 1972 2141 chri·

287 2181 360 2228 stum
382 2182 411 2229 et
431 2175 554 2230 Judaeos
573 2174 669 2230 eodem
688 2175 732 2230 die
749 2173 905 2231 celebrasse
922 2172 1042 2245 pascha,
1065 2172 1114 2228 sed
1140 2176 1200 2225 stus
1223 2170 1277 2227 boc
1303 2180 1505 2227 sacramentnm
1531 2171 1680 2227 instituerit
1706 2178 1735 2226 et
1760 2171 1907 2242 discipulis
1923 2171 1972 2226 ad·

287 2258 339 2315 hoc
380 2277 443 2315 cum
477 2260 661 2331 descriptione
697 2259 928 2331 evangelistarum
966 2257 1114 2313 difficulter
1140 2256 1308 2326 ministrarit,
1329 2257 1395 2329 quia
1412 2257 1561 2313 celebratio
1578 2257 1646 2329 agni
1664 2257 1803 2328 paschalis
1819 2257 1968 2317 institutio·

287 2346 428 2401 conciliari
453 2351 558 2417 potest,
585 2362 642 2418 qua
668 2346 704 2401 de
728 2363 758 2402 re
782 2346 812 2400 in
830 2345 1035 2401 continuatione
1053 2344 1114 2399 bar-
1139 2361 1202 2399 nem
1228 2344 1410 2400 eucharistiae
1433 2345 1600 2415 praecedere
1626 2345 1737 2413 debuit,
1761 2347 1823 2415 jam
1838 2362 1906 2400 rero
1923 2361 1969 2416 sg-

287 2432 397 2487 moniae
417 2431 608 2504 evangelicae,
629 2432 652 2486 si
671 2431 749 2487 Deus
766 2431 852 2487 vitam
870 2437 899 2488 et
915 2430 986 2486 vires
1004 2445 1114 2486 coaces-
1139 2447 1192 2484 nus
1217 2429 1355 2501 paschalis
1379 2447 1436 2485 non
1456 2431 1510 2485 nisi
1532 2431 1585 2487 sub
1603 2431 1790 2487 imminentem
1803 2437 1920 2487 noctem
1937 2448 1970 2487 er

287 2510 360 2582 serit,
371 2517 455 2572 latius
465 2517 637 2573 disseremus.
664 2516 877 2574 ”Embdenses
888 2516 1027 2586 intbttttbt
1038 2533 1065 2587 p.
1072 2521 1113 2572 33.
1139 2515 1310 2586 praescripto
1334 2516 1405 2588 legis
1422 2522 1483 2572 erat
1498 2516 1723 2587 manducandus,
1749 2516 1813 2572 ideo
1834 2517 1920 2573 etiam
1933 2534 1969 2572 eo

286 2602 423 2673 objiciunt
441 2619 499 2656 esse
515 2605 666 2673 fiprsratcm
684 2603 857 2666 locutionem,
875 2603 988 2672 quaudo
1001 2602 1114 2668 dieder,
1141 2599 1251 2657 differre
1267 2602 1355 2658 voluit
1372 2601 1575 2658 institutionem
1594 2619 1709 2668 coense,
1726 2607 1813 2673 atque
1828 2609 1861 2656 ut
1879 2611 1969 2659 osten

288 2687 428 2742 Christum
445 2689 599 2743 instituisse
625 2704 740 2742 comeam
756 2696 853 2758 soma,
874 2707 935 2742 oum
953 2706 1009 2742 stou
1025 2695 1114 2752 nemu,
1140 2687 1231 2754 deret,
1255 2703 1286 2742 se
1308 2705 1363 2744 non
1390 2687 1456 2744 dare
1480 2687 1573 2744 cibum
1590 2688 1711 2760 aliquem
1729 2695 1851 2744 terreum
1869 2688 1968 2746 alardo

287 2776 340 2828 sed
356 2775 466 2842 uesperi
483 2775 520 2827 sit
537 2774 671 2830 instituta.
706 2773 931 2845 Respondemus:
958 2789 1047 2843 agnus
1065 2790 1113 2843 pa·
1139 2772 1228 2828 ventri
1244 2772 1427 2840 destinatum,
1445 2775 1493 2831 sed
1513 2780 1542 2830 et
1557 2774 1713 2831 coelestem.
1750 2773 1852 2830 Postea
1868 2781 1968 2841 tamam

288 2858 387 2913 sehalis
414 2859 547 2915 celebrari
575 2856 673 2913 debuit
700 2859 773 2914 inter
801 2859 869 2914 duas
900 2875 1028 2930 vesperas
1051 2867 1114 2929 post
1139 2863 1172 2912 ut
1188 2858 1284 2915 scribit
1299 2859 1484 2931 Augustinus,
1496 2861 1609 2930 placuit
1627 2861 1751 2930 Spiritui
1767 2869 1874 2930 saneto,
1892 2871 1923 2916 ut
1936 2863 1968 2917 s's

287 2944 353 2999 solis
374 2959 509 3001 messum.
549 2943 614 2999 Jam
633 2960 698 2999 vero
715 2950 778 3014 post
796 2961 873 3000 esum
891 2944 958 3016 agni
975 2943 1113 3015 paschalis
1139 2946 1269 2999 bonorem
1298 2947 1371 3000 touts'
1400 2948 1571 3001 samaraeus·
1595 2947 1625 3001 is
1651 2964 1683 3000 os
1708 2946 1867 3001 Otr-istium·
1887 2949 1968 3018 prius

286 3029 411 3085 Christus
436 3027 555 3085 instituit
576 3024 701 3095 codrum,
734 3029 831 3102 utique
854 3046 920 3102 ergo
943 3037 1027 3091 noctu
1052 3046 1113 3086 eam
1141 3031 1320 3086 Domitiorum
1340 3050 1441 3102 eorpus
1467 3033 1587 3087 tumeret
1612 3049 1695 3102 quom
1714 3032 1800 3087 ceteri
1815 3034 1885 3103 cibs',
1908 3034 1968 3089 loco

286 3115 413 3171 instituit.
460 3116 575 3187 Absque
600 3115 674 3170 omni
699 3115 786 3188 igitur
812 3122 893 3187 tropo
913 3115 1113 3187 accipiendum,
1138 3120 1262 3188 proximo
1282 3119 1377 3175 citato.
1834 3172 1837 3177 .

287 3202 361 3273 quod
383 3209 404 3259 1.
416 3201 477 3258 Cor.
492 3208 532 3271 11,
551 3220 577 3260 s.
592 3207 633 3258 23.
648 3211 731 3257 noctu
750 3202 851 3258 dieitur
864 3202 999 3259 instituta
1020 3201 1113 3267 Quod·
1175 3213 1233 3262 255.
1270 3211 1294 3262 1.
1322 3204 1454 3271 Quamvis
1483 3221 1549 3260 sero
1578 3204 1652 3260 cirea
1682 3210 1793 3276 tempus
1819 3204 1998 3275 paschatosr

287 3289 310 3343 si
325 3294 409 3344 noctu
427 3288 480 3344 fuit
498 3288 639 3358 instituta,
658 3304 708 3343 cur
725 3292 803 3345 tanto
821 3292 923 3344 conatu
938 3294 1043 3359 negant
1061 3288 1113 3343 Be
1140 3298 1168 3347 at
1194 3292 1306 3364 quidem
1333 3307 1448 3362 vespera
1469 3291 1526 3346 diei
1548 3290 1686 3347 institutio
1703 3292 1786 3361 huius
1803 3290 1969 3348 moramenfi
1999 3284 2002 3344 ἶ

285 3373 435 3431 rolineuses
469 3373 662 3429 reformatores
696 3374 726 3429 in
761 3374 825 3430 dial
851 3383 957 3430 ‘centn
984 3374 1020 3429 D.
1051 3374 1113 3431 Hos
1138 3376 1214 3433 iacta
1238 3377 1289 3447 sit,
1320 3393 1496 3449 nequaquam
1518 3383 1611 3433 tamen
1637 3381 1690 3432 boc
1715 3377 1777 3449 ipso
1804 3377 1842 3431 ad
1861 3383 1969 3433 certum
1987 3380 2002 3401 ἰ

285 3477 313 3530 p.
335 3466 390 3517 tos.
415 3459 555 3517 Christum
573 3459 754 3516 luminaribus
775 3460 805 3515 in
825 3460 927 3531 primae
946 3476 1048 3516 coenae
1066 3459 1113 3515 ad·
1140 3463 1206 3518 anni
1229 3479 1262 3517 ac
1284 3463 1339 3520 diei
1362 3471 1471 3534 tempus
1492 3463 1694 3520 administratio
1711 3463 1834 3534 ejusdem
1853 3463 1969 3535 alligata

286 3546 486 3602 ministratione
510 3545 596 3601 tuisse
619 3545 759 3600 usumi'*
797 3544 866 3601 Ideo
883 3561 947 3601 vero
968 3553 1032 3616 post
1047 3546 1113 3618 agni
1140 3549 1245 3605 censeri
1263 3549 1359 3618 debet,
1379 3549 1453 3605 sicut
1470 3549 1535 3607 olim
1554 3549 1824 3616 Teaseradecaticae,
1850 3549 1968 3615 Quarto-

285 3631 425 3702 paschalis
442 3631 681 3686 manducationem
707 3631 920 3686 sacratissimum
943 3631 995 3686 hoc
1013 3638 1113 3701 myste
1140 3633 1277 3690 decimani
1288 3634 1501 3692 etPasohsiitae
1517 3627 1683 3702 sumerent,
1695 3636 1743 3708 qui
1755 3635 1893 3692 referente
1903 3636 1966 3692 hist

188 3789 190 3792 y
286 3716 358 3771 rium
380 3715 505 3770 cbristus
523 3716 657 3784 instituit,
680 3716 746 3788 quia
762 3723 962 3774 sacramentum
981 3717 1048 3789 agni
1065 3732 1113 3787 pa·
1139 3719 1277 3791 tripartita
1297 3721 1345 3777 lib.
1369 3728 1394 3779 9.
1419 3739 1442 3777 e.
1460 3727 1501 3779 33.
1521 3727 1550 3776 et
1569 3727 1611 3778 33.
1635 3721 1708 3779 diem
1726 3722 1865 3777 decimum
1884 3739 1964 3794 qnar-

287 3802 388 3857 schalis
413 3802 467 3872 fuit
481 3808 567 3873 typus
585 3801 780 3871 eucharistiae,
803 3810 835 3858 ut
850 3803 1018 3858 ostendimus
1033 3819 1113 3874 supe·
1139 3813 1198 3861 tum
1221 3806 1313 3863 Martii
1336 3808 1373 3863 ad
1394 3824 1497 3864 coenae
1515 3808 1677 3864 Dominioae
1699 3808 1907 3878 usurpationem
1923 3826 1965 3864 re·

286 3889 343 3944 rius
361 3885 389 3964 ξ.
408 3895 444 3945 12.
470 3887 517 3943 Sic
534 3904 601 3960 ergo
619 3889 733 3943 umbnm
751 3890 1112 3944 meoemueers'toseteos-
1139 3892 1299 3965 quirebant,
1329 3895 1378 3949 sed
1408 3896 1515 3967 quoties
1545 3911 1610 3951 vere
1640 3895 1703 3966 pius
1726 3895 1915 3952 consolatione
1935 3895 1965 3950 in

285 3983 375 4029 sumto
394 3993 475 4044 spuo,
493 3991 573 4044 quem
590 3976 707 4044 eatque
724 3975 841 4029 traditio
859 3976 1045 4045 proponebat,
1071 3976 1112 4030 is·
1139 3978 1191 4034 hoc
1217 3980 1348 4050 mysterio
1372 3980 1514 4051 proposita
1536 3980 1645 4052 indiget
1665 3997 1750 4052 seque
1768 3982 1888 4052 probare
1906 3987 1965 4053 pot·

285 4061 523 4132 consumptibilem
548 4062 637 4117 eibum
655 4059 783 4114 Gtrs‘stus
807 4061 956 4129 dismpuisls
973 4064 1113 4132 apportat,
1139 4072 1195 4137 est,
1223 4067 1304 4122 toties
1328 4066 1399 4121 eitra
1419 4065 1637 4136 superstitiosum
1659 4067 1790 4139 temporis
1817 4068 1964 4125 minen

285 4154 317 4203 ut
344 4148 467 4219 loquitur
493 4147 648 4218 cyprianus
670 4163 750 4203 serm.
774 4147 810 4202 de
832 4162 919 4202 coena
941 4163 965 4204 c.
991 4152 1013 4205 l.
1054 4149 1112 4203 Per
1138 4152 1176 4206 ad
1198 4151 1268 4207 illud
1292 4151 1424 4207 accedere
1447 4156 1477 4205 et
1497 4157 1589 4221 potest
1615 4158 1644 4207 et
1667 4153 1759 4209 debet.
1803 4159 1825 4210 1.
1850 4153 1922 4219 Quia
1938 4154 1966 4209 in

284 4236 335 4288 too
353 4235 429 4303 qued
446 4231 572 4286 Christus
588 4251 690 4301 aptum
696 4232 864 4303 paschalem
875 4234 940 4302 edit,
959 4233 1041 4287 uliud
1054 4251 1112 4288 mo·
1139 4237 1231 4292 verbis
1253 4236 1432 4292 institutionis
1457 4254 1513 4293 non
1537 4237 1698 4308 exprimitur
1721 4244 1827 4295 certum
1846 4245 1963 4312 tempas.

278 4322 331 4389 jus
356 4319 515 4384 bemfics'um
538 4319 747 4373 monstrabatur
768 4318 819 4387 <ait
837 4318 1048 4389 chrysostomus
1065 4320 1113 4375 ho·
1139 4341 1194 4395 quo
1217 4323 1366 4379 celebratio
1391 4323 1474 4393 hujus
1497 4324 1622 4394 mysterii
1642 4323 1703 4379 fieri
1726 4324 1833 4382 debeat
1871 4323 1965 4382 Verba

284 4405 340 4460 mil.
364 4405 400 4461 de
422 4404 523 4475 prodit.
546 4405 663 4475 dudae),
687 4424 740 4476 quo
761 4406 810 4462 ilie
828 4424 917 4474 aprus
927 4407 1029 4475 surturi
1046 4408 1115 4478 opus·
1140 4409 1382 4481 evangelistarum,
1409 4408 1482 4480 qnod
1506 4408 1633 4465 Christus
1655 4410 1763 4481 vesperi
1786 4409 1964 4466 coenantibus

284 4500 366 4562 typus
385 4499 410 4544 et
431 4491 481 4546 itte
496 4493 612 4559 scapum
624 4492 769 4546 Domim'es'
784 4493 929 4561 computate
940 4495 1113 4564 monstrabat
1140 4493 1281 4566 discipulis
1302 4511 1410 4550 sacrum
1428 4495 1481 4549 hoc
1499 4495 1611 4565 epulum
1630 4495 1792 4565 instituerit,
1808 4496 1963 4552 historicam

285 4579 447 4646 adveutum,
474 4585 500 4630 et
523 4578 581 4631 ouis
608 4577 663 4631 itta
679 4578 838 4646 spiritualis
855 4579 914 4632 ovs's
932 4587 993 4633 erat
1012 4581 1054 4634 od
1070 4597 1113 4634 ea·
1124 4575 1128 4692 ι
1139 4580 1328 4638 tantummodo
1345 4580 1514 4652 relationem,
1532 4597 1706 4654 nequaquam
1723 4598 1788 4637 vero
1802 4581 1963 4638 determina·

285 4665 412 4735 emptum.
444 4664 501 4718 Itts
521 4682 611 4734 aprus
629 4665 727 4718 umbro
746 4673 814 4729 erat,
831 4666 876 4719 bio
896 4666 1006 4720 veritas.
1043 4665 1113 4721 Ideo
1139 4673 1198 4723 tum
1225 4666 1260 4723 de
1281 4672 1404 4737 tempore
1427 4667 1670 4724 mmmumuonir
1693 4667 1853 4724 mandatum
1875 4668 1963 4725 eonti-

284 4751 396 4820 inipso
417 4766 510 4804 mensa
527 4758 673 4818 utrumque
688 4751 800 4818 possim
819 4759 845 4804 et
864 4752 926 4819 typi
942 4760 968 4805 et
986 4752 1114 4806 ueritatis
1138 4758 1214 4810 nent
1251 4759 1273 4808 2.
1293 4752 1365 4818 Quia
1384 4751 1511 4811 Christus
1528 4754 1608 4810 dicit:
1636 4755 1698 4809 Hoc
1718 4755 1820 4824 facite,
1846 4755 1962 4824 quoties

285 4838 452 4891 combretum
478 4845 524 4891 est.
559 4838 635 4889 Nam
653 4837 725 4890 siout
739 4836 866 4904 pictores
881 4839 1053 4906 piscendam
1072 4847 1112 4892 to·
1139 4856 1244 4910 eumque
1264 4839 1394 4910 biberitis,
1414 4842 1444 4896 iu
1461 4859 1550 4896 meam
1569 4841 1852 4895 communerationem
1865 4847 1889 4898 1.
1905 4840 1964 4896 Cor.

285 4925 379 4978 bulum
399 4924 521 4991 emacim
545 4923 711 4992 quibusdam
732 4922 901 4976 adumbrare
918 4933 1115 4978 consueverunt
1141 4932 1190 4994 11,
1215 4941 1242 4982 r.
1267 4930 1308 4981 25.
1335 4925 1383 4982 ubi
1407 4927 1543 4997 particula
1559 4923 1655 4988 ὁσάκις
1672 4927 1820 4998 opponitur
1837 4926 1963 4982 observa

285 5019 383 5064 ettam
401 5011 525 5065 colorum
551 5009 686 5063 uarietate
705 5011 855 5078 perficere,
885 5009 926 5063 ita
944 5019 970 5064 et
989 5011 1115 5065 Otr-istus
1139 5011 1208 5067 tioni
1233 5011 1301 5067 certi
1324 5013 1454 5083 temporis
1473 5013 1547 5069 eirca
1564 5012 1630 5084 agni
1648 5013 1786 5083 paschalis
1806 5012 1963 5069 celebrmio

277 5098 401 5163 fecitis
418 5113 525 5164 mersu,
547 5103 573 5148 et
596 5103 691 5164 typum
707 5095 835 5164 potetas
853 5097 1004 5166 descrspss‘t
1022 5106 1048 5151 st
1059 5113 1113 5166 po
1139 5114 1202 5153 nem
1230 5097 1414 5169 necessariae,
1444 5115 1478 5155 ea
1505 5098 1577 5154 enim
1605 5098 1642 5153 ad
1672 5099 1808 5154 decimum
1837 5109 1963 5171 quartum

284 5183 351 5235 eoba
381 5183 507 5237 seritmis
534 5183 661 5237 ostendit.
711 5189 734 5238 2.
760 5182 841 5249 Quod
865 5181 949 5253 paulo
970 5187 1036 5238 ante
1052 5192 1114 5253 pat·
1139 5184 1213 5239 diem
1241 5184 1324 5256 primi
1355 5184 1455 5241 mensis
1486 5182 1578 5237 divino
1604 5185 1734 5241 mandato
1751 5185 1805 5242 tuit
1822 5185 1960 5242 adstricta

284 5267 397 5337 sionem,
416 5268 473 5325 sive
490 5273 523 5324 ut
538 5268 681 5340 apostolus
698 5267 821 5340 loquitur
844 5274 866 5324 1.
887 5266 950 5326 Cor.
971 5275 1011 5338 11,
1027 5284 1055 5327 r.
1072 5272 1112 5322 23.
1138 5270 1181 5327 Ne
1207 5271 1292 5344 igitur
1315 5270 1526 5338 existimmetm,
1552 5270 1818 5328 adminisuationem
1841 5270 1960 5328 euchari·

284 5360 363 5405 nocte
387 5371 434 5423 ee,
463 5373 521 5424 qua
539 5355 663 5409 traditus
683 5363 738 5423 est,
766 5352 904 5407 institutio
921 5353 1006 5425 buJ'na
1022 5368 1113 5409 sacra-
1139 5356 1222 5426 stiae,
1248 5373 1321 5429 quae
1346 5357 1376 5411 in
1400 5355 1492 5410 locum
1510 5355 1576 5426 agni
1594 5357 1733 5428 paschalis
1750 5358 1781 5413 in
1797 5358 1833 5417 tt.
1852 5358 1887 5414 Τ.
1901 5373 1961 5412 suc·

285 5437 371 5491 menti
401 5455 419 5493 a
443 5439 551 5496 Christo
576 5441 658 5496 iacta
700 5439 733 5494 Id
756 5454 820 5515 sero
843 5437 905 5494 ideo
929 5438 1035 5497 fuum
1053 5455 1113 5497 esse
1138 5444 1234 5508 cessit,
1258 5443 1354 5501 itidem
1378 5438 1417 5496 ad
1439 5436 1510 5493 iilud
1533 5447 1641 5514 tempus
1657 5443 1822 5502 necessitate
1842 5443 1960 5515 quadam
