4004 6022
726 230 987 292 nummasii.
1205 213 1207 216 ⁴
1634 246 1700 308 w

10 400 41 438 ιι
73 392 219 439 matura
240 390 281 438 est
303 401 434 453 uuquam
467 385 571 442 Hocine
590 385 626 441 de
643 402 771 458 expreeeo
789 386 844 442 Dei
874 387 981 444 errandi
1004 389 1137 460 praelatio
1160 390 1246 448 tribui
1261 392 1415 450 formaliter
1431 398 1461 450 et
1477 392 1621 465 prlmerio,
1645 408 1703 450 cre

10 467 88 524 urbo
113 469 256 539 disputat,
282 487 395 525 sacram
415 470 595 541 scripturam
611 473 669 526 risi
679 471 767 541 juata
783 489 844 527 see·
872 474 995 530 dentium
1031 477 1200 532 multitudini
1235 485 1437 549 consequenter
1473 484 1502 534 et
1531 477 1703 541 secundario,

10 570 56 609 ires
80 555 380 610 ccclesiaeRomauas
398 566 561 626 exportatur,
580 575 637 612 aaa
656 574 715 612 esse
727 559 788 612 Dei
800 575 845 612 eu-
871 565 1007 630 quatenue
1034 563 1141 617 scilicet
1167 564 1292 633 requitur
1317 565 1481 620 sententiam
1509 565 1702 634 praelatorum.

10 655 136 694 rmum
159 641 285 709 cabum,
308 643 361 694 scd
381 658 540 712 supressum
556 645 669 698 cabum
689 642 845 701 diaboli.**
870 644 1000 701 Nondum
1032 656 1124 702 autem
1152 663 1299 717 possumne
1328 650 1467 706 dimittere
1495 649 1703 714 Bellarminum,

10 724 82 780 lem
109 730 240 781 statuunt
260 725 359 797 reliqui
377 743 477 783 omnes.
515 727 676 784 Notandum
693 745 772 793 vero,
796 743 844 781 au·
869 733 1013 801 quaeritur
1031 734 1103 788 enim
1121 735 1250 802 ulterius,
1272 751 1308 790 an
1322 752 1418 791 omues
1435 736 1553 806 praelati
1570 737 1629 792 aire
1646 738 1703 806 epi·

10 817 87 866 ueto
116 812 252 867 ecclesiae
275 811 430 866 catholicae
454 815 564 869 nomino
584 815 672 869 solam
689 814 843 868 Romam
870 819 946 887 scopi
975 835 1139 890 quocunque
1167 821 1250 875 modo
1276 839 1337 877 acre
1359 822 1493 878 hahentee
1516 820 1570 876 hoc
1593 821 1703 892 privile

10 896 167 964 eclesiam,
195 897 251 952 imo
272 898 296 951 ei
313 897 347 951 in‘
360 899 469 968 analyei
484 914 647 970 progressus
664 898 727 963 fiat,
752 900 842 953 solum
870 903 946 974 giurn
971 921 1026 959 non
1053 906 1163 960 errandi
1184 906 1340 970 obtineant,
1370 925 1408 961 au
1429 924 1494 962 vero
1518 912 1548 962 et
1563 906 1609 961 hic
1627 912 1704 961 certa

10 985 166 1047 ontificera
184 983 353 1048 Barnaeum,
378 1001 461 1055 quem
478 985 612 1040 eccleciae
627 985 781 1041 catholicae
797 1002 842 1040 ca·
868 989 1025 1059 requiratur
1041 990 1183 1046 conditio?
1220 992 1405 1047 Bellarminus
1423 993 1476 1047 hoc
1495 991 1557 1047 loco
1576 991 1703 1048 absolute

10 1076 49 1123 ut
75 1076 107 1124 et
127 1069 309 1123 monarchum
326 1085 387 1124 eree
405 1069 532 1141 fingunt,
556 1087 575 1124 a
592 1070 746 1125 Pontificiie
763 1070 842 1126 intel-
868 1080 896 1128 et
920 1075 1081 1145 simpliciter
1104 1077 1277 1147 pronuntiat,
1302 1081 1338 1131 de
1359 1079 1541 1131 universitate
1560 1078 1702 1147 episcwo

10 1154 59 1226 gi.
101 1153 151 1209 Sic
169 1154 438 1210 enimBellarminue
456 1155 503 1213 lib.
522 1162 547 1212 4.
565 1156 840 1227 deportaturum.
867 1177 929 1214 rum
951 1162 985 1214 id
1001 1161 1213 1230 intellipeadam
1230 1178 1302 1227 asse,
1322 1179 1354 1217 eo
1372 1163 1482 1216 scilicet
1500 1180 1597 1230 scasu,
1626 1165 1703 1231 quod

10 1247 77 1297 ‚⁴2
116 1242 248 1294 Rcmaaa
268 1243 461 1312 particularis
479 1244 597 1298 eccleeia
614 1259 670 1297 rica
687 1250 780 1312 pateat
801 1259 841 1296 er·
868 1245 915 1309 ici,
944 1249 1022 1315 quod
1040 1249 1139 1301 dacaru
1155 1265 1248 1302 amaea
1267 1249 1394 1317 episcopi
1410 1255 1543 1318 tauquam
1561 1249 1603 1302 ad
1617 1250 1703 1313 tidem

10 1343 72 1381 m
88 1327 122 1378 ia
141 1328 215 1393 fida·
243 1326 292 1382 lib.
312 1332 336 1382 3.
356 1327 391 1382 de
410 1327 507 1384 eccles.
527 1345 551 1383 c.
571 1334 616 1384 to:
652 1331 784 1383 Romana
801 1344 841 1405 ec·
864 1332 1020 1399 pertineas,
1037 1335 1198 1387 aoeoeaario
1217 1334 1254 1386 eit
1269 1351 1364 1387 veum
1382 1341 1409 1387 et
1426 1335 1462 1386 dc
1476 1334 1548 1401 fids,
1565 1334 1615 1389 sed
1634 1332 1702 1388 alibi

10 1413 94 1466 lesia
121 1413 313 1480 particulari
340 1431 398 1467 aaa
420 1422 515 1482 poisat
540 1415 658 1468 &sttui
681 1430 750 1468 esra
771 1415 841 1480 fide.
869 1415 948 1471 addit
972 1417 1158 1474 conditionem
1175 1435 1208 1472 ac
1228 1418 1433 1488 limitationem,
1457 1418 1497 1472 sic
1516 1418 1589 1473 enirn
1608 1417 1703 1472 scribit

10 1495 143 1551 listoriae
159 1497 190 1550 in
208 1497 310 1568 bodeg.
328 1514 352 1553 o.
373 1498 408 1553 de
425 1499 541 1554 ecclea.:
574 1500 706 1553 Romana
724 1500 842 1553 walerio
868 1501 930 1556 libr.
949 1507 972 1556 3.
990 1503 1025 1558 de
1045 1503 1142 1559 ccolee.
1156 1519 1217 1573 cap.
1242 1510 1278 1559 10.
1307 1519 1379 1574 resp.
1397 1504 1434 1558 ad
1452 1505 1617 1558 secundum:
1636 1505 1702 1558 Noa

10 1599 151 1651 marram
172 1599 207 1636 ee
227 1583 372 1638 minimam
390 1586 503 1652 quidem
521 1601 618 1638 errare
634 1586 742 1653 potuit,
767 1586 842 1638 alias
864 1595 957 1656 potest
983 1589 1099 1643 ecclesia
1128 1590 1165 1643 ab
1191 1590 1330 1658 spmopis
1358 1589 1465 1658 decipi,
1492 1606 1556 1642 cum
1583 1589 1703 1644 ecclesia

10 1675 94 1724 mm
113 1669 262 1723 eccluiam
279 1686 377 1723 errare
397 1672 529 1740 aportuit.
571 1671 668 1741 (Atqui
686 1669 841 1744 ἀνιικείμε-
867 1689 924 1727 aaa
953 1674 1044 1742 possit
1072 1690 1183 1743 errare,
1214 1682 1241 1726 ct
1268 1682 1360 1728 tamea
1387 1682 1515 1728 terreatur
1541 1691 1588 1729 sos
1614 1675 1703 1744 sequi,

10 1773 54 1809 ον
68 1754 158 1809 estlr
168 1760 370 1826 προσκειμένῳ,
389 1755 542 1811 &manum
560 1756 706 1811 ecclesiam
724 1772 784 1811 esee
798 1773 841 1811 aa·
868 1775 937 1827 quoe
955 1775 1013 1826 pro
1036 1759 1111 1812 ocris
1125 1759 1288 1828 pastoribua
1304 1760 1394 1815 habet.
1436 1759 1520 1821 Quod
1529 1767 1702 1827 postremum

10 1856 60 1894 arn
87 1839 252 1895 catholicam
281 1841 433 1895 eccleciam.
476 1841 604 1895 Romana
629 1843 702 1896 enim
725 1842 841 1897 eeclesia
868 1843 978 1915 (inquit)
1008 1862 1077 1898 sarra
1102 1847 1186 1898 modo
1218 1845 1413 1912 accipiendum
1436 1853 1489 1914 est,
1525 1847 1553 1899 si
1572 1846 1702 1900 uidelicet

10 1942 60 1982 ton
78 1925 172 1980 minue
188 1943 270 1996 quam
288 1925 409 1991 Gmeca,
434 1927 573 1991 Asiatica,
595 1927 772 1982 Antiochena
789 1936 840 1984 etc.
867 1931 1031 2000 hujusmodi
1055 1930 1184 1999 episcopi
1204 1931 1233 1983 ia
1260 1932 1391 1985 doctriua
1415 1948 1509 1985 amnes
1531 1934 1702 2001 corroeaiaat,

10 2018 48 2068 nt
65 2011 246 2082 particularis
265 2013 391 2077 ecclesia,
409 2013 467 2069 eive
487 2014 640 2084 accipiatur
656 2014 692 2069 de
708 2032 749 2083 ea,
768 2032 841 2086 quae
868 2025 918 2070 out
934 2019 1021 2085 (nota)
1038 2016 1139 2070 summi
1150 2017 1298 2086 pontifices
1316 2018 1379 2080 siat,
1398 2034 1486 2086 aeque
1503 2019 1576 2071 euim
1588 2017 1702 2071 dubium

10 2114 31 2153 n
53 2096 128 2151 urbe
145 2096 235 2152 Roma
257 2097 411 2169 colligitur,
435 2098 493 2154 rive
517 2115 589 2170 quae
606 2099 730 2155 Romano
751 2101 840 2170 ponti-
868 2109 921 2167 est,
946 2103 1014 2170 quia
1030 2102 1158 2183 qaaecpi
1168 2102 1378 2172 particulares,
1398 2105 1427 2154 si
1442 2104 1478 2155 ab
1495 2104 1565 2157 aliis
1584 2104 1702 2157 duride

10 2181 51 2238 ici
74 2187 110 2237 ut
134 2184 220 2253 capiti
246 2183 397 2248 adhaeret,
423 2200 479 2254 qua
504 2185 539 2238 de
564 2201 594 2239 re
620 2203 686 2239 saue
704 2186 772 2240 alibi
790 2186 843 2241 erit
867 2195 924 2250 aat,
946 2204 1044 2241 errare
1055 2188 1176 2256 possiet.
1206 2186 1269 2242 Lib.
1282 2195 1304 2244 1.
1323 2188 1359 2241 de
1376 2187 1442 2242 cler.
1460 2205 1483 2241 c.
1496 2194 1520 2243 7.
1539 2185 1567 2262 §-
1582 2194 1623 2244 20.
1636 2189 1702 2242 ecri-

10 2269 162 2324 lieeerendi
188 2269 273 2325 locua
320 2269 390 2324 Cum
414 2268 571 2325 Pridericue
597 2269 716 2341 Sapiens
739 2272 842 2327 elector
868 2273 923 2340 bit,
948 2273 1086 2342 populum
1108 2272 1209 2326 debere
1234 2275 1393 2326 dracmam
1408 2289 1504 2327 oerum
1523 2276 1665 2329 doctorem
1683 2293 1702 2328 a

10 2355 145 2411 luonr'ae
163 2357 280 2425 audiret,
298 2356 335 2411 ab
353 2356 544 2411 adulatoribus
562 2356 716 2412 Pontificiie
734 2375 842 2428 semper
860 2357 946 2434 salso
969 2359 1124 2428 propbeta,
1155 2376 1211 2412 aaa
1233 2358 1296 2412 alia
1319 2359 1421 2430 rapula
1444 2376 1528 2428 quam
1552 2359 1703 2429 dalipeeter

50 2457 104 2496 ore
122 2440 232 2508 haberi,
262 2441 408 2496 oculorium
423 2441 579 2497 Romanam
597 2460 652 2499 non
671 2460 775 2509 errare,
799 2461 842 2498 ar
868 2445 1052 2509 camarado,
1077 2462 1115 2498 aa
1137 2445 1175 2513 is,
1200 2445 1251 2512 qui
1262 2445 1433 2513 praedicat,
1458 2444 1537 2498 dicat
1558 2445 1703 2498 contraria

10 2532 76 2599 pute
102 2528 256 2598 respondit,
289 2545 319 2583 ae
347 2546 403 2583 aaa
427 2530 551 2583 iaoeaire
575 2531 605 2583 ia
628 2531 752 2599 mmbolo
775 2530 844 2594 fidei
868 2531 919 2599 iis,
949 2547 1021 2599 quas
1046 2531 1211 2584 dicebantur
1238 2547 1258 2583 a
1280 2530 1556 2598 praedecessoribus,
1586 2530 1629 2584 oet
1656 2531 1702 2596 iis,

10 2615 174 2684 marlico,
193 2615 359 2668 mentionem
376 2615 442 2680 piari
460 2615 620 2684 Romanae,
648 2618 701 2670 secl
718 2622 843 2683 sauctae,
868 2632 941 2684 quac
976 2616 1111 2670 dicrartur
1140 2617 1176 2670 ab
1204 2615 1273 2669 aliis
1303 2617 1460 2671 ordinariis
1484 2617 1649 2685 partor-ibus
1677 2625 1702 2671 ct

10 2700 164 2755 reibolicas
192 2700 355 2768 ecclesiae.)
399 2698 529 2754 Ceterum
555 2718 619 2756 cum
647 2701 774 2756 Romana
799 2718 842 2756 ec·
864 2703 1035 2771 praetem
1052 2703 1088 2756 ab
1106 2702 1265 2773 apostolica
1283 2704 1349 2756 ecda
1368 2709 1393 2756 et
1411 2702 1530 2757 ecclesia
1541 2702 1704 2773 principali

10 2787 93 2842 aleria
117 2791 225 2841 constet
247 2785 421 2841 auditoribus
438 2791 467 2841 et
485 2786 656 2857 pastoribue,
686 2789 842 2860 quaerimur
869 2788 1025 2858 (Romana).
1055 2786 1081 2861 ξ,
1109 2804 1167 2860 seq.
1191 2788 1273 2843 addit
1296 2788 1347 2844 hoc
1374 2789 1599 2860 pronuntiatum:
1635 2788 1703 2845 &aar

10 2871 124 2929 uuum
142 2889 176 2928 ex
193 2871 363 2941 Pontifioiia,
381 2889 416 2926 an
434 2873 468 2927 de
487 2879 547 2927 tota
565 2873 745 2929 multitudine
763 2873 842 2930 andi·
867 2884 966 2946 paster
985 2874 1150 2930 ordinarius
1165 2883 1191 2929 et
1205 2875 1312 2945 aliquis
1323 2876 1406 2940 alius,
1426 2877 1476 2945 qui
1485 2878 1638 2946 praedicat
1648 2894 1704 2932 aaa

10 2971 99 3016 torum
116 2962 147 3014 et
162 2964 319 3029 partorum,
344 2974 380 3013 an
396 2960 517 3014 verode
535 2959 601 3014 eolis
623 2960 781 3031 pastoribus
801 2961 841 3015 in·
868 2970 994 3031 umatus,
1021 2962 1166 3017 contraria
1196 2963 1307 3029 doceat,
1336 2962 1416 3016 debet
1443 2963 1556 3017 omniuo
1576 2964 1704 3032 populas

10 3044 152 3101 tellectum
175 3045 275 3109 velint,
303 3045 378 3116 quod
396 3044 522 3100 Romana
545 3046 662 3101 ecclesia
679 3064 736 3101 nou
754 3048 844 3117 poerit
866 3059 1008 3119 pastorem
1033 3067 1114 3103 suum
1133 3049 1230 3117 potius
1252 3048 1334 3116 sequi
1357 3065 1442 3116 quam
1464 3049 1547 3102 illum
1574 3050 1703 3119 alterum,

10 3147 107 3188 errata
142 3131 327 3186 Bellarminua
347 3131 400 3186 hoc
422 3132 482 3186 loco
500 3132 608 3197 asserit,
628 3133 842 3202 intellipcadum
868 3137 918 3205 qai
938 3154 995 3188 noa
1022 3144 1062 3188 cst
1084 3143 1200 3203 pastor,
1235 3134 1346 3187 etiamsi
1361 3134 1442 3201 sorte
1460 3136 1644 3203 coatiaqerct,
1672 3145 1703 3188 ut

10 3219 40 3272 td
65 3224 124 3270 tam
145 3220 181 3271 ds
198 3218 380 3272 universitate
397 3219 530 3288 fidelium
548 3234 632 3286 mam
651 3220 687 3271 de
706 3220 841 3273 uniuersi·
864 3229 965 3290 pastor
983 3229 1065 3277 erret.
1095 3219 1158 3274 Lib.
1177 3226 1201 3274 2,
1228 3220 1263 3273 de
1281 3235 1358 3273 conc.
1383 3236 1408 3275 c.
1428 3224 1452 3274 2.
1474 3216 1501 3292 ξ.
1521 3220 1592 3273 alter
1609 3220 1702 3274 locut:

10 3312 63 3359 me
84 3306 286 3373 ephooporura,
303 3305 355 3358 hoc
372 3305 480 3358 scilicet
496 3321 588 3373 seusu,
607 3305 641 3357 id
658 3307 735 3373 quod
752 3313 842 3360 terreat
868 3308 1029 3375 &piscopos
1053 3307 1169 3360 acorsim
1186 3305 1346 3358 exsitentes
1363 3321 1417 3357 aori
1438 3306 1518 3357 dora
1537 3305 1663 3373 Spiritus
1679 3322 1702 3360 e.

10 3407 101 3445 maes
118 3391 218 3457 fideles
234 3399 368 3459 tuaquom
387 3392 504 3461 deside,
519 3392 682 3444 acceeaario
695 3399 841 3446 astrorum
868 3409 974 3446 omnem
994 3391 1149 3447 ueritatem.
1184 3390 1262 3458 Erpa
1278 3389 1380 3443 saltem
1397 3390 1544 3458 episcopos
1564 3407 1658 3444 omues
1672 3392 1702 3445 ira

10 3485 33 3531 rt
61 3479 98 3530 de
123 3477 191 3544 fids.
231 3476 337 3532 Eodem
361 3476 444 3531 modo
468 3476 596 3532 Becanua
621 3477 671 3533 lib.
693 3477 728 3532 de
744 3477 842 3533 ecciea
868 3496 953 3531 ursum
984 3484 1166 3545 conprepatos
1194 3474 1304 3529 docebit
1334 3491 1441 3528 omrem
1468 3477 1622 3532 ceritatem.
1666 3476 1703 3531 Et

10 3567 113 3634 quaeat.
138 3569 161 3618 1.
185 3562 279 3634 pagio.
301 3568 347 3618 18:
376 3563 507 3626 Quaestio
526 3570 568 3616 est
587 3562 708 3633 (inquit),
727 3580 765 3616 aa
785 3572 842 3618 tota
868 3569 976 3634 postea:
1017 3562 1100 3614 Idem
1124 3568 1179 3629 est,
1211 3559 1356 3614 calcetam
1379 3577 1436 3614 aaa
1451 3577 1536 3629 porse
1554 3578 1652 3616 errare
1672 3563 1702 3616 ia

10 3649 158 3703 muas
186 3647 425 3712 Christianarum,
459 3657 598 3718 qrsateaus
625 3665 659 3701 aa
679 3651 843 3717 pastoribus
869 3649 1035 3719 definiendis
1053 3647 1137 3701 rebus
1154 3647 1224 3711 fidei
1238 3647 1489 3717 aepuccposaoe
1500 3664 1583 3717 passe
1596 3665 1701 3704 enare.

10 3743 34 3790 st
51 3734 149 3788 ouibus
167 3735 291 3803 conflata
309 3742 362 3802 est,
379 3735 472 3805 possit
492 3752 589 3789 errare
608 3735 639 3787 iri
657 3736 756 3804 aliquo
769 3753 842 3803 parr-
868 3736 959 3805 Atqui
976 3735 1020 3787 uti
1038 3733 1173 3802 elicimus,
1205 3733 1314 3802 sirpuli
1328 3734 1446 3788 seorsim
1465 3750 1563 3788 errare
1576 3743 1703 3805 possunt,

10 3829 51 3875 rto
71 3821 116 3874 ccl
134 3821 256 3874 aurula
268 3822 348 3890 fidei.
376 3819 432 3877 Sed
445 3821 470 3874 ei
490 3820 618 3875 absolute
635 3826 663 3875 et
681 3821 843 3892 simpliciter
868 3823 957 3890 iqitur
984 3821 1150 3890 eoaprepati
1180 3820 1210 3872 irs
1238 3837 1324 3872 urium
1352 3836 1451 3874 errare
1482 3838 1539 3874 aaa
1564 3828 1703 3890 poterunt.

10 3912 154 3971 reseratur,
175 3906 320 3963 ecclesiam
339 3907 392 3962 hoc
410 3924 494 3965 censu
512 3913 654 3977 acceptam
674 3924 730 3962 non
742 3924 842 3976 errare,
870 3907 948 3962 Haeo
968 3907 1061 3961 omnia
1073 3906 1266 3976 Bellarminue,
1284 3923 1318 3961 cr
1337 3906 1439 3976 quibus
1458 3906 1634 3962 manifestum
1651 3914 1702 3976 est,

10 4009 180 4063 consequens
210 3993 310 4061 fuerit,
346 4009 440 4049 omnee
470 3993 581 4058 fideles,
610 3993 663 4047 hoc
689 3999 732 4048 eet
759 3993 842 4049 fidem
869 3993 898 4048 id
918 3993 993 4064 quod
1012 3993 1047 4047 de
1067 3992 1202 4063 episcopie
1222 3992 1334 4054 amerit,
1362 4008 1409 4045 eoe
1428 4008 1484 4045 non
1503 4008 1584 4060 poree
1602 4007 1702 4061 errare,

10 4079 195 4135 christianam
213 4078 387 4149 profitentes,
405 4096 465 4135 eree
482 4078 632 4151 prophetae
650 4086 679 4133 et
697 4079 842 4150 apostolos,
870 4078 1080 4150 intelligendum
1104 4094 1138 4132 ex
1162 4077 1249 4148 ipeiue
1274 4075 1423 4146 hypothesi
1451 4092 1515 4130 cum
1539 4076 1591 4131 hac
1608 4078 1701 4133 condi·

10 4166 113 4238 quippe
135 4181 199 4218 cum
222 4181 316 4220 omuee
342 4164 464 4221 habeant
482 4165 670 4220 immediatam
687 4164 763 4218 illam
781 4164 842 4235 Spi-
869 4165 956 4228 tione,
986 4165 1009 4217 ai
1034 4163 1140 4218 scilicet
1165 4162 1195 4217 in
1219 4161 1337 4216 concilio
1363 4167 1568 4233 congregentur
1591 4168 1620 4216 et
1643 4163 1702 4216 uni·

10 4253 77 4307 ritus
96 4252 184 4305 tancti
204 4251 397 4319 constentiam,
416 4259 448 4306 ut
463 4268 555 4307 errare
569 4268 626 4305 non
639 4250 754 4321 possint
789 4251 843 4306 Ac·
869 4250 941 4304 verri
972 4249 1079 4321 aliquid
1111 4247 1254 4303 definiant.
1303 4247 1434 4304 Nondum
1464 4263 1530 4302 vero
1555 4265 1703 4318 poeemm

10 4338 165 4409 cipiendum
190 4337 276 4408 igitur
299 4336 351 4391 hoc
376 4337 583 4408 pronuntiatum
605 4340 650 4403 (ex
670 4337 732 4406 ipsa
747 4336 842 4391 Ponti·
869 4335 1068 4390 Bellarminum
1087 4333 1239 4399 dimittere,
1262 4333 1404 4404 quaeritur
1424 4333 1499 4387 enim
1517 4333 1647 4398 alteriue,
1668 4349 1704 4388 an

10 4424 133 4479 iciomm
159 4423 316 4493 hypothesi)
342 4440 404 4477 cum
431 4423 603 4487 conditione,
631 4430 767 4494 quatenus
791 4424 842 4477 eci·
870 4421 993 4492 episcopi
1009 4421 1040 4474 in
1058 4419 1175 4473 concilio
1194 4418 1357 4489 congregati
1381 4418 1478 4490 (quam
1497 4424 1599 4475 vocant
1618 4420 1703 4474 cccle-

10 4511 72 4566 licet
95 4508 190 4564 fideles
216 4514 370 4580 sequuntur
391 4527 455 4563 euos
479 4516 618 4579 pactores,
647 4515 763 4564 catenus
787 4527 842 4564 non
868 4509 941 4560 siam
965 4506 1235 4573 repraesentativum
1258 4502 1345 4558 Gabr.
1363 4504 1424 4557 Biel
1448 4504 1512 4561 lect.
1535 4511 1576 4561 22.
1596 4506 1625 4559 in
1642 4522 1702 4560 can.

10 4601 112 4661 emant,
139 4612 192 4651 nec
214 4612 305 4651 errare
329 4602 446 4665 potsunt
468 4596 498 4648 in
517 4595 587 4664 fide;
616 4594 689 4649 hano
708 4596 842 4649 conditio·
871 4592 944 4647 mise.
963 4590 1149 4646 Bellarminua
1167 4589 1214 4643 lih.
1227 4595 1250 4645 2.
1270 4589 1305 4645 de
1323 4589 1419 4644 concil.
1438 4606 1463 4645 c.
1477 4595 1501 4646 2.
1521 4587 1548 4664 ξ.
1564 4597 1603 4647 11.
1616 4592 1703 4647 etalii

10 4698 70 4737 uem
90 4681 151 4751 ipae
164 4680 349 4734 Bellarminua
369 4680 448 4734 addit
468 4679 516 4735 lib.
538 4686 563 4735 2.
582 4679 618 4735 de
634 4680 758 4735 conciliis
776 4697 800 4734 c.
818 4686 842 4735 2.
869 4676 983 4747 poesim)
1007 4674 1169 4746 simpliciter
1187 4681 1216 4731 et
1233 4674 1362 4730 absolute
1381 4675 1519 4745 loquendo
1538 4693 1630 4732 errare
1647 4693 1703 4731 non

10 4766 34 4842 ξ.
54 4767 177 4822 secunda
194 4767 299 4830 clareia,
317 4767 365 4821 ubi
382 4766 491 4838 prohat,
510 4766 633 4820 coariia
650 4767 843 4835 episcoporum
869 4761 991 4832 possint,
1018 4777 1054 4814 an
1082 4777 1148 4816 vero
1176 4759 1260 4815 etiam
1284 4758 1330 4813 hic
1351 4760 1509 4830 requiratur
1526 4767 1603 4818 certa
1619 4779 1702 4833 quae

10 4873 63 4908 aaa
82 4870 168 4924 posse
196 4869 295 4906 errare
319 4869 352 4906 ea
376 4870 423 4916 co,
452 4851 521 4919 quia
545 4851 698 4920 Scriptura
721 4859 843 4916 testetur,
871 4847 935 4901 dam
962 4844 1105 4901 conditio?
1149 4845 1335 4900 Bellarminua
1364 4845 1418 4900 hoc
1441 4846 1502 4901 loco
1526 4847 1653 4903 abeolute
1675 4853 1704 4904 et

10 4941 152 4995 ecclesiam
174 4956 231 4992 aaa
249 4955 336 5006 posse
357 4953 463 4992 crs-raro.
501 4934 649 4990 Rationem
666 4937 844 4992 connexionis
870 4932 1034 5002 simpliciter
1051 4932 1081 4985 id
1097 4933 1226 4988 adserere
1244 4932 1366 4999 videtur,
1386 4931 1436 4986 red
1455 4932 1523 4987 alibi
1542 4932 1622 4987 addit
1639 4949 1703 4987 ocn-

10 5027 80 5081 hauc
105 5024 196 5089 addit,
222 5026 367 5093 quietata
385 5023 542 5077 auctoritas
561 5021 694 5075 rectoriae
711 5022 843 5085 formali-
871 5019 1017 5082 ditionem,
1051 5019 1091 5072 eie
1119 5017 1192 5072 enim
1216 5017 1314 5071 ecribit
1340 5017 1387 5072 lib.
1412 5023 1437 5073 2.
1460 5019 1495 5074 de
1517 5019 1616 5074 concil.
1635 5034 1659 5073 c.
1679 5025 1702 5075 2.

10 5121 50 5167 ter
68 5129 125 5165 aaa
143 5118 183 5164 cst
202 5112 260 5164 nisi
276 5110 306 5165 ia
320 5109 477 5179 podatis,
500 5107 571 5160 sicut
589 5106 666 5159 risrss
683 5108 767 5161 totius
783 5125 843 5163 cor
871 5101 899 5180 ξ.
918 5112 948 5160 1:
984 5102 1125 5158 Catholici
1148 5120 1241 5156 omres
1265 5110 1425 5157 constanter
1440 5106 1555 5167 docem
1581 5104 1703 5159 concam

10 5198 87 5255 υοήε
107 5196 273 5262 formaliter
297 5203 338 5250 est
360 5202 467 5248 tactum
483 5192 516 5246 ia
532 5190 633 5260 capito.
670 5193 751 5261 Erpa
769 5193 843 5246 idem
869 5189 1017 5261 peroratio
1035 5208 1055 5243 a
1073 5205 1179 5242 summo
1192 5189 1326 5256 pontifice
1343 5190 1507 5257 confirmata
1523 5190 1647 5255 (notetur
1657 5189 1703 5245 bic

10 5260 48 5340 est
67 5283 215 5337 eccleaam
231 5299 288 5334 aaa
308 5295 395 5349 posse
413 5295 511 5332 mare
528 5277 559 5330 ia
577 5276 745 5341 definiendis
763 5279 844 5332 rehtu
871 5273 1101 5348 προσδιορισμός)
1125 5289 1223 5327 errare
1250 5280 1306 5327 aaa
1323 5288 1409 5341 posse
1427 5291 1477 5328 aec
1493 5275 1524 5328 ie
1534 5276 1595 5344 fide
1613 5278 1703 5346 capli-

10 5371 77 5428 idei
99 5377 126 5422 et
145 5369 292 5437 episcopos
309 5383 366 5419 noa
382 5381 466 5433 posse
484 5378 591 5418 maro.
625 5359 704 5416 Haec
723 5360 764 5416 ibi
780 5363 843 5419 Bel·
870 5364 977 5424 caada,
1000 5378 1050 5414 aaa
1072 5361 1103 5412 ia
1125 5359 1274 5413 ἐναάσπάἰε
1293 5376 1397 5412 marrim
1412 5361 1574 5429 praeceptis
1591 5363 1644 5415 toti
1661 5378 1703 5417 ca·

10 5456 150 5520 meminus,
165 5470 237 5526 quae
256 5450 405 5508 manifecte
420 5451 579 5519 ostendunt,
596 5445 773 5520 privilegium
786 5464 843 5504 non
870 5450 973 5504 clauos
1000 5446 1195 5501 coeunuaibus.
1239 5447 1287 5499 De
1309 5445 1437 5499 omia
1458 5462 1525 5500 cero
1545 5448 1703 5519 paruam
