4004 6022
734 265 736 270 .
812 310 863 367 DE
880 309 1073 372 acclama
1605 280 1617 293 Γ
1722 323 1781 384 567

100 473 138 522 10,
159 462 187 540 ξ.
214 465 342 523 Secundo
360 467 455 538 quaeri
474 473 579 539 potest:
605 468 744 522 Dubitari
758 485 813 522 non
829 471 927 536 potest,
957 484 1030 535 quae
1049 472 1238 523 tantummodo
1248 469 1360 534 faciunt
1377 472 1419 524 ad
1435 471 1615 533 nsarisndam
1629 470 1673 524 uel
1682 471 1784 537 fouen-

98 555 167 625 quin
184 555 295 621 pratiae
316 555 407 623 pratis
427 556 512 608 datae
530 555 660 626 aprutio
678 561 790 624 pratum
801 551 930 621 faciente
956 555 1023 606 clam
1042 555 1197 609 deuotionis
1214 556 1380 624 relipiosam
1392 557 1541 626 pictatem,
1563 557 1612 610 ubi
1624 558 1718 627 pietas
1737 557 1784 611 dc·

96 640 233 709 saturari
255 641 373 708 possint.
421 641 510 695 Posse
539 641 612 694 enim
640 657 699 694 esse
726 641 787 694 sine
810 638 928 694 caritate
954 648 1018 694 cota
1040 642 1130 710 mapis
1153 641 1310 711 adspicitur
1333 661 1416 713 quam
1434 643 1538 696 ueritas
1560 651 1643 697 certa.
1681 641 1783 697 Liada·

97 729 203 780 doniam
228 726 403 794 linquarum,
426 729 618 798 prophetiam,
641 727 823 797 sapientiam,
841 726 928 780 scien·
953 744 1007 781 nus
1030 726 1064 782 de
1083 731 1139 798 opt
1157 725 1257 798 Script.
1276 728 1417 800 interpret.
1437 746 1537 803 genere
1555 746 1616 800 cap.
1635 734 1660 784 3.
1678 747 1704 800 p.
1727 732 1783 784 103.

96 815 166 866 tiam
191 821 216 866 ct
245 815 341 881 fidem,
373 819 491 866 testatur
517 813 662 882 apostolus
692 817 714 867 1.
741 811 864 867 Corinth.
885 814 928 864 13.
953 813 1068 881 fatetur,
1097 812 1171 884 quod
1193 814 1349 883 breviaria,
1377 824 1403 868 ιι
1426 816 1498 868 inter
1524 833 1558 868 ea
1582 816 1666 868 etiam
1684 832 1785 868 nouum

99 901 217 955 Constat
233 901 496 963 auten‚ears·tasem
514 899 665 968 calipsum
683 899 928 967 pratiampratum
954 899 1111 953 Romanum
1137 900 1183 967 (de
1208 917 1263 973 quo
1290 901 1370 971 dicit,
1405 903 1481 971 quod
1506 902 1615 971 alioqui
1639 903 1784 955 doctorum
1878 948 1881 955 .

95 986 246 1050 facientem
272 1002 331 1039 esse
355 986 398 1039 uel
422 985 484 1053 ejus
506 985 633 1038 comitem
656 985 841 1039 indiuiduam.
883 983 928 1036 Ad
954 992 979 1038 et
1001 985 1117 1054 piorum
1137 1005 1193 1040 non
1216 988 1312 1057 sapiat
1335 987 1575 1056 reprehensionem
1594 987 1730 1056 plurimis
1746 988 1783 1040 ds

96 1071 167 1126 baec
185 1070 283 1128 Matth.
302 1077 326 1126 ’1.
363 1070 502 1125 Dominus
521 1071 569 1141 ait,
588 1072 688 1125 multos
703 1070 870 1124 dicturosin
881 1069 929 1123 ate
954 1071 1047 1124 causs's
1062 1073 1245 1141 justissimis)
1264 1075 1402 1143 quaedam
1419 1075 1502 1142 festa
1524 1081 1683 1127 sanctorum
1697 1090 1783 1143 prae·

89 1159 214 1228 judicii:
232 1159 334 1211 Nonne
351 1157 381 1209 in
397 1158 508 1210 nomine
527 1165 574 1210 tuo
589 1157 817 1227 prophetanimus
833 1164 859 1209 et
873 1156 928 1208 uir-
953 1158 1071 1225 scribat,
1097 1159 1133 1211 de
1157 1159 1253 1227 quibus
1276 1158 1337 1227 epse
1357 1159 1481 1223 dubitat,
1505 1177 1540 1212 an
1560 1177 1654 1213 eoasm
1670 1159 1783 1213 nomina

95 1253 167 1298 tutes
194 1245 298 1298 multas
322 1244 460 1308 fecimus!
484 1244 535 1313 qui
554 1251 647 1313 tamen
671 1244 798 1297 audient:
826 1242 928 1296 Nescio
953 1242 1010 1295 sint
1037 1243 1106 1296 satis
1133 1245 1327 1298 vendr'cata.”
1368 1243 1526 1298 Ludoricus
1545 1243 1630 1300 Vives
1655 1243 1697 1298 vir
1722 1261 1784 1316 grs-

95 1349 160 1390 oos,
186 1338 212 1383 et
237 1331 374 1384 discedite
399 1348 417 1383 a
440 1346 482 1382 me
503 1347 594 1383 omnes
617 1330 746 1399 operarii
762 1329 928 1399 iniquitatis.
953 1327 1081 1383 sissimus
1098 1334 1126 1384 et
1144 1329 1346 1384 eruditissimus
1366 1331 1401 1385 de
1420 1329 1562 1403 farragine
1577 1331 1782 1386 mendaciorum

98 1419 229 1486 Denique
247 1424 272 1468 et
285 1417 409 1469 Balaam
427 1416 554 1468 hariolus
572 1417 659 1469 multa
681 1417 715 1469 de
737 1415 848 1476 Christo
866 1432 928 1469 uere
954 1414 981 1469 in
999 1415 1118 1487 legenda
1138 1433 1222 1471 aurea
1239 1417 1323 1471 talem
1343 1417 1410 1472 texit
1426 1418 1583 1488 querelam:
1607 1418 1666 1472 Sed
1682 1418 1783 1471 mentio

92 1503 275 1574 prophetavit
294 1503 378 1558 Num.
397 1504 442 1554 22.
461 1508 486 1554 et
505 1504 549 1553 23.
569 1509 595 1554 et
617 1502 741 1572 Caiphae
758 1503 802 1556 vir
821 1501 930 1570 alioqui
954 1502 1022 1556 haec
1052 1520 1146 1556 rerum
1175 1520 1194 1554 a
1222 1503 1332 1572 maqnis
1361 1502 1429 1556 uiris
1458 1512 1584 1556 actarum
1615 1505 1644 1556 in
1669 1511 1785 1557 arentem

94 1589 312 1660 perditissimae,
333 1606 394 1640 cum
407 1596 476 1641 esset
487 1587 617 1656 pontisas
629 1588 710 1642 illius
723 1589 799 1653 anni,
806 1589 927 1658 prophe·
953 1597 1065 1642 reuocat
1083 1590 1154 1642 mihi
1171 1607 1229 1644 euru
1248 1589 1381 1657 dolorem,
1399 1606 1478 1659 prem
1494 1608 1692 1660 saepenumero
1706 1591 1785 1660 coepi

95 1676 167 1728 tavit
187 1675 290 1732 Johun.
310 1677 352 1727 11.
370 1675 539 1741 Ncqandum
561 1680 724 1728 tamennon
741 1683 792 1739 est,
816 1681 847 1727 ut
860 1675 926 1744 plu·
953 1675 1047 1729 animo
1069 1675 1234 1745 marimum,
1260 1677 1327 1729 dum
1352 1675 1411 1745 ipse
1434 1695 1538 1730 mecum
1560 1685 1673 1746 reputo,
1699 1694 1784 1746 quam

93 1762 197 1813 simum
219 1760 329 1829 pretias
350 1758 441 1827 pratis
464 1760 547 1812 datas
564 1776 625 1812 cum
643 1760 737 1830 pratia
755 1767 865 1829 pratum
880 1761 926 1824 fa·
953 1761 1114 1828 dilipenter,
1133 1769 1240 1831 quanta
1259 1779 1328 1816 cura
1347 1762 1520 1828 Alexandri,
1538 1762 1702 1834 Annibalis,
1723 1760 1783 1816 Sci·

94 1849 185 1900 ciente
202 1845 342 1913 conjunpi,
362 1845 429 1914 quia
446 1853 477 1897 ut
494 1845 649 1914 Greqorius
666 1848 746 1901 docet
768 1846 862 1901 bomil.
886 1851 925 1900 11.
948 1847 1057 1917 pionis,
1079 1848 1225 1916 Pompeji,
1250 1846 1384 1901 Caesaris
1403 1855 1429 1901 et
1452 1849 1573 1903 aliorum
1593 1850 1707 1919 ducum,
1733 1847 1782 1903 So·

95 1933 126 1985 in
145 1932 243 1985 Erech.
268 1929 410 1999 eiusmodi
432 1932 514 1984 donis
537 1949 631 1985 servos
656 1950 722 1986 suos
741 1933 821 1986 Deus
839 1935 926 1986 donau
952 1935 1054 1998 cratis,
1077 1933 1218 2002 Platonis,
1238 1934 1402 1989 Aristotelis
1421 1942 1447 1987 et
1465 1935 1586 1988 aliorum
1601 1933 1782 2004 philosopho-

94 2019 224 2084 ecterius,
241 2025 272 2070 ut
290 2025 438 2087 appareat,
455 2017 527 2087 quid
538 2017 595 2071 sint
608 2020 688 2088 apud
697 2018 924 2074 Deumsnterius.
952 2037 1013 2072 rum
1039 2027 1104 2073 acta
1124 2020 1292 2089 perscripta
1305 2010 1369 2073 sisnt
1387 2027 1413 2072 et
1431 2021 1615 2089 sempiternae
1633 2021 1783 2074 memoriae

95 2103 175 2159 Haec
203 2103 400 2171 Bellarminus,
428 2120 461 2159 ex
487 2103 588 2174 quibus
615 2103 757 2159 evidenter
779 2103 925 2176 colligitur,
952 2105 1053 2169 infixa,
1078 2113 1109 2158 ut
1130 2106 1287 2174 periculum
1305 2124 1361 2159 non
1378 2105 1427 2172 sit,
1452 2122 1487 2158 ne
1506 2124 1628 2175 usqum
1646 2107 1782 2160 accidant.

93 2208 151 2245 non
178 2206 238 2245 esse
257 2194 409 2260 perpetuae
433 2189 561 2244 immotae
580 2190 719 2258 veritatis,
749 2191 869 2260 quadis
888 2192 925 2244 sit
953 2191 1025 2243 Acta
1043 2207 1107 2244 uero
1126 2191 1325 2262 apostolorum,
1345 2199 1505 2261 martyrum,
1524 2193 1643 2260 denique
1656 2193 1784 2246 diuorum

94 2293 159 2330 uere
178 2282 305 2341 ιαιιιιιιι,
325 2276 376 2346 qui
392 2276 532 2329 miracula
548 2277 631 2341 facit,
650 2293 713 2330 curn
733 2276 838 2348 absque
857 2277 926 2332 cari·
952 2284 1064 2330 nostrae
1078 2276 1225 2346 sclipionis
1244 2284 1269 2332 ιι
1288 2277 1378 2346 s‘psius
1396 2277 1454 2331 siue
1474 2278 1620 2331 crescentis
1640 2276 1783 2348 ecclesiae,

95 2369 153 2418 tate
182 2378 248 2416 rere
271 2361 402 2416 sauctitas
427 2362 517 2416 locam
544 2378 599 2416 non
625 2360 728 2417 babeat
752 2368 780 2417 et
798 2368 926 2419 amena
951 2361 1008 2415 siue
1033 2363 1098 2431 jam
1131 2363 1249 2415 aduhae
1281 2369 1380 2433 operta
1408 2361 1538 2416 mammis
1568 2363 1689 2415 tenebris
1718 2363 1783 2427 fere

95 2450 150 2505 fide
169 2448 364 2502 miraculorum
380 2448 481 2502 caritm
498 2446 595 2503 abesse
612 2448 706 2518 possit.
951 2449 1092 2518 iquorari,
1123 2455 1201 2501 tanto
1231 2448 1288 2501 siue
1320 2449 1362 2501 ad
1391 2449 1625 2516 sacrosanctum,
1657 2448 1714 2501 siue
1743 2450 1784 2501 ad

43 2576 69 2616 ¹¹·
132 2539 191 2591 183.
227 2535 383 2587 Membrum
401 2536 559 2589 secundum.
593 2533 668 2588 Num
691 2534 719 2588 in
738 2534 854 2589 ecclesia
872 2533 925 2590 Ro·
952 2535 1117 2588 imitandum
1143 2552 1226 2605 psam
1249 2537 1350 2588 ducum
1371 2542 1395 2587 et
1410 2534 1641 2604 philosophorum
1658 2535 1784 2595 fructuo-

43 2625 81 2671 ur.
95 2637 179 2677 mana
198 2619 311 2692 vigeant
328 2620 481 2675 miracula?
498 2619 646 2675 Possemus
658 2620 735 2676 brevi
752 2620 825 2675 linea
842 2637 925 2692 agere
951 2622 1037 2677 siora.
1070 2622 1145 2674 Nam
1163 2638 1235 2690 quae
1251 2622 1287 2674 de
1307 2622 1343 2675 iis
1359 2629 1422 2675 sunt
1435 2621 1551 2692 scripta,
1563 2627 1679 2691 praeter
1689 2638 1783 2689 pauca

43 2690 70 2771 ᾖ·
94 2725 127 2763 ac
151 2725 209 2762 rem
233 2711 321 2760 totam
345 2705 398 2760 hoc
421 2705 581 2778 syllogismo
603 2706 757 2776 complecti.
792 2705 926 2761 Miraculs
952 2710 1104 2777 quaedam,
1127 2707 1222 2761 multis
1239 2715 1303 2762 sunt
1322 2708 1480 2763 commentis
1487 2709 1628 2777 foedata,
1649 2709 1716 2760 dum
1735 2707 1785 2776 qui

43 2784 80 2825 ¹¹⁸
95 2809 168 2865 quae
185 2791 257 2846 fiunt
274 2793 302 2845 in
321 2791 437 2847 ecclesia
448 2791 573 2847 Romana
590 2797 640 2846 aut
653 2790 814 2846 confirmant
826 2791 924 2846 doctri-
951 2793 1056 2860 scribit,
1075 2795 1187 2865 affectui
1203 2812 1254 2848 suo
1275 2794 1404 2863 indulpet
1418 2800 1444 2848 et
1461 2813 1516 2848 non
1534 2811 1606 2864 quae
1623 2794 1679 2863 epit
1693 2794 1783 2860 diana,

94 2896 159 2933 narn
185 2877 376 2949 propheticam
403 2882 431 2931 et
453 2877 647 2948 apostolicam,
675 2883 723 2930 aut
747 2877 924 2947 corruptelas.
951 2881 1002 2934 sed
1024 2896 1096 2949 quae
1114 2880 1165 2934 ills
1184 2881 1273 2950 spisse
1294 2898 1355 2935 cum
1373 2880 1468 2949 uellet,
1499 2881 1623 2950 exponit,
1651 2888 1681 2932 ut
1698 2880 1783 2933 uitam

95 2964 305 3036 superstitiones
331 2969 359 3016 et
376 2962 467 3017 cultus
486 2962 680 3018 idololatricae.
716 2961 745 3019 Si
766 2962 855 3032 prius,
878 2964 924 3019 ds·
952 2967 1036 3019 dictet
1059 2970 1169 3020 animus
1192 2967 1351 3036 scribentis,
1375 2984 1431 3019 non
1449 2966 1562 3021 ueritas.
1598 2965 1706 3031 Fuere,
1734 2966 1784 3036 qui

94 3049 304 3105 monstrandum
323 3055 377 3118 est,
396 3066 428 3103 ex
447 3048 532 3103 sacris
550 3048 636 3104 literis
654 3048 806 3121 doctrirram
825 3049 924 3104 Roma·
950 3069 1068 3120 mapnae
1081 3053 1198 3123 pietatis
1216 3053 1278 3106 loco
1297 3054 1436 3114 ducerent,
1455 3051 1633 3105 mendaciola
1646 3070 1702 3121 pro
1717 3051 1782 3106 reli-

93 3155 147 3193 nao
168 3135 314 3201 ecclesiae,
337 3133 427 3206 qualis
446 3140 488 3189 est
504 3134 601 3200 hodie,
620 3134 695 3187 omni
713 3150 745 3187 ex
764 3141 843 3205 parte
862 3152 924 3190 curn
950 3139 1032 3209 piane
1050 3140 1219 3206 continuere,
1241 3138 1318 3207 quod
1337 3144 1362 3190 et
1376 3137 1569 3206 periculosum
1588 3145 1640 3204 est,
1657 3153 1691 3189 ne
1709 3136 1782 3191 ucrs's

93 3223 221 3280 ductrirnr
237 3221 401 3292 prophetica
418 3227 447 3275 et
465 3220 615 3291 apostolica
633 3221 793 3288 convenire3
831 3221 853 3275 si
878 3240 924 3293 po
951 3225 1094 3278 adimatm
1112 3225 1184 3288 fides
1196 3231 1316 3292 propter
1331 3223 1413 3287 falsa
1425 3230 1452 3275 ιι
1464 3222 1574 3276 minime
1587 3222 1781 3290 necessarium,

93 3310 207 3378 sterius,
231 3307 364 3362 miracula
386 3307 434 3361 illa
460 3324 514 3361 non
541 3308 643 3362 debent
669 3307 783 3362 amendi,
820 3307 875 3363 Sed
894 3316 925 3363 ut
951 3310 1083 3380 quonium
1103 3327 1161 3378 pro
1183 3310 1290 3379 pietate
1317 3316 1414 3362 nostra
1439 3316 1497 3361 tam
1517 3309 1604 3362 multu
1622 3315 1686 3362 sunt
1705 3325 1781 3376 uera,

93 3398 130 3452 de
148 3394 288 3450 miraculis
304 3393 373 3460 illis,
392 3409 463 3464 quae
481 3398 625 3462 tantopore
644 3410 661 3447 a
678 3391 829 3447 Pontificiis
843 3392 925 3462 jacti·
950 3404 980 3449 nt
1003 3396 1096 3463 falsa,
1121 3401 1257 3464 tanquam
1281 3395 1378 3461 ipnaui
1400 3392 1503 3446 milites
1525 3400 1550 3446 ct
1570 3394 1682 3448 inutiles
1703 3395 1783 3448 oneri

93 3489 198 3545 tantur,
216 3479 316 3535 rectitu
333 3479 393 3534 fieri
401 3479 488 3549 possit
503 3478 649 3548 judicium,
670 3479 697 3532 in
715 3486 803 3533 certas
822 3479 924 3535 classes
950 3484 1005 3535 sint
1028 3482 1118 3550 maqis
1134 3499 1217 3550 quam
1237 3484 1308 3533 usui.
1345 3477 1528 3546 *thelasius
1545 3497 1619 3551 papa
1638 3480 1781 3534 nonnullo

93 3570 143 3625 illa
167 3567 377 3629 distribuamus,
402 3565 553 3634 praemissa
581 3566 735 3620 necessaria
758 3565 814 3621 ista
831 3567 923 3620 admo
950 3585 1010 3622 rum
1036 3567 1238 3633 sanctulorum,
1263 3582 1331 3638 quos
1355 3563 1481 3620 Romana
1504 3566 1570 3621 colit
1589 3567 1719 3632 ecclesia,
1750 3577 1780 3620 ut

42 3661 64 3691 ’·
92 3657 213 3722 uitione,
237 3653 311 3725 quod
334 3653 470 3724 quaedam
492 3651 662 3707 narrationes
685 3653 720 3706 de
740 3652 877 3706 miraculis
896 3653 923 3707 in
952 3654 979 3708 S.
1002 3653 1121 3721 Quirini,
1142 3652 1169 3706 S.
1192 3650 1317 3719 Georpii,
1338 3651 1366 3706 S.
1386 3652 1523 3706 Judithae
1541 3651 1675 3721 lepardus
1692 3653 1782 3724 rejicit

42 3716 63 3793 i·
93 3742 211 3797 ecclesis
230 3740 355 3794 Romarm
376 3738 522 3792 celebratis
547 3738 602 3791 sint
625 3737 714 3793 falsae
730 3754 763 3792 ac
782 3738 924 3793 fabulosae
951 3748 980 3793 ut
1003 3741 1152 3803 sabrelosas
1169 3746 1194 3791 et
1213 3739 1248 3790 ab
1265 3737 1413 3791 haereticis
1432 3739 1562 3808 scriptas,
1583 3739 1645 3795 dist.
1660 3746 1698 3795 15.
1719 3757 1741 3793 c.
1756 3745 1778 3795 1.

42 3817 71 3898 ζ,
92 3829 176 3884 etiam
201 3827 322 3897 ipsorum
342 3823 481 3878 saniorum
499 3823 706 3879 Pontificiorum
723 3824 838 3894 judicio.
873 3823 924 3879 Pe·
949 3826 993 3880 De
1011 3824 1132 3881 Antonio
1156 3824 1281 3879 scribunt
1299 3824 1327 3879 in
1345 3824 1438 3881 chron
1457 3824 1556 3879 Minor.
1575 3832 1645 3896 part.
1664 3832 1687 3880 5.
1702 3844 1724 3879 c.
1739 3831 1778 3881 21.

91 3922 153 3969 trus
169 3909 357 3969 cluniacensis
369 3910 457 3964 abbas
469 3910 516 3964 lib.
527 3918 551 3965 5.
567 3910 645 3981 epist.
662 3916 708 3966 29:
730 3912 820 3974 Nosti,
838 3929 923 3980 qrtan-
950 3920 1030 3965 tanta
1055 3930 1116 3964 cum
1140 3911 1271 3976 efficacia
1295 3911 1386 3981 spsum
1404 3912 1530 3981 potuisse
1549 3913 1726 3979 concionari,
1751 3921 1780 3966 ut

92 4010 151 4056 tum
169 4015 211 4052 me
225 4000 343 4069 pipeant
355 3998 443 4064 salsa
462 3998 493 4049 in
511 3998 629 4050 ecclesia
647 3997 706 4050 Dei
721 3998 846 4064 cantica,
871 4005 922 4053 etc.
950 3999 991 4050 ad
1009 4001 1065 4051 duo
1085 3997 1225 4050 milliaria
1244 4014 1263 4049 a
1279 3997 1394 4050 muliere
1410 3997 1545 4065 reliqiosa
1555 3998 1644 4064 fuerit
1657 3998 1779 4051 auditus.
1876 3995 1881 4005 “

92 4087 143 4142 ubi
162 4087 233 4140 inter
250 4084 305 4139 alia
324 4083 424 4137 recitat
440 4082 579 4137 canticum
598 4081 736 4154 quoddam
757 4082 851 4137 Sancti
870 4083 922 4139 Be
951 4084 1023 4138 Vide
1040 4083 1189 4138 Martinam
1206 4082 1410 4154 Eisengrinium
1430 4092 1481 4139 bon
1496 4085 1539 4140 tet
1556 4085 1659 4138 utolten
1677 4083 1780 4151 tapetis

93 4173 198 4230 nedicti
211 4178 243 4226 ts
255 4170 399 4225 mendacia
410 4169 651 4240 comprehendens.
683 4167 826 4223 Lindsnus
841 4170 888 4225 lib.
900 4177 923 4226 3.
951 4170 1042 4238 uniret
1070 4169 1151 4225 lichen
1178 4171 1283 4240 &tauta
1310 4184 1340 4239 ps
1370 4169 1567 4239 tlltrn'dttingsa
1596 4186 1669 4224 anno
1706 4175 1778 4224 1511.

93 4262 129 4315 de
152 4259 251 4327 interp.
273 4255 372 4327 Script.
396 4271 457 4325 cap.
476 4261 499 4312 3.
522 4255 647 4309 meminit
662 4255 762 4310 veteris
780 4256 924 4326 cujusdam
950 4256 1066 4328 Ingolst.
1093 4255 1257 4325 impressus,
1291 4260 1319 4308 et
1348 4253 1589 4310 Hesenmullerum
1622 4256 1658 4309 do
1686 4255 1778 4310 mirac.

94 4344 224 4418 querelae
241 4343 376 4416 Agoberti
394 4341 515 4412 episcopi
533 4340 742 4414 Lugdunensis,
760 4341 924 4412 quemanti·
950 4343 1049 4399 Jesuit.
1075 4358 1098 4395 c.
1126 4346 1150 4396 8.
1176 4356 1240 4411 pag.
1267 4341 1380 4405 399.)**
1422 4340 1500 4396 Idem
1523 4341 1589 4396 alibi
1609 4341 1649 4395 sio
1668 4341 1780 4397 scribit:

92 4430 256 4502 phanariam
283 4428 432 4482 correxisse
453 4426 548 4482 scribit
574 4427 724 4497 amputatis
742 4444 813 4497 quae
830 4445 923 4497 super
952 4429 1011 4482 Sed
1028 4428 1170 4495 fortassis
1193 4426 1261 4478 haec
1286 4427 1411 4494 quamuis
1434 4427 1536 4494 prauis
1559 4446 1592 4480 ac
1619 4428 1780 4481 tolerabilia

88 4521 166 4588 flua,
187 4517 273 4578 leuia,
284 4515 379 4583 salsa,
398 4514 566 4582 blasphema,
582 4514 763 4583 phantastica
780 4514 869 4568 multa
886 4515 925 4567 ri-
949 4516 1066 4579 suerint.
1110 4512 1198 4574 Quale
1219 4520 1272 4576 est,
1298 4512 1327 4564 in
1349 4531 1395 4565 res
1412 4531 1511 4566 sacras
1528 4514 1599 4567 hanc
1620 4530 1728 4584 quoque
1746 4515 1780 4568 li·

93 4605 245 4671 debentur,
280 4608 308 4655 et
330 4599 475 4671 subjungit
497 4599 655 4655 Lindanus:
682 4598 731 4653 Sic
753 4599 797 4653 hic
821 4601 923 4670 episco-
951 4602 1071 4654 centiam
1090 4598 1243 4651 mentiendi
1261 4598 1415 4666 irrepsisse,
1436 4616 1483 4653 seu
1496 4600 1593 4668 potius
1611 4610 1707 4669 aperte
1721 4618 1780 4655 esse

88 4707 148 4759 pus
165 4690 231 4757 jam
256 4688 286 4740 in
311 4687 380 4740 uiuis
402 4693 471 4738 esset
492 4685 652 4752 uideretque
676 4693 773 4738 nostra
796 4686 923 4738 missalia
951 4687 1100 4752 invectam,
1124 4692 1154 4737 ut
1182 4700 1253 4752 quae
1276 4686 1426 4736 traduntur
1452 4686 1487 4737 de
1504 4684 1587 4753 lepra
1606 4685 1782 4740 Constantini

93 4785 119 4829 et
145 4774 362 4844 antiphonaria,
391 4773 485 4824 Deum
506 4771 705 4840 immortalem,
729 4789 782 4840 quo
807 4788 839 4825 ea
859 4773 923 4841 pin·
950 4781 976 4826 ιι
1000 4772 1097 4825 balneo
1120 4770 1265 4839 sanquinis
1285 4770 1422 4840 puerulis,
1447 4772 1482 4823 de
1500 4771 1582 4840 lepra
1606 4771 1782 4844 Vespasiani,
1795 4781 1841 4824 m.
1856 4781 1899 4825 tlt.

93 4869 170 4932 peret
183 4860 314 4914 nomine?
333 4856 498 4913 ”Gelasius
513 4873 537 4910 c.
552 4860 650 4910 sancta
660 4855 786 4911 Romana
799 4858 860 4912 dist.
878 4864 922 4913 15:
950 4861 985 4911 de
1006 4857 1180 4923 Gamaliele,
1201 4859 1236 4909 de
1256 4857 1408 4920 Berenice,
1426 4858 1460 4910 de
1480 4857 1550 4910 actis
1569 4856 1675 4912 Christi
1694 4867 1718 4910 et
1738 4859 1780 4911 di·

95 4949 253 5001 Secundum
266 4946 410 5014 antiquam
423 4943 646 4997 consuetudinem
659 4943 922 5010 sinpularicautela
948 4961 1000 4997 uae
1027 4943 1172 5011 Virpinisl
1208 4941 1381 4997 Clamamus.
1395 4951 1420 4995 et
1444 4943 1582 4995 latramus
1606 4946 1647 4997 aei
1662 4945 1780 5012 minora,

91 5043 170 5105 perta
193 5040 353 5087 sanctorum
375 5038 531 5098 martyrum
553 5030 582 5081 ia
604 5029 634 5082 S.
654 5031 783 5082 Romana
806 5031 922 5084 molesia
950 5030 1124 5083 connivemus
1149 5029 1189 5080 ad
1211 5028 1291 5096 hacc,
1318 5044 1388 5096 quac
1413 5028 1440 5081 si
1462 5029 1490 5080 in
1513 5046 1612 5081 manus
1631 5029 1780 5100 impiorum

91 5139 147 5174 non
166 5120 237 5187 lapi,
256 5119 323 5188 quia
342 5125 369 5170 ιι
386 5135 492 5185 eorsum,
520 5115 568 5185 qui
589 5115 791 5184 conscripsere,
811 5118 923 5170 nomina
949 5115 1088 5169 bominum
1105 5115 1229 5180 veniant,
1250 5114 1454 5167 sanctissimam
1474 5120 1499 5167 et
1517 5115 1713 5185 pravissimam
1731 5135 1780 5168 no·

88 5207 203 5277 penitus
219 5205 385 5271 iquorantur
404 5211 429 5256 et
441 5204 475 5254 ab
488 5201 647 5271 infidelibus
660 5209 708 5254 aut
720 5201 816 5254 idiotis
828 5220 922 5272 super·
948 5209 1036 5254 stram
1053 5201 1186 5270 pietatem
1204 5199 1355 5252 ridiculam
1374 5199 1435 5252 illis
1453 5208 1478 5253 et
1496 5200 1703 5254 semiclaudum
1714 5203 1778 5254 red·

87 5295 152 5362 flua
168 5292 326 5344 autminus
343 5297 419 5358 apta,
440 5305 524 5358 quam
546 5289 590 5340 rei
608 5289 679 5340 ordo
699 5287 796 5355 fuerit,
816 5290 923 5357 scripta
949 5289 1082 5341 diderint.
1131 5288 1190 5339 Nec
1219 5285 1248 5338 in
1279 5286 1360 5339 rebus
1385 5286 1600 5355 propinquioris
1631 5287 1780 5343 memoriae

92 5395 152 5432 esse
168 5385 313 5446 putantur.
342 5374 460 5429 bobann.
474 5373 625 5428 Gersonius
638 5373 667 5426 iu
680 5373 825 5429 declarat:
847 5374 923 5436 Quae
950 5373 1096 5427 tradendis
1113 5390 1207 5425 armus
1223 5373 1422 5440 relipiosiores.
1459 5372 1588 5425 Scribant
1607 5371 1690 5426 Galli
1709 5373 1778 5428 Gal·

91 5466 224 5519 ueritates
248 5463 304 5514 sint
329 5461 487 5514 medendae
511 5461 547 5512 de
563 5460 687 5512 neceasit.
704 5459 786 5512 salut.
804 5467 879 5528 part.
899 5464 922 5513 1.
949 5460 1019 5522 lica,
1047 5458 1119 5513 Itali
1145 5458 1263 5526 Italica,
1288 5458 1414 5528 Hispani
1440 5458 1611 5528 Hispanico,
1642 5457 1780 5514 Germani

90 5553 220 5604 numerat
245 5548 378 5616 asenam
405 5552 564 5600 sanctorm
589 5545 665 5599 inter
689 5544 758 5601 atas
783 5545 921 5614 ueritates,
952 5545 1135 5614 Germanica,
1159 5545 1297 5601 Britanni
1319 5543 1508 5613 Britannica,
1528 5552 1578 5599 aut
1596 5545 1650 5600 alii
1667 5546 1697 5599 in
1714 5564 1778 5631 ιιι
