4004 6022
777 249 832 305 DE
850 246 1042 310 ECOLESIA.
1081 270 1086 277 ·
1136 260 1140 275 '
1696 256 1757 321 481

58 405 180 463 arnone
200 408 291 476 Mago
313 406 457 460 amesseae
481 403 608 461 haeresei
626 406 788 473 rubn'stere,
811 404 896 476 siqni-
925 403 968 456 Ob
992 420 1217 473 qssamnaasem
1239 406 1364 461 Paulam
1384 407 1505 477 dhare,
1529 408 1702 477 romaniam
1718 409 1761 463 io·

58 492 124 547 dem
149 493 275 563 plerique
299 509 393 547 omnes
417 492 550 547 haeretici
577 493 673 548 relicto
692 492 896 561 scripturaram
924 490 1035 556 quimus
1052 494 1126 545 inter
1141 494 1294 561 perfectos.
1328 492 1485 563 Utrumque
1500 492 1760 551 docentPontiiicii.

29 597 34 618 ε
57 577 137 633 fonte
162 578 200 632 ed
225 578 359 633 cisternas
384 579 563 633 traditionum
589 583 789 649 provocarunt,
821 577 898 646 qaod
924 573 1060 630 Ledesma
1084 576 1112 630 in
1136 577 1184 632 lib.
1210 578 1245 632 de
1265 577 1366 648 Seript
1385 595 1465 633 sacra
1481 579 1630 633 vemeeuia
1650 595 1705 635 non
1721 579 1760 635 le·

58 666 97 718 de
118 664 263 719 Setbsbnie
284 664 368 718 tradit
384 663 557 733 Epiphanius
575 664 650 720 haer.
670 664 896 720 sedeas-ebora
923 661 1005 730 gend.
1032 669 1061 716 et
1084 663 1197 718 eelebr.:
1235 665 1301 718 Non
1326 666 1417 732 decet,
1440 673 1472 718 ut
1496 665 1594 718 dirim
1620 674 1646 719 et
1663 683 1759 721 sacro·

58 750 124 804 ticis
140 749 246 805 haeres
265 756 307 805 40.
326 750 361 804 de
377 749 534 806 Severienis
552 750 657 806 haeres.
676 756 718 805 45.
738 751 775 802 de
786 750 896 802 Enere-
909 763 912 824 i
923 754 1023 800 sonmo
1039 749 1113 817 fidei
1129 751 1263 816 mysteria
1281 752 1311 803 in
1329 768 1378 805 ore
1396 752 1517 804 omnium
1532 749 1677 805 bominum
1691 770 1759 821 pro·

58 837 119 889 titis
142 835 247 891 haam
273 839 314 890 et.
337 837 374 888 de
392 836 609 889 Bardesans'stis
630 834 705 893 haer.
728 842 768 891 56.
788 837 824 887 de
841 835 896 887 Ar·
923 833 1026 886 mitrae
1045 841 1190 888 uersentur
1208 841 1260 890 ete.
1300 837 1520 891 Consentaneum
1539 846 1607 905 mat
1626 839 1760 906 mysteria

58 930 167 974 amone
186 919 272 975 refert
280 919 419 975 Eusebius
438 920 485 975 lib.
496 928 519 975 b.
538 939 561 975 e.
573 927 615 978 tt.
628 921 705 991 qaod
719 922 754 974 de
767 920 898 973 doctrino
923 920 1062 986 quaedam
1079 923 1248 989 praesertim
1265 939 1350 975 soora
1369 923 1443 976 eiam
1450 924 1558 991 populo
1569 923 1639 976 rudi
1649 925 1759 980 babere.

58 1025 113 1062 ruta
138 1008 222 1077 quasi
240 1011 359 1076 amiqua
377 1017 403 1060 et
422 1009 457 1061 ab
476 1009 614 1077 apostolis
633 1008 744 1062 tradito
758 1007 897 1076 pioriatus
923 1003 989 1055 Non
1009 1004 1153 1071 judicari,
1185 1008 1275 1075 inquit
1299 1008 1410 1061 Paulus
1436 1012 1459 1060 1.
1484 1007 1549 1063 Cor.
1575 1012 1602 1061 2.
1625 1027 1668 1063 me
1686 1010 1760 1063 seire

56 1094 161 1162 fuerit,
177 1092 302 1160 maiores
320 1094 393 1146 enim
411 1110 505 1147 omnes
523 1097 650 1163 adeoque
663 1094 742 1163 ipsos
754 1092 897 1162 apostolos
923 1088 1036 1156 aliquid
1052 1089 1124 1144 inter
1143 1110 1192 1145 ros
1209 1093 1266 1145 nabi
1282 1093 1383 1146 Jesam
1401 1094 1543 1149 Uirbium
1562 1103 1587 1147 et
1607 1095 1678 1148 barre
1699 1112 1760 1148 erro

58 1179 103 1232 ita
126 1181 247 1233 semmae
273 1187 299 1232 et
323 1179 461 1235 docuisse.
504 1179 548 1234 De
570 1179 693 1234 Basilide
718 1178 815 1232 scribit
836 1177 896 1233 Ole-
923 1173 1041 1240 riarum.
1073 1175 1249 1246 Sapientiam
1266 1187 1360 1232 autem
1371 1180 1511 1248 mouimus
1523 1180 1597 1233 inter
1607 1181 1758 1250 perfector.

59 1280 139 1318 mens
164 1263 213 1320 lib.
236 1269 260 1318 7.
284 1269 407 1317 stromat.
431 1283 459 1334 p.
480 1269 538 1319 353.
558 1268 636 1334 meod
648 1264 843 1333 praedicarit,
869 1278 899 1315 se
923 1259 1087 1315 Basilidiani
1106 1262 1255 1334 negabant,
1277 1264 1417 1317 Christum
1433 1267 1526 1329 luisse
1540 1283 1656 1335 possum
1674 1283 1697 1322 e.
1717 1271 1758 1322 32.

61 1348 192 1403 Glaucia
213 1351 350 1418 modom,
375 1349 424 1417 orsi
445 1350 548 1413 fuisset
573 1351 712 1419 interpres
731 1350 815 1403 Petri
831 1364 898 1418 opo·
923 1362 997 1400 caus.
1018 1351 1058 1402 24.
1084 1364 1110 1418 q.
1129 1355 1154 1405 3.
1186 1347 1324 1403 Pontifieii
1341 1351 1468 1419 quamvis
1487 1368 1541 1404 non
1559 1351 1588 1406 in
1605 1355 1695 1407 totum
1713 1369 1759 1408 ne·

59 1435 143 1502 moli,
161 1436 298 1501 mopistro
317 1451 413 1498 seeum·
435 1435 470 1488 de
489 1432 646 1495 Valentino,
666 1437 743 1504 quod
759 1435 899 1488 endroit
924 1437 992 1503 gent
1003 1430 1107 1486 Christi
1125 1434 1291 1504 passionem,
1310 1442 1402 1489 tamen
1421 1443 1527 1506 partem
1545 1437 1605 1506 qus
1621 1438 1758 1509 principe·

61 1520 247 1573 Tbeodadum
264 1519 354 1574 Parii
369 1520 545 1583 familiarem
550 1541 561 1588 ,·
581 1521 616 1575 de
627 1520 805 1585 Marcionitis,
824 1522 899 1589 proed
923 1517 976 1572 lem
994 1518 1104 1587 tollunt,
1129 1536 1229 1591 nempe
1247 1520 1402 1590 passionem
1421 1521 1449 1575 in
1467 1523 1607 1577 enimv*
1644 1529 1668 1577 4.
1691 1523 1759 1578 Oar-
1771 1533 1889 1576 tenoru-

59 1604 206 1660 Mattbiae
234 1604 389 1672 discipulos
412 1606 560 1658 habuerint
582 1608 734 1673 mapsstros
757 1614 782 1658 et
807 1606 842 1658 ab
862 1605 898 1657 iis
922 1605 1099 1672 pacratiani,
1119 1607 1210 1673 quiet
1230 1604 1380 1661 Gnostieos
1398 1623 1459 1662 sese
1475 1616 1623 1677 vacuant,
1644 1613 1675 1645 *¹*
1683 1611 1758 1681 apud
1771 1595 1857 1627 ‘’⁰¹⁰¹''

59 1692 200 1745 traditam
237 1691 397 1745 doctrinam
434 1699 546 1744 teneant
578 1700 603 1745 et
631 1694 803 1759 producant.
855 1667 1069 1745 Dellrenaeum
1105 1690 1167 1744 libr.
1187 1698 1223 1746 .1.
1259 1708 1320 1762 esp.
1352 1698 1394 1748 24.
1431 1702 1672 1752 commeaturus
1707 1696 1759 1752 hoe

59 1775 287 1847 Cmpoeretienis
298 1775 430 1844 Irenaem
450 1776 497 1831 lib.
522 1784 541 1835 1.
560 1793 584 1830 e.
605 1783 645 1833 tu.
662 1784 803 1847 memorat,
822 1779 899 1845 quod
923 1780 1069 1842 praetexta
1098 1776 1303 1846 defendebant,
1340 1781 1495 1832 Dominam
1521 1781 1620 1834 Jerum
1648 1792 1759 1852 aposto

60 1871 216 1918 commenta
232 1880 285 1915 sua
304 1863 355 1916 boo
370 1870 518 1931 praetem
537 1864 727 1932 defenderint,
747 1865 898 1918 Dortinum
923 1860 961 1912 iia
988 1859 1061 1913 talin
1087 1862 1222 1930 priuatim
1245 1865 1277 1916 in
1297 1865 1429 1932 mysterio
1451 1865 1573 1920 laeuum
1591 1883 1662 1936 esse,
1692 1887 1759 1938 opo·
1867 1915 1869 1925 .

25 1962 29 1973 ·
60 1950 163 2004 Jesuat
181 1947 319 2017 apostolis
336 1947 410 2000 taiio
427 1948 564 2016 prisonem
582 1949 613 2001 in
630 1948 762 2016 neysterio
777 1949 898 2003 ὶοοαίιιηι
924 1946 1009 1998 scotos
1032 1955 1124 2002 autem
1144 1966 1200 2002 non
1220 1951 1364 2018 erunibus,
1392 1953 1444 2004 sed
1469 1953 1563 2020 dipsis
1587 1953 1760 2009 solummodo

60 2052 138 2103 use,
166 2035 309 2104 apostolos
328 2042 419 2086 antem
439 2051 496 2087 nors
514 2035 654 2104 ommbaa,
672 2036 724 2088 sed
741 2036 836 2104 dipsis
853 2053 897 2089 so·
924 2033 981 2085 seta
1004 2035 1168 2089 tradidisse.
1215 2034 1355 2089 Pontifieii
1379 2035 1476 2091 itidem
1503 2037 1538 2090 ad
1570 2037 1759 2095 demonstren-

60 2122 204 2176 issmmodo
225 2120 281 2174 iata
301 2120 466 2174 tradidisse.
502 2119 678 2175 Ptolemaeus
696 2121 851 2176 haereticus
869 2122 897 2175 in
923 2117 989 2171 dam
1015 2118 1219 2189 scripturaram
1248 2120 1475 2177 insufficientiam
1504 2123 1659 2178 abutuntur
1685 2125 1760 2180 dicto

60 2207 182 2278 epistole
203 2206 241 2260 ad
262 2205 389 2269 Elorum,
413 2222 485 2276 quae
508 2212 599 2261 exuat
618 2207 694 2277 apud
710 2206 897 2277 Epiphaniam
923 2204 1026 2259 Christi
1042 2213 1092 2261 ete.
1128 2205 1193 2263 ioh.
1222 2211 1264 2276 16,
1284 2223 1308 2262 v.
1332 2213 1379 2262 tu:
1403 2208 1506 2261 Adbuc
1525 2209 1612 2262 multa
1628 2212 1761 2264 babeo*ll

59 2293 136 2348 haer.
161 2298 203 2348 ³³.
229 2291 377 2364 mennas,
400 2293 477 2360 quod
501 2293 661 2346 doctrinam
683 2310 762 2346 suom
778 2309 812 2346 ea
830 2308 898 2363 opo·
923 2289 1028 2344 cultum
1059 2298 1088 2346 et
1118 2293 1321 2349 venerationem
1355 2293 1523 2363 imaginibus
1558 2294 1759 2365 impenderunt

59 2379 164 2432 stolen
178 2379 333 2431 traditiose
342 2394 395 2447 per
408 2378 608 2431 mensionem
621 2380 768 2448 acceperit,
793 2377 898 2432 Eodem
922 2375 1053 2432 irenaeus
1079 2376 1128 2434 lib.
1154 2385 1174 2432 l.
1193 2378 1255 2432 adr.
1273 2378 1419 2432 haerese.
1439 2383 1481 2434 24.
1499 2397 1524 2449 p.
1544 2385 1591 2434 92:
1630 2379 1760 2436 &omisi
1930 2372 1933 2375 Δ

59 2462 243 2520 umidarum
266 2471 412 2535 praetextu
439 2480 520 2518 usum
548 2463 634 2519 fuisse
663 2465 765 2519 Arium
789 2468 899 2517 eonsmt
925 2461 1061 2530 incepisse
1076 2463 1214 2532 qumdam
1228 2464 1342 2532 quedem
1355 2464 1490 2532 depictas,
1508 2467 1646 2534 quamdam
1666 2476 1759 2522 auum

60 2567 95 2606 es
112 2550 267 2605 Athanasio
289 2556 359 2604 oret
381 2555 518 2606 econtra
537 2551 634 2604 Asiam
655 2567 683 2620 p.
704 2555 759 2605 124.
777 2550 899 2620 itemque
923 2555 949 2599 et
977 2550 1011 2600 de
1035 2549 1147 2618 reliqua
1172 2549 1292 2602 materia
1310 2549 1491 2613 fabrefactas
1507 2550 1609 2604 babeat
1626 2553 1759 2624 dieentes,

60 2638 208 2706 Eutychen
224 2637 255 2691 in
270 2637 368 2691 concil.
385 2634 480 2693 Chala.
498 2645 551 2692 aet.
576 2643 597 2692 l.
618 2644 787 2708 quapropter
805 2636 835 2689 in
852 2652 898 2706 ge·
917 2634 1047 2697 sormam
1071 2633 1177 2689 Cbrists'
1191 2635 1303 2700 factam
1320 2651 1340 2686 a
1357 2633 1454 2688 Pilato
1474 2635 1527 2689 iiio
1544 2644 1677 2707 tempore,
1705 2655 1759 2708 guo

59 2738 129 2778 nere
154 2721 316 2793 pronuntiat
347 2721 470 2777 Basilius
493 2738 610 2778 sermon
637 2722 673 2776 ds
697 2721 753 2777 fide
782 2729 849 2777 tom.
874 2725 898 2776 2.
922 2719 980 2780 fuit
996 2719 1082 2772 ,lesus
1101 2737 1164 2773 eum
1183 2719 1352 2788 bominibus,
1381 2727 1408 2774 et
1424 2721 1476 2774 bas
1495 2730 1631 2776 coronant
1649 2731 1675 2777 et
1689 2742 1758 2794 pre,-

59 2828 89 2881 p.
106 2814 161 2865 194.
183 2825 242 2862 esse
258 2810 438 2872 maiestatem
457 2827 476 2861 a
489 2807 898 2878 fideapostaeioneteiapeio·
920 2813 1029 2872 ponunt
1053 2820 1102 2858 eas
1126 2823 1188 2860 oum
1210 2807 1378 2873 imapinibaa
1400 2807 1501 2861 nasot
1518 2809 1759 2879 pbilosophorum

58 2911 124 2949 nem
149 2894 194 2948 rel
216 2909 348 2963 respuere
377 2894 492 2964 aliquid
517 2911 625 2962 eorum,
652 2911 723 2963 oriae
748 2893 898 2962 Scriptura
923 2887 1096 2960 Epiphanius
1115 2897 1182 2948 tom.
1202 2897 1227 2948 2.
1246 2892 1293 2947 lib.
1315 2899 1336 2948 l.
1355 2891 1460 2950 haeres.
1482 2898 1522 2950 27.
1543 2894 1578 2950 de
1592 2894 1760 2967 Carpocrates

59 2982 157 3045 babet,
180 2981 225 3034 rel
243 2980 377 3034 inducere
397 2982 567 3048 quidquam,
588 2983 665 3049 qaod
688 2981 824 3048 seriptum
841 2997 898 3032 non
924 2983 1073 3045 memorat,
1091 2979 1168 3046 quod
1188 2979 1296 3034 Christi
1312 2987 1339 3032 et
1358 2980 1448 3033 Pauli
1464 2980 1602 3049 insapinee
1619 2999 1680 3036 eam
1695 2983 1759 3053 pbi-

59 3070 107 3126 eit.
146 3065 211 3121 bem
238 3081 304 3121 vero
328 3074 423 3120 notum
442 3073 497 3134 est,
527 3064 686 3121 Pontificius
709 3064 842 3120 inducere
865 3081 899 3120 ea
925 3063 1102 3131 conopeorum
1138 3064 1307 3132 imapinibas
1345 3065 1499 3119 reuocatae
1534 3070 1699 3122 αάοναυενίι
1733 3077 1760 3122 et

60 3169 135 3225 quae
164 3151 268 3222 scripte
297 3169 351 3206 non
378 3157 444 3206 sunt
475 3159 503 3206 et
521 3152 684 3205 traditiones
704 3150 765 3221 pari
787 3150 898 3220 pietatis
923 3150 1050 3216 suffitum
1081 3148 1142 3201 iliis
1166 3150 1276 3214 feeerit.
1322 3149 1498 3221 Augustinus
1525 3152 1559 3206 de
1591 3153 1694 3210 haeres.
1722 3154 1760 3208 ad

59 3237 166 3295 affeetu
190 3253 254 3294 cam
278 3238 382 3308 scripto
399 3237 452 3292 Dei
470 3236 555 3292 verbo
572 3237 745 3308 recipiendas
765 3236 898 3292 eeelmiae
923 3231 1072 3297 Quodvult.
1098 3234 1204 3289 haeres.
1231 3241 1254 3290 7.
1290 3234 1324 3290 de
1353 3233 1517 3291 Marcelline
1540 3244 1633 3292 sectae
1657 3238 1758 3309 Carpo·

60 3325 223 3387 obtrudere,
252 3323 387 3394 *quinimo
421 3322 622 3393 disputationes
650 3340 713 3378 cum
742 3322 897 3377 Pontificiis
923 3319 1007 3373 eratis
1028 3320 1102 3374 socia
1122 3319 1232 3389 scribit,
1257 3323 1335 3390 quod
1351 3322 1470 3376 coluerit
1487 3325 1624 3392 inopinae
1645 3325 1758 3392 Christi,
1836 3338 1850 3363 ³·
1878 3360 1881 3364 -

59 3417 208 3472 testentur,
227 3408 390 3463 traditiones
408 3424 468 3462 esse
487 3408 555 3479 ipsis
571 3425 677 3463 sacrem
697 3425 839 3474 ancoram,
860 3409 895 3462 ad
922 3405 1025 3474 Pauli,
1048 3407 1168 3459 Homeri
1191 3414 1219 3459 et
1238 3406 1417 3474 Pptbaporae
1437 3409 1589 3462 adoranda
1606 3411 1758 3464 incensum·
1846 3453 1870 3466 „

61 3515 146 3569 quam
167 3495 332 3565 confugiant
355 3511 493 3549 maurum
518 3496 659 3551 literarum
685 3494 825 3567 suffragiis
850 3495 896 3550 de·
923 3510 976 3560 que
988 3494 1130 3562 mando.
1165 3490 1219 3545 Hic
1240 3492 1391 3562 imaginum
1412 3494 1502 3548 cultus
1520 3495 1549 3549 in
1567 3495 1685 3550 ecelesia
1702 3496 1757 3553 Ro·

10 3594 48 3638 aa
60 3583 170 3651 stituti,¹
189 3585 220 3637 et‘
240 3598 300 3637 csse
316 3581 438 3651 pixidem
458 3582 615 3649 Pandorae,
635 3598 707 3653 quse
724 3580 838 3651 papales
856 3599 897 3636 er·
924 3594 1005 3632 mana
1022 3593 1055 3632 eo
1074 3577 1203 3643 excrevit,
1222 3585 1253 3630 ut
1264 3578 1414 3648 imaginem
1427 3585 1456 3634 et
1467 3586 1647 3651 prototypum
1660 3582 1756 3638 eodem

11 3665 47 3704 ¹¹¹·
59 3686 136 3726 rores
165 3670 194 3723 in
220 3684 280 3723 sese
306 3667 506 3738 complectitur.
553 3672 577 3722 ³.
603 3665 645 3721 De
667 3667 790 3722 Basilide
813 3665 898 3722 refert
922 3680 1024 3736 genem
1041 3663 1132 3718 cultus
1143 3662 1287 3721 honorent.
1317 3663 1439 3720 Thomas
1452 3674 1523 3736 part.
1533 3671 1557 3722 3.
1571 3685 1598 3739 q.
1608 3673 1650 3723 25.
1663 3653 1759 3726 arti!

60 3753 201 3810 Eusebius
224 3752 273 3809 lib.
301 3759 327 3809 4.
354 3752 418 3808 hist
442 3753 508 3809 ecel.
537 3769 561 3807 e
586 3759 609 3809 7.
631 3753 706 3824 quod
725 3753 825 3808 docere
841 3769 897 3807 non
925 3753 994 3804 bhm
1025 3748 1152 3805 cbristus
1181 3751 1350 3804 adoratione
1382 3752 1488 3805 latrium
1517 3753 1555 3806 sit
1583 3756 1758 3821 adorandae,

60 3839 211 3904 erubuerit,
222 3841 307 3902 fidem
319 3840 519 3906 persecutionis
528 3840 696 3908 temporibus
706 3841 897 3893 incunctanter
924 3836 1017 3904 inope
1036 3851 1142 3905 gesaque
1159 3835 1220 3902 eius
1239 3837 1338 3888 eadem
1357 3836 1524 3890 adoratione
1541 3841 1694 3894 adoranda
1711 3849 1757 3897 ert

60 3931 147 3983 etiam
165 3925 299 3995 perjurio
322 3927 490 3995 negandam.
525 3926 604 3981 Idem
621 3926 781 3980 statuebant
800 3924 897 3980 Helce·
923 3928 974 3977 ert.
998 3927 1031 3977 t:
1071 3919 1147 3974 Orus
1169 3919 1291 3988 Cbristi,
1319 3922 1350 3974 in
1377 3938 1433 3989 qao
1456 3920 1584 3976 Christro
1609 3927 1759 3988 marineus

60 4014 156 4068 saitae
186 4011 229 4065 Ex
248 4010 359 4065 illorum
378 4011 472 4065 schola
483 4011 646 4081 prodierunt
657 4011 897 4082 aequivocationes
924 4017 971 4075 est,
990 4025 1051 4061 mem
1065 4015 1186 4076 propter
1201 4008 1497 4076 repraesentationem,
1517 4016 1573 4061 tems
1592 4011 1677 4063 etiam
1691 4029 1759 4080 pro·

59 4098 221 4155 Jesuitieae.
263 4096 432 4167 Campianns
456 4097 485 4151 in
511 4098 592 4168 epist.
614 4096 651 4151 ad
676 4097 833 4168 generalem
855 4115 896 4151 so·
920 4102 985 4163 pter
1004 4093 1185 4146 menbrorum
1205 4093 1486 4146 Christioontactum
1502 4093 1592 4147 latria
1604 4097 1759 4151 odoranda

59 4183 170 4241 cietetis
198 4201 232 4239 ex
257 4183 362 4254 Angli·
383 4183 488 4253 scripte
512 4198 577 4254 pag.
604 4189 650 4239 Bb:
690 4184 897 4242 blstlsolieorum
924 4190 972 4234 est.
1019 4181 1119 4234 &uois
1144 4196 1211 4232 vero
1237 4179 1348 4247 effipies
1374 4180 1405 4231 in
1433 4180 1494 4233 abia
1518 4181 1616 4248 oetavis
1641 4184 1759 4241 motareis

58 4271 183 4326 conditio
200 4269 230 4323 in
248 4270 358 4338 Anatis
374 4271 552 4339 mensumn,
572 4271 675 4323 animis
687 4269 759 4324 nibil
770 4270 897 4333 liberem
919 4269 1019 4336 priore
1046 4275 1152 4320 tantum
1177 4266 1287 4320 rariore
1312 4266 1403 4319 botrin
1424 4268 1576 4320 adorando
1601 4275 1659 4324 ests
1685 4267 1758 4323 ”In

57 4356 133 4412 rsileii
157 4356 296 4425 integrum
320 4356 505 4425 relinquitur,
534 4373 589 4410 non
612 4372 677 4421 eoa,
705 4374 761 4409 non
784 4356 897 4424 reiips'o,
923 4353 1039 4407 coneilio
1052 4352 1177 4407 Nicaeae
1185 4349 1222 4406 11.
1233 4349 1376 4405 delinitum
1391 4350 1447 4405 fuit
1458 4353 1535 4420 quod
1545 4353 1638 4420 imago
1651 4355 1758 4409 Deieit

58 4440 230 4511 loquendum
253 4441 306 4494 tibi
330 4448 371 4494 eet
395 4458 457 4494 eum
480 4441 562 4509 alise,
589 4441 793 4510 afJirnsandum
813 4443 897 4510 juro·
923 4440 1075 4493 morando
1094 4455 1124 4491 eo
1142 4439 1234 4490 cultus
1250 4453 1363 4505 genere,
1390 4438 1465 4508 quod
1483 4437 1535 4509 ipsi
1553 4438 1615 4494 Deo
1632 4439 1757 4510 debebat,

37 4536 164 4593 nanto,
185 4527 264 4596 qaod
279 4526 365 4580 oderi
380 4527 541 4595 affimant,
573 4527 684 4579 etiamsi
703 4527 797 4579 animo
816 4527 897 4593 lonpe
922 4525 997 4596 quod
1024 4523 1226 4578 idololatricam
1251 4522 1393 4578 decretum
1419 4522 1576 4578 defenditur
1598 4541 1617 4578 a
1640 4525 1755 4596 Thomu,

12 4598 16 4617 ⁵
59 4613 146 4668 nider
162 4611 296 4681 opirmn's,
314 4611 426 4664 etiamsi
443 4612 613 4666 conscientia
623 4613 896 4681 planecontrars'urn
922 4611 1126 4677 Beneventum,
1144 4607 1288 4678 Caietano
1316 4607 1502 4663 Bellarminus
1521 4610 1650 4665 macedit
1663 4613 1756 4666 insen·

58 4698 187 4753 unserb.
225 4696 403 4752 ”Basilides
415 4697 491 4767 apud
502 4696 641 4767 Epiphan.
652 4696 756 4753 haeres.
769 4703 815 4753 24:
834 4700 896 4751 Nos
921 4699 1026 4750 sionem
1049 4703 1076 4749 et
1101 4696 1295 4748 cremationem
1318 4695 1408 4748 naris
1425 4704 1451 4748 et
1467 4697 1587 4749 &mum
1605 4706 1669 4750 ante
1686 4699 1756 4752 ima·

59 4783 184 4837 homines
208 4800 317 4847 nemus,
346 4784 432 4835 ceteri
455 4798 548 4835 omnes
572 4800 656 4836 eones
680 4790 744 4836 eunt
770 4793 796 4837 et
824 4800 895 4850 mess,
921 4784 1016 4852 pines,
1054 4779 1238 4835 Bellarminus
1263 4779 1311 4834 lib.
1342 4785 1364 4835 1.
1391 4780 1424 4834 de
1450 4788 1536 4839 sanet.
1564 4781 1639 4837 beet.
1663 4799 1688 4841 e.
1715 4790 1754 4841 12.

56 4870 144 4924 nolite
172 4885 240 4938 erpo
266 4869 440 4938 morpors'tns
462 4869 606 4938 projicere
627 4868 724 4938 porcis
751 4877 801 4922 om
824 4871 896 4923 dare
922 4868 995 4940 quod
1026 4873 1069 4921 est
1095 4882 1160 4935 pers
1188 4865 1356 4920 adorationis
1384 4866 1493 4925 divinae
1523 4873 1548 4923 2.
1574 4868 1644 4941 Reg.
1677 4872 1756 4926 182·

55 4964 185 5010 unctum
202 4954 327 5008 oanmua
359 4953 404 5009 De
417 4951 640 5023 Carpocretimis
658 4953 789 5009 Ireneeus
808 4953 856 5008 lib.
869 4961 892 5009 3.
922 4955 965 5009 De
991 4951 1132 5007 Gnosticis
1160 4950 1244 5006 etiem
1268 4950 1365 5004 sosibit
1386 4952 1558 5023 Epiphanius
1583 4956 1688 5012 haeres.
1713 4961 1755 5014 26.
1798 4996 1802 5005 .
1826 4990 1831 5009 t
1868 4985 1880 5003 a

54 5057 80 5098 e.
103 5046 135 5098 2:
174 5040 243 5096 arm
257 5056 301 5094 *σε
321 5040 478 5110 Scripturis
499 5048 699 5108 arguerentur,
722 5041 763 5092 ad
780 5057 894 5093 amma·
922 5041 998 5110 qaod
1022 5039 1168 5091 commenti
1183 5038 1299 5104 fuerint
1324 5040 1496 5107 evonpeis'um
1523 5043 1666 5109 quoddam
1689 5058 1755 5112 per·
1794 5070 1797 5079 ·

54 5129 159 5182 timum
178 5127 405 5181 mnoertebantar
429 5125 653 5194 Scripturorum,
679 5125 763 5193 quasi
778 5143 835 5177 non
851 5143 894 5179 re·
913 5125 1061 5202 sectionis.
1101 5121 1236 5193 Ejusdem
1259 5123 1369 5194 generis
1393 5123 1448 5178 fuit
1469 5127 1643 5198 evangelium
1667 5135 1754 5184 aeter·

52 5222 96 5267 ete
113 5211 256 5279 baberent,
275 5228 360 5280 mosee
377 5211 433 5264 sint
452 5229 485 5264 ee
503 5211 671 5264 auotoritm
690 5218 715 5262 et
735 5211 893 5279 quieveris
920 5229 1001 5279 naui,
1033 5209 1107 5281 quod
1137 5208 1264 5263 monaehi
1295 5207 1487 5265 confinxerunt
1511 5220 1540 5267 et
1563 5213 1684 5284 glorioso
1707 5213 1755 5271 illo

51 5299 111 5352 rint
127 5298 235 5363 dinae,
261 5305 287 5352 et
305 5298 374 5366 quio
390 5314 447 5350 non
460 5299 554 5365 porss't
573 5312 605 5348 ea
623 5296 669 5349 liis
687 5296 809 5350 inueniri
824 5297 894 5350 veri·
920 5298 1031 5352 nomine
1057 5295 1239 5366 appellarunt.
1281 5295 1517 5366 *eoosaparppes
1541 5300 1693 5354 miscebant
1709 5318 1755 5355 ere-

51 5392 99 5440 tas
126 5383 165 5436 nb
189 5382 249 5444 itis,
280 5384 330 5454 mei
354 5382 478 5438 endam
503 5382 690 5437 traditionem.
729 5382 795 5434 Non
822 5382 894 5435 enim
920 5384 1084 5437 charistiam
1116 5398 1178 5434 oum
1213 5382 1348 5450 sanguine
1380 5383 1537 5452 infantum,
1581 5385 1755 5458 Augustinus

44 5486 105 5544 per
127 5467 230 5535 litem
251 5468 507 5534 traditasus'lbom,
536 5468 588 5522 sed
608 5481 663 5536 per
682 5468 773 5522 airam
791 5483 892 5524 vorem
906 5439 1025 5525 [Μαι.
1050 5471 1091 5523 26.
1137 5465 1276 5522 Pontificii
1298 5482 1495 5537 saepenumero
1525 5469 1556 5524 in
1582 5479 1754 5529 immmenso

103 5562 270 5606 embadion
285 5561 309 5604 V.
1393 5577 1421 5626 31
