4004 6022
761 274 814 333 DE
831 277 954 336 SACRA
974 275 1109 337 COENA.
1740 268 1794 355 qq*

80 430 279 505 intelliguntur
306 447 407 504 corpus
431 437 460 488 ιι
483 432 596 505 sanguis
618 431 733 504 Christi,
759 435 840 506 cnjus
857 431 920 505 typi
935 432 977 504 lp.
995 440 1042 491 ιιι
1062 439 1191 503 Possunt,
1210 434 1257 501 ait,
1275 438 1359 493 uerbo
1377 438 1440 503 illo,
1458 456 1507 512 pro
1520 437 1599 496 robis
1612 437 1725 509 effusus,
1742 440 1793 497 ιιι

80 519 110 572 in
123 517 159 576 V.
173 518 208 573 Τ.
226 523 444 590 praecesserunt,
461 525 494 573 ιιι
510 476 817 587 alibilatedocuimus)
837 523 923 575 Sacra
948 524 1109 590 sanquinem
1134 525 1252 590 referri,
1275 525 1341 579 licet
1364 534 1471 580 mutato
1496 545 1595 595 uenere
1617 527 1648 582 in
1670 529 1783 584 Graeco

80 621 171 661 coena
198 613 241 661 est
265 611 468 661 sacramentum
487 607 551 662 novi
568 607 736 664 testamenti
771 607 847 678 Ergo
866 623 921 661 non
947 625 1080 671 sermone
1101 610 1147 662 cni
1165 611 1257 664 simule
1276 613 1403 682 quidest
1421 617 1505 684 Apso
1525 618 1644 682 1,o.5.
1662 614 1782 693 abipso

80 692 169 749 hahet
185 692 304 766 figuram
324 694 395 749 rel'
386 695 536 766 maginem
554 694 711 748 futurnrum
731 692 875 763 bonorum,
891 668 963 748 id¹⁰
948 716 977 755 ος
1001 698 1120 765 ponrtar
1147 696 1170 752 i.
1214 697 1297 752 Calin
1321 708 1412 753 autem
1437 702 1541 771 effusas
1570 710 1622 771 cst,
1647 711 1782 771 quatenns

81 784 125 835 cst
147 781 271 851 eorporis
295 787 324 836 et
340 780 484 853 sanguinis
504 781 621 837 Christi
647 781 725 835 sed'
718 797 807 851 rpsam
825 797 920 850 corpo·
947 783 1040 836 oinrrm
1059 784 1185 851 snsrrsnm
1205 792 1230 838 ιι
1252 785 1354 839 deinde
1372 786 1717 857 bibitomrcprocsentaoit
1728 791 1782 857 jn·

80 867 119 921 ιιι
151 874 180 924 ιι
208 867 351 941 sanguinis
384 868 486 924 Christi
517 866 708 924 substantiam.
751 874 774 923 5.
799 867 920 922 Calicem
946 877 1041 922 turum
1065 879 1129 924 tnnc
1154 870 1261 924 Christi
1282 874 1428 943 sonpnim‘s
1447 875 1651 944 affinionem.**
1687 876 1783 944 Atqui,

80 953 298 1010 eucharisticum
329 960 411 1011 vocat
442 953 567 1010 Christus
596 972 696 1009 norsum
727 962 920 1008 testamentum
948 955 1048 1026 inquis,
1067 957 1095 1010 si
1111 960 1147 1011 dc
1162 958 1266 1028 poentio
1288 960 1349 1012 (lici
1363 966 1461 1030 potest,
1485 962 1562 1029 qnod
1577 960 1615 1014 sit
1628 976 1685 1029 pro
1704 962 1783 1015 nobis

80 1040 151 1096 Luc.
171 1046 215 1102 22.
231 1060 256 1099 v.
275 1047 317 1098 20.
339 1048 361 1098 1.
382 1041 444 1098 Cor.
464 1047 504 1111 ll,
522 1060 549 1098 v.
570 1048 610 1098 25.
629 1040 758 1096 nimirum
775 1042 858 1112 juxta
875 1058 920 1097 ex·
946 1042 1071 1111 effessum,
1090 1043 1158 1113 qrsic
1176 1045 1298 1098 continet
1315 1046 1478 1116 sanquinem
1491 1063 1549 1115 pro
1566 1046 1645 1102 nobis
1657 1047 1782 1116 effusum,

79 1125 261 1197 plicationem
293 1127 452 1183 immediata
481 1127 637 1198 subjectam
658 1128 689 1181 in
713 1146 764 1182 sao
785 1127 920 1194 sanquine
947 1127 1029 1182 etium
1059 1132 1095 1182 de
1119 1147 1197 1199 pune
1220 1132 1403 1185 eucharistico
1430 1133 1490 1185 diei
1505 1133 1626 1203 poterit,
1651 1135 1727 1204 qrsod
1745 1133 1783 1187 ιιι

79 1213 140 1268 sire
153 1220 269 1286 propter
280 1231 361 1268 suum
375 1213 547 1287 sanguinem,
566 1215 618 1269 hoc
632 1221 674 1270 est
686 1214 753 1286 quia
765 1230 820 1270 non
831 1212 919 1267 solum
943 1231 999 1283 pro
1022 1215 1102 1269 nobis
1118 1218 1280 1283 crucifixus,
1304 1218 1372 1288 qnia
1397 1218 1517 1272 continct
1539 1218 1783 1274 sacramentaliter

79 1300 190 1365 vinnm,
214 1301 263 1356 sed
288 1301 370 1357 etiam
388 1299 491 1356 Christi
517 1300 632 1373 sanguis
652 1316 718 1356 vere
736 1316 867 1371 praesens
887 1315 920 1352 cx
947 1319 1049 1371 corpas
1080 1303 1186 1358 Christi
1211 1323 1268 1374 pso
1298 1304 1377 1359 nohis
1406 1305 1577 1374 crucifixum.
1622 1305 1783 1376 Respondet

80 1402 115 1442 eo
131 1387 277 1458 hauritur,
304 1388 378 1443 unde
402 1387 441 1443 sic
461 1387 630 1460 colligimus:
654 1387 696 1441 Ex
718 1386 804 1441 calice
821 1385 920 1441 eucha—
947 1386 982 1441 D.
1001 1388 1139 1444 Weberus
1167 1394 1247 1445 tract.
1273 1390 1307 1445 de
1332 1390 1441 1446 euchar.
1459 1408 1483 1445 c.
1503 1397 1526 1446 2.
1545 1396 1609 1447 sect.
1632 1399 1654 1448 4.
1674 1391 1722 1446 sol.
1743 1396 1781 1447 17.

79 1474 177 1529 ιιιιιιι
207 1481 257 1529 aut
284 1474 389 1530 bibitur
414 1480 524 1530 tantum
550 1475 659 1544 vinum,
691 1479 742 1528 aut
767 1489 829 1528 ιιιιιι
856 1473 921 1525 rino
948 1490 1008 1529 esse
1034 1474 1171 1546 disparem
1200 1476 1343 1533 rationem.
1385 1476 1502 1542 Quando
1527 1477 1599 1532 enim
1624 1478 1657 1534 dc
1681 1479 1781 1550 poculo

80 1561 167 1616 etiam
187 1560 290 1616 Christi
308 1562 430 1635 sanguis.
466 1561 529 1619 Non
546 1560 637 1633 prius,
661 1561 727 1634 quia
746 1559 799 1616 hac
816 1558 922 1615 ratione
947 1562 1138 1616 sacramentali
1166 1562 1280 1633 dicitur,
1308 1563 1381 1634 quod
1413 1563 1449 1618 sit
1474 1581 1524 1635 pro
1550 1564 1630 1620 nobis
1655 1564 1782 1635 effusum,

79 1648 154 1703 calix
166 1666 222 1704 non
241 1655 320 1718 esset,
342 1665 393 1704 nec
412 1648 467 1703 dici
486 1654 580 1720 posset
598 1664 700 1703 novum
717 1653 920 1712 testamentum,
949 1651 1015 1701 tunc
1041 1648 1218 1719 praedicatur
1248 1649 1335 1720 partis
1369 1648 1479 1705 affectio
1499 1648 1534 1706 de
1557 1656 1630 1718 toto,
1659 1658 1687 1707 et
1708 1657 1782 1707 recte

79 1734 188 1806 quippe
208 1735 282 1807 quod
302 1751 358 1789 non
374 1733 447 1801 rino,
466 1734 515 1789 sed
528 1734 628 1790 Christi
650 1733 785 1806 sanguine
806 1738 921 1788 estran-
949 1733 1068 1806 quidem,
1088 1734 1253 1807 quodecim
1274 1736 1421 1807 estpartis
1442 1736 1582 1808 quapa'rs,
1602 1724 1796 1794 idetinnest'

79 1822 183 1887 citum,
213 1828 296 1894 atque
321 1822 383 1892 eius
408 1821 557 1894 applicatio
576 1828 605 1877 et
625 1819 797 1877 confirmatio
816 1837 871 1874 non
890 1818 922 1873 fit
948 1821 1032 1875 totius
1056 1822 1207 1876 secundum
1226 1822 1302 1877 illam
1321 1829 1435 1894 partem.
1472 1821 1590 1888 Quando
1609 1830 1702 1880 autem
1721 1842 1781 1880 oru-

79 1907 217 1964 bibitione
241 1908 309 1963 nudi
331 1907 401 1977 riui,
426 1909 475 1964 sed
502 1908 637 1964 bibitione
660 1906 802 1980 sanguinis
821 1905 923 1962 Christi
948 1906 1038 1962 oilixio
1055 1908 1089 1962 de
1107 1924 1180 1979 pane
1198 1909 1371 1975 enuntiatur,
1389 1916 1456 1965 tune
1473 1911 1561 1981 partis
1580 1910 1690 1967 affectio
1703 1928 1781 1982 prac-

80 1995 319 2051 sacramentaliter
343 1996 408 2049 vino
432 1994 517 2063 uniti,
542 1995 657 2050 docente
675 1993 798 2048 Christo:
819 1994 921 2061 Bibits,
949 1993 1059 2049 dicatur
1083 1994 1118 2050 de
1142 2002 1234 2066 parte,
1269 2013 1325 2053 non
1342 2014 1408 2052 vero
1428 1997 1463 2052 de
1481 2003 1555 2067 tutor
1587 2003 1616 2052 at
1632 1996 1699 2068 boc,
1727 2015 1782 2054 non

80 2082 134 2135 hoe
157 2088 200 2136 est
224 2082 340 2152 sanquis
363 2098 439 2136 mens
465 2083 531 2137 noui
547 2081 711 2135 testamenti.
747 2079 924 2150 Relinquitur
948 2079 1016 2135 illud
1044 2080 1105 2136 fieri
1132 2081 1233 2137 debere
1257 2082 1360 2153 jubent
1386 2081 1457 2138 hene
1483 2083 1634 2138 disserendi
1659 2082 1782 2156 regulas.

80 2184 150 2240 argo
175 2167 322 2238 posterius.
370 2172 393 2222 ι.
413 2167 493 2223 Calix
519 2166 719 2223 eucharisticae
746 2165 847 2219 dicitur
871 2181 922 2236 pro
949 2174 972 2225 ι.
997 2167 1027 2223 Si
1052 2166 1161 2224 Christo
1193 2170 1364 2240 propositum
1387 2169 1487 2226 fuisset
1510 2176 1624 2226 externa
1646 2171 1783 2226 elementa

81 2253 165 2309 nobis
183 2253 298 2323 effusus,
317 2253 386 2308 Luc.
405 2259 454 2323 22,
471 2271 497 2308 r.
517 2260 563 2310 20:
583 2253 646 2306 Hoc
661 2252 795 2323 pocrslum
816 2259 856 2305 est
874 2269 922 2305 no·
948 2255 1004 2309 sive
1018 2254 1099 2326 signa
1110 2255 1319 2310 sacramentalia
1330 2255 1520 2311 tantummodo
1533 2262 1698 2327 permutare,
1718 2273 1780 2310 cum

81 2357 146 2395 oum
170 2348 361 2396 testamentum
385 2341 415 2394 in
439 2357 498 2394 meo
516 2339 668 2410 sanpssine,
695 2340 773 2407 quod
786 2338 921 2408 pouslam
947 2340 976 2394 in
1002 2340 1094 2396 locum
1120 2341 1186 2413 agni
1204 2340 1341 2412 paschalis
1361 2358 1467 2396 sacram
1485 2358 1598 2397 coenam
1616 2341 1780 2406 institueret,

76 2446 136 2499 pro
158 2429 236 2482 oobs's
252 2428 419 2498 afflinditrsr,
446 2424 476 2480 ui
497 2425 630 2501 nosipsos
649 2423 843 2499 ὲκχυνόμινον,
878 2422 921 2477 Ex
948 2444 981 2481 ac
1003 2427 1027 2480 si
1050 2425 1155 2480 nullam
1179 2425 1262 2480 aliam
1287 2426 1408 2498 corporis
1429 2433 1456 2482 et
1475 2427 1618 2500 sanguinis
1639 2428 1681 2482 sui
1700 2444 1779 2499 pras·

80 2519 162 2570 textu
187 2513 297 2570 Graeco
321 2514 464 2570 evidenter
487 2517 609 2578 constat,
636 2529 688 2567 nec
713 2504 751 2566 ad
775 2507 920 2578 διαθήκην,
947 2512 1064 2567 sentiam
1101 2517 1130 2566 et
1163 2511 1438 2568 communicationem
1468 2515 1601 2569 voluisset
1628 2510 1780 2583 instituere,

81 2617 136 2658 nec
160 2601 198 2657 ad
220 2604 316 2671 αἵματι
339 2600 371 2654 τὸ
390 2598 577 2674 ἐκχυνόμινον
594 2598 690 2655 referri
707 2614 802 2670 posse,
827 2613 920 2652 neces·
948 2615 1030 2671 quarn
1048 2615 1120 2671 quae
1136 2596 1164 2652 in
1176 2598 1211 2654 V.
1225 2599 1258 2655 T.
1275 2600 1365 2656 locum
1383 2599 1496 2672 babuit,
1516 2618 1686 2674 consequens
1699 2600 1780 2670 foret,
1891 2590 1894 2595 ¹

81 2688 158 2743 sario
181 2687 268 2760 igitur
292 2685 468 2743 referendum
494 2687 530 2742 ad
555 2685 584 2741 ιὸ
610 2684 749 2758 ποτήριον.
791 2685 831 2738 At
855 2699 922 2753 quo·
948 2686 1022 2758 quod
1045 2685 1073 2739 in
1093 2685 1184 2740 locum
1204 2685 1345 2759 signorum
1364 2687 1511 2759 perspicue
1531 2694 1559 2743 et
1578 2687 1652 2743 clare
1670 2686 1781 2760 signan-

83 2773 167 2830 modo
193 2774 324 2847 poculum
350 2790 446 2829 sacrae
472 2790 573 2830 coenas
600 2791 651 2845 pro
675 2772 756 2828 uobis
782 2770 920 2827 effusum?
946 2773 1015 2827 tium
1042 2773 1123 2844 signa
1149 2773 1240 2827 minus
1262 2773 1338 2828 clara
1360 2780 1387 2828 et
1412 2772 1561 2845 perspicua
1585 2773 1782 2828 substituisset.

83 2859 170 2916 nulla
188 2867 264 2917 certe
280 2861 387 2915 ratione
406 2860 474 2924 alia,
501 2878 585 2933 quum
604 2860 670 2933 quia
688 2857 923 2915 sacramentaliter
948 2859 1125 2931 Consequens
1142 2864 1184 2914 est
1206 2858 1362 2914 absurdum.
1385 2859 1460 2933 Ergo
1472 2866 1500 2916 et
1511 2860 1685 2916 antecedens.
1710 2859 1781 2915 Con·

84 2947 139 3003 mhi
161 2948 270 3003 unitum
288 2964 320 3002 ac
340 2954 515 3019 praesentem
533 2946 619 3004 habet
636 2945 740 3001 Christi
757 2945 921 3017 sangninem
947 2945 1027 3001 nexio
1050 2946 1197 3017 probatur,
1227 2947 1294 3017 quia
1316 2946 1446 3002 mactatio
1473 2953 1502 3002 et
1522 2948 1698 3004 manducatio
1716 2946 1781 3019 agni

82 3050 137 3106 pro
158 3033 392 3099 potissumum,
416 3050 498 3105 quem
518 3051 551 3089 ex
567 3033 617 3087 illo
635 3032 764 3089 bibimus.
803 3030 920 3085 Cuicun-
948 3030 1089 3104 paschalis
1107 3030 1191 3102 longe
1209 3031 1310 3086 clarius
1330 3032 1469 3105 significat
1481 3040 1509 3089 et
1520 3033 1668 3090 adumbrat
1679 3033 1783 3088 Christi

84 3138 141 3193 que
162 3119 295 3176 tribuitur
319 3119 628 3193 propriumsanguinis
647 3119 762 3189 Christi,
785 3118 826 3173 illi
843 3135 921 3189 prae·
948 3119 1103 3191 passionem
1127 3125 1155 3173 et
1178 3117 1321 3189 sanguinis
1340 3120 1405 3192 agni
1423 3120 1562 3190 paschalis
1580 3121 1677 3176 effusio
1699 3121 1782 3193 longo

83 3215 193 3264 ιιιιιιιιι
216 3213 245 3264 ct
266 3208 373 3264 unitum
399 3213 508 3279 oportet
540 3224 600 3264 esse
626 3207 790 3279 sauguinem
810 3204 921 3271 Christi,
947 3205 1048 3260 clarius
1068 3203 1208 3276 significat
1225 3203 1368 3277 sanguinis
1388 3204 1491 3260 Christi
1508 3202 1677 3275 effusionem,
1697 3223 1780 3278 quam

84 3296 156 3351 alias
173 3294 248 3352 foret
265 3295 436 3367 praedicatio
453 3310 528 3351 mere
547 3294 675 3350 verbalis.
711 3292 776 3350 «lam
792 3309 858 3348 vero
877 3308 920 3346 ca·
948 3290 1124 3347 manducatio
1151 3291 1231 3363 panis
1258 3295 1287 3347 ιι
1313 3290 1410 3347 bibitio
1437 3292 1494 3348 riui
1523 3294 1552 3348 in
1582 3311 1662 3349 sacra
1686 3310 1780 3353 coena

84 3381 133 3437 lici
150 3380 333 3439 eucharistico
349 3380 480 3436 tribuitur
497 3380 639 3454 proprium
652 3380 796 3454 sanguinis
811 3378 921 3447 Christi,
948 3378 1021 3444 Quin
1045 3379 1100 3433 imo
1124 3392 1294 3449 consequens
1320 3378 1404 3433 edam
1423 3378 1508 3448 foret,
1534 3396 1635 3435 coenas
1654 3378 1781 3436 domesti-

83 3468 217 3525 videlicet
240 3468 346 3525 effundi
364 3485 415 3539 pro
434 3468 528 3536 nobis,
555 3482 622 3541 ergo
641 3467 720 3522 calici
740 3466 921 3522 eucharistico
947 3484 1006 3536 cas,
1029 3465 1058 3520 in
1088 3465 1190 3537 quibus
1208 3464 1244 3518 ad
1263 3464 1436 3522 saturitatem
1454 3467 1636 3537 comedimus,
1661 3466 1781 3538 aptiores
1797 3532 1801 3539 Ι

86 3561 262 3628 praesentem
280 3562 309 3610 et
324 3552 433 3609 unitum
444 3570 502 3610 esse
514 3559 623 3627 oportet
635 3553 797 3627 sanguinem
810 3550 920 3606 Christi.
949 3570 1008 3609 esse
1034 3553 1069 3608 ad
1095 3551 1309 3608 celebrationem
1336 3568 1431 3608 sacrae
1451 3570 1568 3622 coenae,
1590 3552 1656 3625 quia
1675 3552 1782 3609 scilicet

85 3642 138 3699 Vis
158 3640 280 3698 clarius?
305 3640 475 3712 Ubicunque
489 3640 615 3711 subjecto
629 3640 768 3710 tribuitur,
782 3639 855 3711 quod
867 3639 921 3711 ipsi
947 3639 1100 3714 spiritualis
1131 3639 1239 3695 animae
1272 3637 1374 3694 cibatio
1400 3638 1501 3695 clarius
1528 3640 1706 3696 denotaretur
1731 3657 1782 3711 per

85 3729 116 3783 in
133 3746 163 3784 ιι
183 3745 218 3784 ιιι
236 3745 287 3800 par
303 3744 333 3784 ιι
345 3727 451 3785 ratione
464 3726 600 3785 aasentias
612 3726 657 3782 vel
668 3726 855 3782 inhaerentiae
866 3743 920 3781 non
947 3728 1068 3800 corporis
1088 3727 1292 3784 saturationem.
1321 3726 1362 3781 At
1378 3744 1547 3799 consequens
1568 3731 1654 3800 negat
1672 3731 1782 3798 aposto·

86 3815 231 3884 convenit,
255 3814 295 3870 ibi
319 3815 481 3913 exprimitur
508 3814 576 3869 unio
596 3812 769 3870 intercedens
794 3815 922 3884 subjecto
948 3817 991 3871 lus
1013 3823 1034 3871 t.
1055 3813 1116 3870 Cor.
1139 3818 1183 3882 11,
1208 3829 1233 3867 ι.
1254 3817 1297 3870 34.
1331 3810 1407 3886 Ergo
1428 3830 1480 3870 nec
1498 3813 1665 3869 antecedens
1684 3830 1782 3873 conce-

87 3920 150 3959 cum
169 3918 213 3972 eo,
231 3902 312 3973 cujus
328 3901 471 3974 proprium
491 3906 534 3957 est
552 3900 631 3970 illud,
650 3899 723 3973 quod
744 3900 779 3956 de
796 3899 921 3970 subjecto
949 3902 1080 3959 dendum

87 3986 271 4063 praedicatur.
311 3986 395 4043 Ratio
412 3987 588 4043 connexionis
609 3992 651 4042 est
667 3986 823 4055 manifesta,
842 3985 921 4059 quid·
986 3995 1041 4045 101
1077 3986 1202 4042 Alteram
1231 3990 1455 4057 argumentorum
1479 3985 1594 4045 classem
1620 3987 1898 4057 suppeditatssmnas

88 4074 251 4148 quidecim
274 4072 310 4130 ds
335 4073 460 4145 subjecto
481 4090 546 4129 vere
564 4079 592 4130 et
609 4073 720 4130 realiter
738 4073 921 4145 praedicatur,
949 4076 1067 4132 Paulina
1089 4072 1237 4129 conclusio.
1274 4071 1425 4143 Apostolus
1439 4071 1570 4126 Paulus'
1562 4089 1591 4125 ιιι
1610 4071 1781 4129 institutione
1794 4051 1914 4151 imm.

89 4160 273 4232 illudvelper
281 4158 802 4233 usmtismvslpsrtnhssrsntismvel
815 4159 922 4215 ratione
947 4159 1085 4219 Christi
1064 4177 1103 4215 ιιι
1124 4159 1272 4231 colligitl.
1292 4158 1353 4214 Cor.
1376 4165 1415 4223 10,
1434 4178 1459 4213 v.
1481 4165 1525 4214 15:
1549 4158 1583 4212 Ut
1594 4157 1886 4247 prurientibus‘⁰¹:2¹¹⁰

88 4248 200 4306 unionis
220 4246 366 4319 cujusdam
394 4247 420 4302 el
442 4244 583 4317 convenit3
612 4252 740 4346 quartum
758 4264 814 4302 non
833 4246 923 4311 datur,
948 4252 1064 4319 loquor,
1093 4263 1142 4299 sos
1159 4246 1215 4313 ipss
1211 4245 1373 4313 '’jrmcars,
1393 4243 1464 4314 qnid
1480 4244 1544 4298 dien
1563 4245 1645 4313 (bane
1662 4245 1820 4317 prudens
1796 4269 1844 4299 rum
1858 4266 1897 4306 ss-

89 4336 166 4410 quod
192 4335 265 4391 euim
292 4332 328 4389 ds
352 4332 411 4389 sola
435 4332 639 4404 permutatione
658 4333 798 4389 nominum
819 4333 855 4387 ab
874 4331 922 4385 ad·
950 4337 1017 4390 tiam
1043 4330 1214 4404 spiritualem
1243 4329 1394 4384 hauserant
1417 4329 1553 4386 Corinthii
1576 4348 1609 4386 ex
1633 4331 1749 4386 verbis
1742 4351 1783 4386 ιιι-
1794 4309 1866 4401 ἔξω
1839 4318 1891 4348 ‘⁹¹

88 4420 218 4480 versariis
241 4419 369 4485 affertur,
394 4418 423 4474 ιιι
448 4419 702 4492 praedicationibus
728 4418 849 4475 realibus
867 4436 923 4472 non
950 4418 1108 4486 stitutionis,
1129 4432 1200 4489 quae
1219 4415 1344 4488 sequenti
1364 4414 1457 4470 statim
1476 4417 1568 4488 capite
1586 4417 1728 4488 apostolus
1742 4434 1784 4472 re·
1796 4408 1875 4454 ¹··⁰⁰¹
1882 4408 1915 4452 ¹⁰·

88 4507 176 4563 habet
192 4506 290 4562 locum.
321 4505 409 4577 Atqui
426 4505 559 4562 inverbis
574 4504 690 4562 Christi.
710 4506 772 4561 Hoc
789 4506 924 4576 poculum
951 4506 1021 4579 petit
1048 4511 1077 4560 et
1102 4503 1250 4573 inculcat),
1278 4517 1305 4555 v
1329 4506 1374 4556 16:
1399 4500 1475 4555 colia
1500 4503 1786 4574 cenomanniam·

90 4603 132 4650 ιιι
154 4611 254 4648 nouum
272 4594 492 4648 tastamentum
479 4612 510 4646 sn
529 4610 588 4647 meo
606 4593 755 4663 sanquine,
778 4594 855 4662 qnod
868 4610 925 4662 pro
952 4591 1148 4655 benedicimus,
1173 4605 1263 4645 nonne
1283 4587 1495 4642 communicatio
1513 4589 1658 4657 sanquinis
1680 4546 1788 4645 Ciristi

89 4681 168 4736 nobis
193 4681 359 4750 effunditur,
384 4678 515 4734 tribuitur
538 4680 637 4750 poculo
661 4678 718 4734 tale
743 4678 826 4750 quid,
850 4681 924 4750 quod
952 4681 1013 4735 ast!
1034 4685 1059 4731 ιι
1073 4678 1168 4747 pania
1187 4690 1265 4746 qnam
1283 4676 1452 4744 frunpimna
1473 4692 1561 4729 nonna
1574 4676 1786 4731 communicatio

91 4782 148 4823 uon
170 4765 300 4821 convenit
323 4765 349 4821 ei
371 4765 402 4821 ιιι
424 4778 454 4821 se
479 4782 512 4820 ac
534 4782 584 4837 per
608 4782 638 4820 se
659 4767 765 4821 ratione
791 4766 925 4821 essentiae
953 4765 1080 4837 eorporis
1101 4762 1208 4817 Christi
1231 4763 1294 4817 ast?
1333 4760 1414 4827 Quod
1440 4760 1468 4815 in
1495 4779 1574 4817 sacra
1591 4777 1678 4817 coena
1696 4761 1787 4817 distri·

91 4853 137 4911 rel
153 4850 349 4909 inhaerentiae
387 4850 463 4923 Ergo
485 4851 647 4923 exprimitur
666 4853 731 4907 unio
751 4852 824 4907 inter
841 4869 927 4923 posu·
952 4852 1048 4907 buitur
1068 4856 1096 4904 et
1114 4848 1346 4917 communicatur,
1371 4846 1440 4902 illud
1459 4848 1557 4921 utique
1574 4864 1638 4904 vere
1654 4864 1786 4918 praesens

92 4941 151 4995 lum
175 4944 204 4994 et
224 4938 310 5008 illud,
333 4937 412 5009 cujus
429 4937 571 5009 proprium
588 4944 630 4992 est
649 4936 754 4993 effundi
771 4955 822 5010 pro
839 4939 927 5009 nobis,
954 4944 1003 4994 est.
1031 4937 1064 4991 ln
1085 4951 1164 4990 sacra
1182 4950 1268 4989 coena
1284 4932 1424 4990 mediante
1441 4932 1587 4991 benedicto
1600 4951 1671 5005 pane
1685 4933 1788 4989 Christi

93 5027 123 5082 id
148 5033 190 5082 est
206 5025 310 5082 Christi
334 5025 506 5097 sauguinem.
546 5024 597 5079 Est
620 5030 713 5079 autem
736 5024 785 5080 illa
802 5024 868 5082 unio
885 5043 927 5081 sa·
954 5042 1054 5096 corpus
1078 5027 1106 5077 et
1128 5020 1266 5075 mediante
1291 5020 1437 5076 benedicto
1461 5020 1525 5077 vino
1545 5019 1646 5077 Christi
1674 5021 1787 5093 sanguis

10 5136 20 5178 ;,
33 5134 80 5179 m,
94 5099 281 5170 eramentalisss
319 5111 461 5180 Breviter,
481 5111 515 5167 de
532 5109 632 5182 poculo
650 5111 836 5184 praedicatur,
855 5112 928 5184 quod
955 5108 1129 5167 distribuitur
1154 5114 1183 5162 et
1207 5106 1432 5162 communicatur.
1468 5106 1544 5180 Ergo
1562 5124 1662 5179 corpus
1682 5113 1709 5163 et
1728 5100 1789 5163 san·

95 5201 133 5255 sit
154 5215 206 5270 pro
230 5197 312 5254 nobis
336 5196 469 5263 effusum,
493 5195 559 5269 quia
577 5212 609 5253 ex
628 5194 728 5266 poculo
747 5197 929 5254 eucharistico
956 5199 1018 5271 guis
1043 5193 1146 5251 Christi
1173 5209 1237 5248 vere
1265 5199 1329 5247 sunt
1359 5193 1515 5265 praesentia
1541 5193 1569 5247 in
1596 5209 1676 5247 sacra
1695 5210 1789 5249 coena

95 5303 152 5342 non
178 5284 267 5340 solum
290 5285 401 5353 vinum,
429 5284 478 5339 sed
505 5290 533 5340 et
549 5282 662 5354 sanguis
680 5281 795 5353 Christi,
815 5285 863 5355 qui
880 5301 930 5356 pro
956 5286 1071 5352 Eorum,
1096 5296 1167 5352 quae
1192 5295 1209 5333 a
1235 5294 1264 5333 ιι
1283 5276 1399 5333 ιιιιιιιιιι
1417 5278 1575 5351 longissime
1594 5283 1700 5335 remota
1718 5284 1791 5344 sunt,

95 5371 177 5427 nobis
196 5370 300 5428 effusus
317 5375 368 5441 est,
385 5369 520 5427 hauritur.
558 5371 657 5440 ”Ipse
677 5367 765 5426 Andr.
774 5369 931 5426 Radeccius
957 5371 1073 5425 alterum
1100 5366 1212 5421 alterius
1236 5370 1366 5418 κοινωνια
1390 5381 1450 5419 csse
1468 5363 1573 5436 nequit.
1605 5364 1693 5436 Atqui
1711 5365 1791 5437 panis

96 5456 280 5515 Photiniauus
296 5458 326 5513 in
343 5457 416 5512 notis
435 5457 472 5511 ad
489 5455 592 5511 librnm
609 5453 763 5526 Smiglecii,
784 5470 866 5527 quem
883 5470 930 5511 vo·
957 5472 991 5513 ex
1015 5453 1163 5510 assertione
1184 5450 1301 5523 apostoli
1331 5456 1372 5506 est
1390 5454 1521 5504 κοιιωιιιι
1541 5452 1662 5522 corporis
1679 5450 1792 5507 Christi.

97 5552 145 5602 cat
173 5544 369 5603 refutationem
399 5558 487 5600 ιιιιιιι
517 5541 704 5600 dissolutionis
736 5540 801 5597 nodi
833 5539 931 5598 Gordii
958 5543 1035 5614 Ergo
1051 5540 1130 5613 panis
1150 5543 1179 5592 et
1195 5552 1295 5608 corpus
1312 5534 1413 5592 Christi
1432 5554 1488 5592 non
1507 5544 1571 5593 sunt
1591 5555 1608 5592 a
1626 5555 1655 5593 ιι
1673 5537 1790 5593 invicem

150 5639 316 5686 ιιιιιιιιιιι
332 5639 359 5685 ι.
1444 5645 1458 5695 7
