4004 6022
206 168 265 234 in
719 246 726 256 ¹
797 156 920 220 rocus
936 148 1142 216 umentes
1160 152 1305 215 ramus

201 318 376 393 potissimam
400 318 512 376 solliciti
534 334 629 375 murus
648 323 678 374 et
695 322 728 375 ex'
743 328 779 375 ‘et
793 310 1093 396 rennuente-[st
1109 315 1261 368 secrmdum
1279 310 1438 366 meismes
1458 308 1674 378 &iptorum
1691 305 1817 362 dem
1834 304 1923 362 stin.

202 407 307 463 tionem
344 404 526 462 demonstrari
557 406 622 477 jure
655 404 821 477 aequissimo
858 402 1039 476 postulamus.
1064 401 1196 468 synodus.
1230 398 1351 455 Iohann.
1370 396 1542 469 Dalburgiua
1566 404 1688 464 cameos·
1713 393 1827 463 indices
1853 392 1904 446 ssi-

204 494 231 545 2.
251 493 380 547 Licuisee
399 493 518 548 oonsilio
536 493 643 546 Niesao
661 492 691 544 ia
710 491 772 562 ipso
789 490 914 560 mertolo
936 501 1041 558 ponere
1064 486 1138 540 aime
1166 493 1309 554 suspectos
1334 485 1423 538 cur'or's
1454 483 1574 538 condito
1599 481 1811 553 procidendos
1843 493 1905 531 esse

203 592 303 630 nomen
330 577 478 652 ὁμοούσιος
500 584 526 631 et
550 576 670 631 concilio
696 577 840 646 Ephesim
857 591 957 630 amnes
974 579 1040 626 oso·
1066 571 1192 639 dicebat,
1224 572 1310 625 biblio
1330 571 1438 624 scilieet
1452 571 1590 637 Hebraeo,
1612 566 1734 630 Graeco,
1752 563 1861 618 Latino
1878 570 1905 618 st

203 661 297 729 rosor,
323 665 430 733 majori
454 664 541 731 ἐρίων
564 664 675 716 ratione
693 662 805 717 &suase
822 659 940 715 concilio
958 658 1041 711 Late·
1071 656 1254 726 Germoeico,
1279 657 1308 710 in
1330 657 1419 728 paral.
1436 656 1570 726 Uraperg.
1606 654 1694 709 Porro
1713 652 1737 706 si
1756 651 1793 706 ad
1815 650 1906 722 queli-

204 750 324 802 rouenss‘
350 765 451 802 nomen
478 747 799 802 tromsabstostiotiouis
827 762 950 817 ponere,
980 761 1042 797 snm
1066 748 1139 798 tates
1162 742 1353 813 episcoporum
1382 742 1412 796 in
1438 741 1579 811 Ephesiae
1603 747 1632 796 et
1656 739 1763 795 Niceno
1780 736 1907 793 conciliis

194 835 304 907 pleves
325 835 452 904 spr'scopi
475 842 501 888 et
520 843 623 904 potres
638 835 756 903 facerint
771 833 802 886 in
821 828 941 887 condio
959 831 1042 884 Lota-
1067 834 1299 900 congregatorum
1327 828 1466 897 respicere
1494 828 1612 881 velimus
1644 825 1812 896 eosdemque
1839 838 1906 879 con·

205 921 322 974 rotroni
352 937 436 990 quom
460 921 505 975 sel
532 921 641 975 Moeno
669 919 714 973 eet
739 918 898 988 Ephesiae,
928 929 1043 984 eamme
1068 914 1142 968 ferre
1158 931 1221 968 cum
1238 914 1308 983 illis,
1334 914 1432 985 quiin
1451 912 1632 969 Laterauensi
1653 910 1770 966 concilio
1788 924 1906 980 congre·

208 1014 274 1060 onte
293 1007 443 1060 concilium
461 1008 651 1062 moneare
677 1004 831 1060 arroteritae
855 1001 1043 1057 innumerabi-
1069 999 1129 1072 gati
1145 1000 1266 1068 fuerunt,
1284 999 1411 1068 immane,
1432 1007 1567 1071 quantum
1580 998 1728 1069 apparebit
1741 996 1906 1053 discrimen!

206 1091 252 1146 lio
280 1100 402 1146 voeemm
432 1095 468 1146 ds
494 1091 806 1147 trommtstoaeats’one
831 1089 989 1144 testimonia
1017 1094 1043 1141 st
1069 1086 1173 1158 Negeri
1194 1091 1270 1142 certe
1294 1087 1373 1142 nulla
1388 1086 1514 1141 veritatis
1531 1086 1624 1156 specie
1643 1092 1744 1156 potest
1770 1083 1908 1140 ecclesiae

208 1177 297 1231 meite
316 1178 432 1232 nomino
449 1179 540 1232 sidem
557 1177 778 1248 aequivalente,
801 1191 873 1246 orsos
898 1181 962 1228 aaut
980 1190 1043 1227 coa·
1069 1177 1172 1227 emtum
1192 1177 1252 1226 turn
1269 1170 1401 1243 temporis
1420 1171 1504 1242 longe
1522 1172 1686 1227 deteriorem
1704 1175 1733 1226 et
1751 1169 1908 1240 comptio-

206 1264 314 1332 rersio,
343 1264 555 1332 transmetatio,
582 1246 852 1317 consommatio]
883 1258 1043 1330 Responde·
1068 1275 1126 1312 rem
1154 1258 1254 1322 inisse,
1283 1274 1367 1329 quam
1392 1257 1488 1328 primis
1510 1257 1566 1311 illis
1591 1256 1748 1328 primitivae
1770 1253 1909 1312 eccleciae

210 1366 283 1403 mua:
307 1355 349 1406 eet
373 1349 446 1404 ratio
465 1348 550 1420 longe
575 1348 671 1419 dispar
695 1348 769 1402 inter
785 1346 922 1403 voeabula
939 1343 1044 1417 ὁμοού-
1069 1344 1247 1415 temporibus,
1267 1360 1323 1415 que
1344 1344 1380 1399 de
1398 1361 1428 1400 re
1445 1343 1609 1412 Bernhardi,
1627 1343 1769 1410 Platinae,
1787 1341 1909 1412 Ursper·

210 1451 281 1503 σιος,
307 1433 436 1496 esurisse
457 1442 509 1489 etc.
534 1441 562 1490 et
584 1434 658 1490 inter
675 1450 771 1490 vocem
799 1431 1043 1488 transsubstantia·
1069 1430 1175 1500 gensis,
1202 1430 1334 1485 Aventini
1350 1437 1378 1486 et
1397 1430 1513 1486 aliorum
1533 1428 1663 1502 querelae
1680 1427 1748 1482 satis
1766 1441 1909 1498 superque

112 1532 138 1574 x
151 1529 197 1575 ao.
210 1519 300 1575 tionis.
334 1519 392 1576 Res
416 1518 553 1590 prioribus
577 1520 721 1574 vocabulis
745 1517 917 1591 significatae
935 1521 1044 1572 exstant
1068 1520 1214 1571 teruntur.
1233 1516 1268 1570 In
1281 1517 1378 1572 eodem
1390 1516 1508 1572 concilio
1519 1532 1579 1587 cap.
1594 1521 1739 1571 13.contra
1748 1528 1836 1569 novos
1846 1511 1910 1569 reli·

208 1606 238 1661 in
261 1604 418 1675 Scriptura,
446 1606 565 1676 ideoque
589 1613 653 1662 suut
675 1606 704 1660 in
724 1607 813 1660 classe
836 1621 944 1673 eorum,
972 1616 1043 1673 quae
1069 1601 1209 1672 giosoram
1231 1603 1342 1658 ordines
1360 1602 1417 1658 talc
1436 1603 1578 1658 decretum
1594 1599 1729 1657 habetur:
1752 1601 1797 1654 Ns
1820 1597 1912 1652 nimio

130 1748 133 1755 ,
163 1730 172 1759 ,,
205 1693 288 1763 juxta
311 1689 482 1747 Nazianaeui
505 1691 668 1761 divisionem
689 1692 800 1746 etamsi
822 1709 878 1746 non
903 1692 1042 1750 dicantur,
1067 1689 1265 1758 relipiosorsm
1282 1690 1432 1744 deberem
1449 1704 1563 1758 mosem
1577 1689 1607 1741 ia
1620 1687 1740 1742 sociem
1751 1686 1813 1740 Dei
1823 1686 1910 1756 offas·

209 1785 300 1831 tomen
318 1784 382 1831 sont
401 1778 430 1831 ia
452 1777 620 1847 Scnptaris.
650 1775 1042 1832 Tranesubstantiatioautem
1068 1775 1174 1828 είοηαη
1198 1775 1330 1844 esaar,
1358 1776 1477 1839 firmiter
1497 1774 1692 1845 probibemus,
1716 1788 1750 1826 ae
1778 1772 1843 1841 quis
1870 1772 1908 1825 de

179 1862 182 1867 '
209 1856 252 1918 e'st
266 1862 302 1917 iu'
315 1854 410 1918 eorum
428 1850 617 1934 elassa-quae
633 1862 824 1935 inSoripturis
841 1879 894 1917 neo
909 1865 1044 1927 suntnec
1069 1868 1160 1914 cetero
1181 1876 1282 1915 norom
1306 1860 1473 1929 sclipioaem
1499 1861 1637 1928 incestat,
1668 1861 1721 1913 ssd
1747 1859 1908 1928 quiessem

209 1947 348 2005 dicuntur.
379 1947 552 2003 Revocemus
570 1965 637 2020 ergo
649 1948 818 2003 Bellarrniuo
833 1947 862 2002 in
877 1946 1043 2010 memoriam,
1069 1947 1189 2000 voleurit
1210 1947 1359 2018 sclipiosis
1376 1949 1490 2001 domurn
1505 1947 1637 2012 fundare
1657 1946 1694 1998 ds
1712 1961 1799 2012 aoso,
1823 1960 1908 2012 repa·

117 2098 130 2105 ¹,
206 2036 283 2106 ttae
305 2040 381 2089 reete
401 2034 515 2105 ‘scripsit
537 2033 585 2090 lib.
607 2040 631 2090 2.
657 2035 693 2090 de
711 2032 808 2090 concil
827 2040 931 2088 euctm.
949 2048 973 2087 c.
995 2038 1041 2088 12:
1070 2032 1128 2084 tam
1145 2033 1388 2087 dissertationem
1406 2032 1529 2101 occipiat
1547 2033 1584 2085 ds
1601 2029 1789 2100 rstips‘oaitas
1800 2045 1908 2098 oppro

163 2184 167 2195 .
194 2118 279 2175 orm
304 2118 442 2174 Nisaeum
468 2119 616 2175 conciliem
643 2120 786 2189 ἆοῄηίυἰε,
814 2118 955 2173 Christum
984 2132 1043 2170 csse
1071 2117 1149 2172 batis.
1185 2116 1270 2172 Illud
1288 2118 1371 2171 mom
1385 2117 1577 2187 modicenses,
1603 2132 1637 2169 as
1655 2117 1718 2184 quis
1736 2115 1767 2168 ie
1784 2116 1909 2169 diser&

173 2196 176 2201 ’
208 2203 362 2280 maiorer
375 2205 468 2275 Patri,
486 2204 604 2260 deducit
614 2205 818 2261 conclusionem
830 2223 863 2261 ee
878 2203 1044 2273 Senberris,
1069 2205 1248 2258 monasteriis
1267 2204 1358 2258 locum
1376 2204 1508 2259 memoli
1529 2203 1631 2256 taem
1647 2209 1830 2271 pressisset,
1856 2218 1909 2256 aec

119 2302 121 2307 ⁴
205 2289 341 2363 qnodque
371 2290 421 2348 lib.
445 2297 469 2346 2.
496 2290 533 2346 de
556 2288 667 2347 Christo
694 2308 719 2346 c.
751 2296 773 2347 1.
798 2290 912 2362 probat,
945 2304 1044 2343 nomm
1070 2307 1141 2342 usus
1159 2289 1246 2342 abbas
1259 2290 1394 2358 pluribus
1407 2290 1589 2344 memoriis
1597 2289 1774 2357 praesidere.
1800 2286 1910 2353 Quodsi

194 2373 360 2451 ’ὀμοούσιος
390 2394 447 2431 noa
468 2376 566 2446 fnisse
589 2378 685 2447 primo
706 2376 846 2430 tuomum
872 2378 902 2429 ia
924 2374 1044 2430 condito
1071 2374 1212 2430 decretum
1229 2373 1282 2430 boc
1300 2373 1485 2430 Bellarminus
1504 2373 1660 2447 approbare
1677 2374 1757 2440 velit,
1775 2373 1910 2443 sumatur,

191 2463 336 2531 rueme·
356 2476 389 2516 ac
400 2461 540 2534 jubemus,
559 2470 591 2517 ut
603 2460 676 2516 idem
689 2462 726 2516 de
736 2459 1045 2516 transsubstantiatione
1071 2477 1172 2516 novum
1197 2460 1369 2517 lesuitmnm
1394 2462 1518 2517 ordinem
1539 2460 1626 2516 fuisse
1645 2461 1721 2532 prius
1746 2460 1909 2515 damnatum

210 2549 319 2619 probet,
337 2547 391 2602 boc
410 2554 529 2603 aetram
547 2562 580 2602 ex
592 2547 743 2618 Scripturis
762 2547 884 2602 deducat
899 2553 928 2601 et
945 2561 1045 2601 nomen
1071 2564 1155 2619 quam
1176 2554 1285 2616 netum,
1309 2549 1356 2603 cui
1375 2555 1468 2605 tamen
1485 2548 1546 2618 ipse
1565 2547 1643 2602 dedit
1661 2563 1768 2602 nomen.
1799 2546 1911 2601 Auctor

210 2633 303 2704 Ipsum
325 2638 391 2688 ante
409 2634 557 2688 concilium
576 2632 765 2689 Lateranense
781 2633 811 2703 in
827 2632 948 2688 molesia
967 2648 1045 2686 usur-
1071 2633 1155 2705 hujus
1174 2633 1285 2689 concilii
1303 2633 1358 2690 init
1376 2634 1554 2689 Innocentius
1565 2633 1618 2688 111.
1639 2633 1687 2704 qni
1706 2632 1793 2688 libros
1812 2632 1908 2688 decre

210 2724 307 2790 patum
330 2717 417 2775 inissa
435 2719 542 2775 doceat.
578 2718 622 2774 De
638 2718 796 2773 nominibus
813 2718 999 2774 conversionis
1018 2723 1046 2772 et
1071 2719 1168 2773 tabum
1189 2718 1219 2773 in
1238 2719 1338 2774 scholis
1356 2720 1450 2775 doceri
1467 2727 1496 2775 et
1513 2720 1542 2773 in
1556 2719 1671 2789 judiciis
1690 2718 1813 2775 exerceri
1830 2735 1909 2773 man·

209 2805 370 2860 mutationis
401 2803 511 2860 dicetur
538 2816 589 2860 sno
620 2805 681 2860 loco
709 2809 738 2858 et
765 2819 799 2859 ex
825 2803 894 2874 ipsis
919 2802 1045 2875 patribus
1071 2805 1156 2859 davit.
1191 2820 1215 2862 c.
1243 2804 1430 2861 venerabilem
1459 2806 1487 2862 d.
1519 2805 1599 2860 elect.
1630 2821 1656 2861 v.
1689 2805 1770 2861 electi
1804 2808 1909 2875 potest,

209 2890 383 2960 oswndetur,
411 2907 468 2946 non
490 2889 664 2946 essentialem
680 2889 726 2944 vel
742 2888 965 2959 substantialem,
995 2889 1044 2944 sed
1072 2905 1156 2960 quam
1182 2905 1249 2945 vero
1276 2891 1356 2946 multi
1385 2897 1415 2947 et
1443 2907 1543 2962 mares
1571 2891 1628 2945 sint
1658 2890 1768 2945 illorum
1794 2906 1909 2954 errores,

192 2976 438 3032 ··sacramentalem
460 2980 571 3031 tanurm
589 2982 763 3031 externorum
781 2974 968 3046 symbolorum
986 2992 1044 3029 mn·
1071 2983 1188 3046 apparet
1205 2992 1239 3030 ex
1250 2975 1366 3048 vulgate
1384 2976 1539 3046 proverbio,
1558 2977 1633 3047 quod
1651 2976 1909 3032 recitatDuarenus

208 3063 342 3119 tadonem
379 3061 454 3133 ipsos
492 3061 665 3117 intellexisse.
715 3061 1046 3116 Transelementationem
1071 3061 1100 3114 in
1119 3061 1236 3132 praefat
1254 3062 1273 3119 l.
1292 3062 1328 3116 de
1346 3062 1431 3116 sacris
1447 3063 1543 3118 eccles.
1562 3062 1679 3121 minist:
1699 3070 1792 3116 ostam
1807 3063 1909 3131 faisse

210 3147 396 3204 bellarminus
425 3147 478 3202 boc
503 3146 566 3202 loco
590 3147 631 3202 sic
657 3147 783 3218 exponit,
815 3147 890 3218 quod
908 3145 1047 3219 significet
1072 3148 1108 3200 de
1131 3148 1224 3201 solute
1246 3148 1393 3216 ecelesiae,
1424 3165 1487 3201 enm
1512 3149 1634 3202 decem
1653 3149 1815 3202 coement
1834 3149 1909 3217 otae,

210 3237 392 3289 metationem
409 3235 494 3288 totius
511 3236 557 3288 rei
572 3250 659 3305 mque
679 3236 720 3288 ud
732 3235 830 3305 primo
848 3235 997 3298 elemento,
1013 3234 1046 3286 id
1073 3233 1107 3286 id
1123 3241 1164 3286 est
1181 3232 1342 3288 decretales
1377 3231 1457 3289 Idem
1480 3233 1659 3289 Innocentius
1675 3250 1698 3290 c.
1716 3232 1821 3289 solitae.
1841 3240 1910 3289 extr.

211 3328 254 3377 ast
269 3338 357 3391 uepres
375 3320 418 3373 ud
432 3321 581 3374 anemium
593 3321 726 3390 primum,
748 3337 821 3389 orsos
839 3321 877 3374 ab
894 3319 1047 3374 Aristotele
1072 3319 1108 3373 de
1130 3319 1248 3389 majorit.
1270 3327 1300 3374 et
1326 3319 1407 3374 obed.
1430 3319 1503 3374 banc
1524 3318 1606 3375 valde
1629 3319 1817 3390 magistralem
1835 3318 1909 3375 Scri-

212 3406 375 3461 &meatem
398 3413 528 3476 eomer,
555 3421 612 3477 qua
634 3405 741 3460 ratione
758 3405 1011 3460 transelementatio
1028 3421 1046 3458 a
1072 3412 1171 3474 pturae
1195 3407 1394 3478 expositionem
1413 3406 1558 3478 proponit:
1585 3407 1666 3459 Deus
1688 3405 1759 3471 fecit
1782 3408 1840 3461 duo
1864 3406 1909 3460 tu·

210 3490 521 3547 transsubstantiatione
543 3491 744 3563 distinguetur,
773 3491 840 3564 quia
862 3492 891 3546 in
915 3490 1046 3546 transele·
1072 3492 1197 3545 miacrs'o
1213 3509 1318 3560 mopso
1337 3493 1368 3546 is
1377 3494 1556 3562 firmamento
1575 3492 1659 3559 coelo,
1678 3492 1712 3546 id
1728 3498 1768 3546 est
1785 3494 1860 3545 deos
1877 3493 1909 3545 in

211 3579 381 3633 mentatione
403 3588 497 3632 manet
518 3578 647 3647 materia,
671 3579 722 3634 sed
746 3577 775 3631 in
799 3576 1045 3633 trannubstantia·
1072 3578 1190 3632 eeclesia
1212 3578 1333 3632 imecurt
1356 3578 1523 3648 dionitntss,
1547 3595 1618 3648 pnes
1642 3586 1707 3631 sese
1728 3578 1909 3648 pontificalis

195 3662 289 3718 tione
304 3663 381 3718 nuda
397 3663 590 3718 tautummodo
608 3662 771 3727 accidentia,
789 3669 818 3718 et
837 3663 876 3719 sie
893 3663 1045 3719 exnomine
1072 3665 1229 3719 auotoritas
1248 3671 1275 3719 et
1289 3664 1398 3732 repetis
1411 3672 1538 3734 potestas
1544 3685 1557 3734 ,·
1582 3665 1634 3718 sed
1650 3671 1757 3734 questo
1774 3672 1815 3718 est
1833 3664 1908 3719 ieter

208 3748 509 3804 transelementatiouis
521 3764 620 3819 parum
634 3747 751 3804 subsidii
763 3748 872 3804 accedit
885 3749 946 3804 voci
957 3755 1044 3803 uana·
1071 3751 1159 3804 solem
1180 3756 1206 3803 et
1230 3750 1340 3814 lenam,
1364 3758 1446 3804 terete
1468 3752 1541 3805 ieter
1565 3751 1710 3819 pontifices
1728 3758 1850 3818 strepas
1866 3756 1990 3805 astuci

212 3833 465 3904 substantiatiouis3
487 3850 582 3889 veram
600 3832 729 3889 vocabuli
748 3834 1046 3890 uanselementetionis
1072 3836 1241 3906 diffareatio.
1275 3835 1396 3907 Exque
1418 3853 1474 3892 uno
1500 3834 1620 3906 intelligi
1642 3839 1746 3905 potest,
1771 3843 1908 3907 quantum

109 3932 147 3951 ’
212 3918 443 3992 significationem
459 3926 557 3990 postea
573 3935 750 3990 exponemus.
778 3920 909 3975 Ceterum
922 3921 997 3992 quod
1009 3921 1044 3976 ad
1071 3921 1249 3977 nibuendum
1274 3923 1312 3976 sit
1329 3923 1368 3977 illi
1386 3921 1562 3989 Innocentio,
1586 3937 1604 3975 a
1621 3937 1677 3992 quo
1694 3920 1804 3976 concilii
1822 3921 1907 3979 late·

211 4021 357 4061 muretum
379 4006 573 4077 episcoporum
595 4013 623 4060 et
643 4010 756 4075 patrum
779 4005 808 4060 in
830 4006 946 4060 concilio
963 4006 1046 4063 Inte·
1071 4009 1197 4064 ranenaia
1215 4009 1366 4064 auemntas
1384 4010 1413 4063 in
1433 4008 1550 4063 solidum
1571 4007 1718 4077 dependet
1753 4011 1780 4060 3.
1799 4008 1834 4063 a·
1848 4029 1908 4064 ma-

109 4150 112 4160 ,
170 4087 176 4100 ’
211 4091 322 4147 senensi
346 4092 459 4157 attinet,
485 4091 650 4162 opponimus
672 4089 841 4146 Bellarmino
865 4091 937 4147 bano
963 4108 1044 4164 regu·
1071 4096 1141 4148 tatio
1176 4095 1265 4150 solim
1293 4097 1412 4165 formos
1440 4102 1514 4149 rests
1544 4095 1649 4148 dictur
1683 4092 1908 4168 μειαμόρφωσις,

212 4177 282 4247 lam,
310 4179 385 4248 quod
410 4177 584 4233 decretorum
608 4191 626 4232 a
646 4177 772 4232 conciliis
789 4177 927 4233 editorum
944 4180 1046 4234 veritas
1072 4181 1288 4245 craesos-rustic
1308 4189 1335 4237 et
1352 4180 1470 4234 maceio
1491 4187 1617 4248 munes,
1634 4181 1744 4248 piparas
1758 4183 1909 4252 troesripa-

211 4279 268 4319 non
285 4260 324 4319 ait
339 4263 513 4318 emtimanda
532 4278 565 4318 ex
584 4278 698 4318 numero
718 4263 910 4335 episcoporum
931 4265 975 4321 vel
998 4281 1046 4334 pa·
1072 4267 1156 4335 sotio,
1176 4267 1358 4321 mutmiomm
1374 4265 1547 4320 schematice
1565 4266 1649 4318 mom
1665 4274 1739 4321 reste
1754 4267 1908 4336 dietposse

211 4355 298 4418 num,
324 4349 374 4404 sed
401 4365 434 4404 ex
456 4349 649 4404 conformitate
675 4366 739 4403 eum
766 4349 916 4419 Scriptura.
962 4350 1046 4406 Hunc
1072 4352 1418 4407 trommbstastiuts'ousm.
1445 4351 1671 4422 Respondemus:
1690 4351 1908 4425 transfiguratio·

213 4452 346 4492 canonem
364 4451 415 4490 suo
434 4435 496 4490 loco
514 4433 705 4491 confirmatum
726 4436 950 4506 dantuostrates,
969 4454 1046 4508 prae·
1071 4456 1136 4495 nem
1159 4437 1290 4503 dicimus,
1316 4438 1384 4509 quia
1406 4437 1524 4509 legimus
1542 4436 1643 4494 Matth.
1667 4443 1758 4504 lt,v.
1776 4444 1799 4494 2.
1820 4446 1909 4495 trans

212 4523 308 4579 aarum
328 4521 364 4577 D.
382 4519 524 4577 Gesnerus
546 4522 576 4577 in
599 4521 648 4576 lib.
668 4521 703 4576 de
722 4521 818 4575 concil
848 4521 911 4576 Hac
926 4523 988 4578 vice
1005 4541 1046 4579 re·
1072 4523 1332 4581 sementationem
1349 4541 1404 4579 non
1421 4523 1552 4588 dicimus,
1570 4524 1637 4596 quie
1655 4541 1711 4579 non
1727 4525 1854 4596 legimus.
1965 4553 1967 4557 ·

211 4609 333 4682 petimus
358 4608 463 4664 dictam
489 4606 653 4678 Hieronymi
679 4623 702 4662 c.
728 4615 751 4663 1.
777 4607 856 4679 epist.
879 4609 916 4662 ad
938 4607 1046 4665 Galat:
1110 4616 1166 4667 121.
1202 4609 1257 4667 Sed
1286 4610 1360 4665 euim
1390 4626 1445 4664 non
1474 4615 1533 4664 tam
1561 4611 1597 4665 de
1618 4610 1743 4680 nomine,
1774 4628 1859 4683 quam
1874 4613 1909 4670 de

216 4695 342 4767 Spiritru
358 4694 453 4770 romi
468 4693 601 4748 doctr-im
619 4700 673 4758 est,
699 4708 771 4762 paee
794 4695 937 4749 caaonios's
957 4696 1047 4752 literis
1073 4697 1203 4769 dogmate
1227 4694 1546 4751 nmnnbstantiauonia
1569 4698 1696 4768 quaestio
1719 4704 1770 4752 est
1805 4697 1837 4753 si
1859 4717 1908 4754 uo·

214 4789 255 4836 est
269 4780 401 4852 prodeo,
419 4787 520 4834 contra
538 4796 623 4848 puom
641 4778 757 4847 siquid
774 4787 899 4833 semaam
916 4783 1047 4850 ennodio,
1073 4799 1139 4837 vum
1162 4781 1232 4836 illud
1256 4781 1360 4853 dogma
1383 4798 1417 4837 ex
1436 4780 1586 4853 scripturis
1605 4783 1787 4838 demonstrari
1804 4791 1908 4855 posset,

212 4868 298 4932 nefas
329 4868 409 4921 duco.
452 4863 628 4936 Augustinus¹
656 4864 759 4935 passim
789 4869 872 4934 urget
899 4864 1047 4924 discrimen
1073 4868 1164 4939 ipsum
1188 4882 1289 4922 nomeu
1313 4883 1370 4921 non
1392 4867 1608 4936 repudiaremus.
1643 4868 1707 4924 Jam
1730 4886 1795 4924 vero
1817 4876 1908 4926 trane

213 4951 286 5007 inter
303 4951 465 5007 eanonicam
478 4948 683 5019 Scripturerum
702 4949 895 5005 anctoritatem
913 4957 943 5006 et
959 4953 1046 5008 eccle-
1073 4952 1268 5007 substentatio
1291 4951 1450 5007 destituitur
1475 4954 1570 5023 ceres,
1597 4953 1750 5009 manifestis
1776 4962 1805 5010 et
1821 4955 1908 5011 firmis

214 5038 387 5093 siasticorum
406 5037 569 5108 scriptorum
586 5034 723 5106 judicium
744 5035 823 5107 epist
842 5042 882 5092 le.
901 5037 938 5092 ed
949 5037 1047 5095 Hiero·
1073 5037 1232 5108 Scripturas
1257 5037 1430 5096 testimoniis.
1465 5039 1651 5095 Bellarminus
1677 5044 1700 5096 1.
1718 5040 1829 5112 excipit,
1848 5044 1907 5105 sol·

213 5138 289 5194 nym.
318 5125 398 5195 epist
432 5129 489 5179 111.
525 5120 573 5175 lib.
597 5126 623 5176 2.
652 5127 749 5176 contra
777 5121 905 5178 crescon.
935 5140 959 5180 c.
988 5131 1047 5183 212.
1072 5125 1212 5178 mamam
1248 5140 1306 5178 sess
1342 5125 1419 5179 illud
1454 5127 1583 5190 onoma,
1623 5127 1702 5193 qood
1742 5128 1816 5182 sitit
1853 5145 1909 5197 pro

212 5208 341 5264 Poscere
376 5226 443 5278 erpo
471 5209 537 5276 sas't
563 5209 667 5277 forano
698 5215 822 5261 aeteram
855 5209 1046 5280 aonediorum,
1072 5209 1193 5261 articulo
1226 5209 1296 5274 fidei
1329 5211 1462 5265 walerios
1489 5213 1707 5281 proponendum
1740 5213 1794 5280 ss't,
1832 5216 1910 5283 quod

211 5295 243 5348 is
272 5311 391 5363 pamm
419 5293 528 5360 medio,
564 5301 596 5350 ut
623 5293 709 5350 babet
737 5291 864 5350 Cusenus
893 5293 941 5353 lib.
964 5301 989 5351 2.
1010 5295 1047 5352 de
1072 5313 1128 5349 soa
1150 5294 1245 5363 possit
1273 5312 1305 5350 es
1337 5296 1488 5368 deaptare
1513 5296 1647 5366 probust,
1682 5316 1744 5354 eom
1771 5316 1805 5354 sa
1825 5301 1909 5357 snus

212 5381 341 5441 concord.
367 5379 476 5440 Cathol.
499 5398 523 5437 c.
549 5387 573 5438 t.
592 5381 770 5454 ponebantur
788 5397 875 5436 sacro
899 5383 1045 5452 acerelio
1074 5381 1240 5452 eruptura,
1274 5384 1326 5438 sed
1359 5400 1393 5439 sc
1418 5382 1483 5438 solo
1508 5382 1662 5440 amisse
1689 5386 1816 5455 probust
1840 5404 1909 5458 pos-
