<?xml version="1.0" encoding="UTF-8"?>
<!DOCTYPE html PUBLIC "-//W3C//DTD XHTML 1.0 Transitional//EN"
    "http://www.w3.org/TR/xhtml1/DTD/xhtml1-transitional.dtd">
<html xmlns="http://www.w3.org/1999/xhtml" xml:lang="en" lang="en">
 <head>
  <title>
</title>
<meta http-equiv="Content-Type" content="text/html;charset=utf-8" />
  <meta name='ocr-system' content='tesseract 3.04.00' />
  <meta name='ocr-capabilities' content='ocr_page ocr_carea ocr_par ocr_line ocrx_word'/>
</head>
<body>
  <div class='ocr_page' id='page_1' title='image "./lta-11000/locitheologicit03gerhgoog/locitheologicit03gerhgoog_0126.png"; bbox 0 0 4004 6022; ppageno 0'>
   <div class='ocr_carea' id='block_1_1' title="bbox 670 263 1769 353">
    <p class='ocr_par' dir='ltr' id='par_1_1' title="bbox 670 263 1769 353">
     <span class='ocr_line' id='line_1_1' title="bbox 670 263 1769 353; baseline 0.012 -30"><span class='ocrx_word' id='word_1_1' title='bbox 670 316 676 323; x_wconf 92' lang='lat'><em>.</em></span> <span class='ocrx_word' id='word_1_2' title='bbox 742 263 940 345; x_wconf 74' lang='lat' dir='ltr'><strong><em>naseam</em></strong></span> <span class='ocrx_word' id='word_1_3' title='bbox 959 264 1116 349; x_wconf 62' lang='lat' dir='ltr'><strong><em>nonne..</em></strong></span> <span class='ocrx_word' id='word_1_4' title='bbox 1161 342 1166 353; x_wconf 27' lang='grc' dir='ltr'>Ι</span> <span class='ocrx_word' id='word_1_5' title='bbox 1711 278 1769 337; x_wconf 83' lang='lat'><strong><em>115</em></strong></span> 
     </span>
    </p>
   </div>
   <div class='ocr_carea' id='block_1_2' title="bbox 57 419 1899 5494">
    <p class='ocr_par' dir='ltr' id='par_1_2' title="bbox 59 419 1867 1440">
     <span class='ocr_line' id='line_1_2' title="bbox 72 419 1768 494; baseline 0 -15"><span class='ocrx_word' id='word_1_6' title='bbox 72 425 117 493; x_wconf 70' lang='lat' dir='ltr'><strong><em>sd,</em></strong></span> <span class='ocrx_word' id='word_1_7' title='bbox 147 423 229 494; x_wconf 75' lang='lat' dir='ltr'><strong><em>quad</em></strong></span> <span class='ocrx_word' id='word_1_8' title='bbox 248 420 319 479; x_wconf 75' lang='lat' dir='ltr'><strong><em>libri</em></strong></span> <span class='ocrx_word' id='word_1_9' title='bbox 341 422 577 491; x_wconf 72' lang='lat' dir='ltr'><strong><em>mapsliuarum</em></strong></span> <span class='ocrx_word' id='word_1_10' title='bbox 602 429 628 476; x_wconf 84' lang='lat' dir='ltr'><strong><em>et</em></strong></span> <span class='ocrx_word' id='word_1_11' title='bbox 656 422 792 492; x_wconf 83' lang='lat' dir='ltr'><strong><em>epistolae</em></strong></span> <span class='ocrx_word' id='word_1_12' title='bbox 818 421 909 477; x_wconf 85' lang='lat' dir='ltr'><strong><em>Pauli</em></strong></span> <span class='ocrx_word' id='word_1_13' title='bbox 933 421 1051 476; x_wconf 85' lang='lat' dir='ltr'><strong><em>concilis</em></strong></span> <span class='ocrx_word' id='word_1_14' title='bbox 1072 438 1128 477; x_wconf 88' lang='lat' dir='ltr'><strong><em>uon</em></strong></span> <span class='ocrx_word' id='word_1_15' title='bbox 1151 437 1261 491; x_wconf 90' lang='lat' dir='ltr'><strong><em>semper</em></strong></span> <span class='ocrx_word' id='word_1_16' title='bbox 1285 419 1382 476; x_wconf 87' lang='lat' dir='ltr'><strong><em>baberi</em></strong></span> <span class='ocrx_word' id='word_1_17' title='bbox 1398 420 1506 493; x_wconf 88' lang='lat' dir='ltr'><strong><em>possint</em></strong></span> <span class='ocrx_word' id='word_1_18' title='bbox 1522 438 1555 479; x_wconf 90' lang='lat' dir='ltr'><strong><em>ac</em></strong></span> <span class='ocrx_word' id='word_1_19' title='bbox 1574 422 1688 479; x_wconf 84' lang='lat' dir='ltr'><strong><em>decreta</em></strong></span> <span class='ocrx_word' id='word_1_20' title='bbox 1705 440 1768 479; x_wconf 89' lang='lat' dir='ltr'><strong><em>con·</em></strong></span> 
     </span>
     <span class='ocr_line' id='line_1_3' title="bbox 70 507 1768 581; baseline 0 -17"><span class='ocrx_word' id='word_1_21' title='bbox 70 510 123 564; x_wconf 80' lang='lat' dir='ltr'><strong><em>siat</em></strong></span> <span class='ocrx_word' id='word_1_22' title='bbox 140 508 310 578; x_wconf 82' lang='lat' dir='ltr'><strong><em>Scripturas</em></strong></span> <span class='ocrx_word' id='word_1_23' title='bbox 333 508 459 577; x_wconf 78' lang='lat' dir='ltr'><strong><em>diuinae,</em></strong></span> <span class='ocrx_word' id='word_1_24' title='bbox 481 517 585 564; x_wconf 85' lang='lat' dir='ltr'><strong><em>remoto</em></strong></span> <span class='ocrx_word' id='word_1_25' title='bbox 610 516 703 562; x_wconf 89' lang='lat' dir='ltr'><strong><em>autem</em></strong></span> <span class='ocrx_word' id='word_1_26' title='bbox 722 510 757 561; x_wconf 84' lang='lat' dir='ltr'><strong><em>ab</em></strong></span> <span class='ocrx_word' id='word_1_27' title='bbox 775 509 906 562; x_wconf 87' lang='lat' dir='ltr'><strong><em>articulis</em></strong></span> <span class='ocrx_word' id='word_1_28' title='bbox 932 507 1058 562; x_wconf 89' lang='lat' dir='ltr'><strong><em>ciliorum</em></strong></span> <span class='ocrx_word' id='word_1_29' title='bbox 1086 514 1114 562; x_wconf 87' lang='lat' dir='ltr'><strong><em>et</em></strong></span> <span class='ocrx_word' id='word_1_30' title='bbox 1138 523 1228 578; x_wconf 80' lang='lat' dir='ltr'><strong><em>papae</em></strong></span> <span class='ocrx_word' id='word_1_31' title='bbox 1253 507 1501 579; x_wconf 75' lang='lat' dir='ltr'><strong><em>quandoque‘sint</em></strong></span> <span class='ocrx_word' id='word_1_32' title='bbox 1523 510 1677 581; x_wconf 88' lang='lat' dir='ltr'><strong><em>contraria,</em></strong></span> <span class='ocrx_word' id='word_1_33' title='bbox 1703 509 1768 565; x_wconf 87' lang='lat' dir='ltr'><strong><em>ideo</em></strong></span> 
     </span>
     <span class='ocr_line' id='line_1_4' title="bbox 63 593 1767 666; baseline -0.001 -17"><span class='ocrx_word' id='word_1_34' title='bbox 63 597 148 666; x_wconf 67' lang='lat' dir='ltr'><strong><em>fidei,</em></strong></span> <span class='ocrx_word' id='word_1_35' title='bbox 166 596 246 665; x_wconf 83' lang='lat' dir='ltr'><strong><em>quod</em></strong></span> <span class='ocrx_word' id='word_1_36' title='bbox 261 595 331 648; x_wconf 80' lang='lat' dir='ltr'><strong><em>libri</em></strong></span> <span class='ocrx_word' id='word_1_37' title='bbox 348 595 396 648; x_wconf 87' lang='lat' dir='ltr'><strong><em>illi</em></strong></span> <span class='ocrx_word' id='word_1_38' title='bbox 409 595 466 649; x_wconf 74' lang='lat' dir='ltr'><strong><em>mitt</em></strong></span> <span class='ocrx_word' id='word_1_39' title='bbox 485 594 651 666; x_wconf 82' lang='lat' dir='ltr'><strong><em>Scripturas</em></strong></span> <span class='ocrx_word' id='word_1_40' title='bbox 669 595 795 664; x_wconf 68' lang='lat' dir='ltr'><strong><em>diuinae,</em></strong></span> <span class='ocrx_word' id='word_1_41' title='bbox 821 594 906 647; x_wconf 87' lang='lat' dir='ltr'><strong><em>simul</em></strong></span> <span class='ocrx_word' id='word_1_42' title='bbox 932 593 1014 649; x_wconf 74' lang='lat' dir='ltr'><strong><em>libi</em></strong></span> <span class='ocrx_word' id='word_1_43' title='bbox 1045 594 1079 648; x_wconf 92' lang='lat' dir='ltr'><strong><em>de</em></strong></span> <span class='ocrx_word' id='word_1_44' title='bbox 1098 593 1174 648; x_wconf 87' lang='lat' dir='ltr'><strong><em>Rom.</em></strong></span> <span class='ocrx_word' id='word_1_45' title='bbox 1193 593 1290 664; x_wconf 84' lang='lat' dir='ltr'><strong><em>pontif.</em></strong></span> <span class='ocrx_word' id='word_1_46' title='bbox 1310 610 1334 648; x_wconf 95' lang='lat' dir='ltr'><strong><em>c.</em></strong></span> <span class='ocrx_word' id='word_1_47' title='bbox 1354 599 1378 649; x_wconf 89' lang='grc'><strong><em>2.</em></strong></span> <span class='ocrx_word' id='word_1_48' title='bbox 1399 594 1548 660; x_wconf 78' lang='lat' dir='ltr'>concludit,</span> <span class='ocrx_word' id='word_1_49' title='bbox 1566 595 1658 665; x_wconf 83' lang='lat' dir='ltr'><strong><em>ipsam</em></strong></span> <span class='ocrx_word' id='word_1_50' title='bbox 1677 595 1767 660; x_wconf 80' lang='lat' dir='ltr'><strong><em>infal-</em></strong></span> 
     </span>
     <span class='ocr_line' id='line_1_5' title="bbox 66 672 1767 751; baseline -0.002 -14"><span class='ocrx_word' id='word_1_51' title='bbox 66 683 212 737; x_wconf 80' lang='lat' dir='ltr'><strong><em>csscidcut</em></strong></span> <span class='ocrx_word' id='word_1_52' title='bbox 230 672 397 735; x_wconf 70' lang='lat' dir='ltr'><strong><em>amucs&#39;alii</em></strong></span> <span class='ocrx_word' id='word_1_53' title='bbox 415 681 539 749; x_wconf 75' lang='lat' dir='ltr'><strong><em>articuli,</em></strong></span> <span class='ocrx_word' id='word_1_54' title='bbox 561 682 610 751; x_wconf 83' lang='lat' dir='ltr'><strong><em>qui</em></strong></span> <span class='ocrx_word' id='word_1_55' title='bbox 627 697 660 734; x_wconf 83' lang='lat' dir='ltr'><strong><em>sc</em></strong></span> <span class='ocrx_word' id='word_1_56' title='bbox 674 681 832 751; x_wconf 73' lang='lat' dir='ltr'><strong><em>Scripturis</em></strong></span> <span class='ocrx_word' id='word_1_57' title='bbox 844 679 905 733; x_wconf 84' lang='lat' dir='ltr'><strong><em>illis</em></strong></span> <span class='ocrx_word' id='word_1_58' title='bbox 930 680 1091 733; x_wconf 83' lang='lat' dir='ltr'><strong><em>tibilitatem</em></strong></span> <span class='ocrx_word' id='word_1_59' title='bbox 1112 679 1292 750; x_wconf 89' lang='lat' dir='ltr'><strong><em>(judiciorum</em></strong></span> <span class='ocrx_word' id='word_1_60' title='bbox 1310 679 1568 748; x_wconf 86' lang='lat' dir='ltr'><strong><em>ecclesiasticorum)</em></strong></span> <span class='ocrx_word' id='word_1_61' title='bbox 1588 700 1644 735; x_wconf 83' lang='lat' dir='ltr'><strong><em>non</em></strong></span> <span class='ocrx_word' id='word_1_62' title='bbox 1662 698 1720 735; x_wconf 87' lang='lat' dir='ltr'><strong><em>esss</em></strong></span> <span class='ocrx_word' id='word_1_63' title='bbox 1738 682 1767 734; x_wconf 82' lang='lat' dir='ltr'><strong><em>im</em></strong></span> 
     </span>
     <span class='ocr_line' id='line_1_6' title="bbox 60 766 1768 838; baseline -0.001 -15"><span class='ocrx_word' id='word_1_64' title='bbox 60 768 230 838; x_wconf 61' lang='lat' dir='ltr'><strong><em>potantur.</em></strong></span> <span class='ocrx_word' id='word_1_65' title='bbox 264 767 387 823; x_wconf 76' lang='lat' dir='ltr'><strong><em>Aelana</em></strong></span> <span class='ocrx_word' id='word_1_66' title='bbox 416 767 504 837; x_wconf 72' lang='lat' dir='ltr'><strong><em>igitur</em></strong></span> <span class='ocrx_word' id='word_1_67' title='bbox 532 768 608 821; x_wconf 85' lang='lat' dir='ltr'><strong><em>illud</em></strong></span> <span class='ocrx_word' id='word_1_68' title='bbox 633 769 793 821; x_wconf 83' lang='lat' dir='ltr'><strong><em>uniuersam</em></strong></span> <span class='ocrx_word' id='word_1_69' title='bbox 819 767 902 831; x_wconf 76' lang='lat' dir='ltr'><strong><em>tidem</em></strong></span> <span class='ocrx_word' id='word_1_70' title='bbox 931 773 1009 819; x_wconf 86' lang='lat' dir='ltr'><strong><em>caetu</em></strong></span> <span class='ocrx_word' id='word_1_71' title='bbox 1026 766 1272 834; x_wconf 69' lang='lat' dir='ltr'><strong><em>consiliariorum,</em></strong></span> <span class='ocrx_word' id='word_1_72' title='bbox 1290 766 1333 819; x_wconf 89' lang='lat' dir='ltr'><strong><em>uel</em></strong></span> <span class='ocrx_word' id='word_1_73' title='bbox 1354 766 1472 820; x_wconf 85' lang='lat' dir='ltr'><strong><em>coasilio</em></strong></span> <span class='ocrx_word' id='word_1_74' title='bbox 1493 767 1695 837; x_wconf 82' lang='lat' dir='ltr'><strong><em>episcoporum,</em></strong></span> <span class='ocrx_word' id='word_1_75' title='bbox 1715 769 1768 821; x_wconf 82' lang='lat' dir='ltr'><strong><em>scd</em></strong></span> 
     </span>
     <span class='ocr_line' id='line_1_7' title="bbox 63 849 1766 924; baseline -0.001 -16"><span class='ocrx_word' id='word_1_76' title='bbox 63 853 200 908; x_wconf 76' lang='lat' dir='ltr'><strong><em>destituet.</em></strong></span> <span class='ocrx_word' id='word_1_77' title='bbox 235 852 298 909; x_wconf 86' lang='lat' dir='ltr'><strong><em>Hoc</em></strong></span> <span class='ocrx_word' id='word_1_78' title='bbox 315 852 478 909; x_wconf 84' lang='lat' dir='ltr'><strong><em>Bellnrmini</em></strong></span> <span class='ocrx_word' id='word_1_79' title='bbox 491 852 699 922; x_wconf 86' lang='lat' dir='ltr'><strong><em>pronuntiatum</em></strong></span> <span class='ocrx_word' id='word_1_80' title='bbox 712 851 803 908; x_wconf 83' lang='lat' dir='ltr'><strong><em>verbis</em></strong></span> <span class='ocrx_word' id='word_1_81' title='bbox 815 850 904 923; x_wconf 86' lang='lat' dir='ltr'><strong><em>magis</em></strong></span> <span class='ocrx_word' id='word_1_82' title='bbox 931 849 960 903; x_wconf 83' lang='lat' dir='ltr'><strong><em>in</em></strong></span> <span class='ocrx_word' id='word_1_83' title='bbox 982 851 1044 905; x_wconf 90' lang='lat' dir='ltr'><strong><em>solo</em></strong></span> <span class='ocrx_word' id='word_1_84' title='bbox 1062 853 1211 922; x_wconf 54' lang='lat' dir='ltr'><strong><em>pontificu</em></strong></span> <span class='ocrx_word' id='word_1_85' title='bbox 1235 851 1302 922; x_wconf 88' lang='lat' dir='ltr'><strong><em>quin</em></strong></span> <span class='ocrx_word' id='word_1_86' title='bbox 1326 855 1354 905; x_wconf 90' lang='lat' dir='ltr'><strong><em>et</em></strong></span> <span class='ocrx_word' id='word_1_87' title='bbox 1379 851 1493 906; x_wconf 88' lang='lat' dir='ltr'><strong><em>ulterius</em></strong></span> <span class='ocrx_word' id='word_1_88' title='bbox 1518 866 1550 905; x_wconf 90' lang='lat' dir='ltr'><strong><em>eo</em></strong></span> <span class='ocrx_word' id='word_1_89' title='bbox 1574 851 1603 905; x_wconf 92' lang='lat' dir='ltr'><strong><em>in</em></strong></span> <span class='ocrx_word' id='word_1_90' title='bbox 1627 851 1688 906; x_wconf 91' lang='lat' dir='ltr'><strong><em>loco</em></strong></span> <span class='ocrx_word' id='word_1_91' title='bbox 1705 868 1766 924; x_wconf 91' lang='lat' dir='ltr'><strong><em>pro·</em></strong></span> 
     </span>
     <span class='ocr_line' id='line_1_8' title="bbox 60 936 1867 1010; baseline -0.005 -12"><span class='ocrx_word' id='word_1_92' title='bbox 60 939 208 999; x_wconf 61' lang='lat' dir='ltr'><strong><em>affocibns</em></strong></span> <span class='ocrx_word' id='word_1_93' title='bbox 228 945 258 994; x_wconf 90' lang='lat' dir='ltr'><strong><em>et</em></strong></span> <span class='ocrx_word' id='word_1_94' title='bbox 275 939 368 1009; x_wconf 87' lang='lat' dir='ltr'><strong><em>impiis</em></strong></span> <span class='ocrx_word' id='word_1_95' title='bbox 385 938 488 1008; x_wconf 88' lang='lat' dir='ltr'><strong><em>repetit</em></strong></span> <span class='ocrx_word' id='word_1_96' title='bbox 506 938 642 995; x_wconf 84' lang='lat' dir='ltr'><strong><em>Pistoriae</em></strong></span> <span class='ocrx_word' id='word_1_97' title='bbox 660 937 689 992; x_wconf 92' lang='lat' dir='ltr'><strong><em>in</em></strong></span> <span class='ocrx_word' id='word_1_98' title='bbox 706 936 807 1009; x_wconf 89' lang='lat' dir='ltr'><strong><em>hodeg.</em></strong></span> <span class='ocrx_word' id='word_1_99' title='bbox 835 954 859 992; x_wconf 89' lang='lat' dir='ltr'><strong><em>c.</em></strong></span> <span class='ocrx_word' id='word_1_100' title='bbox 878 942 903 994; x_wconf 85' lang='lat'><strong><em>2.</em></strong></span> <span class='ocrx_word' id='word_1_101' title='bbox 929 936 1067 1008; x_wconf 80' lang='lat' dir='ltr'><strong><em>graditur:</em></strong></span> <span class='ocrx_word' id='word_1_102' title='bbox 1087 938 1188 992; x_wconf 81' lang='lat' dir='ltr'><strong><em>Omnes</em></strong></span> <span class='ocrx_word' id='word_1_103' title='bbox 1207 936 1347 992; x_wconf 69' lang='lat' dir='ltr'><strong><em>Catholici</em></strong></span> <span class='ocrx_word' id='word_1_104' title='bbox 1363 937 1473 1009; x_wconf 66' lang='lat' dir='ltr'><strong><em>(inquit)</em></strong></span> <span class='ocrx_word' id='word_1_105' title='bbox 1492 937 1521 991; x_wconf 84' lang='lat' dir='ltr'><strong><em>in</em></strong></span> <span class='ocrx_word' id='word_1_106' title='bbox 1541 955 1573 992; x_wconf 91' lang='lat' dir='ltr'><strong><em>eo</em></strong></span> <span class='ocrx_word' id='word_1_107' title='bbox 1593 941 1765 1010; x_wconf 84' lang='lat' dir='ltr'><strong><em>conveniunt,</em></strong></span> <span class='ocrx_word' id='word_1_108' title='bbox 1778 945 1807 990; x_wconf 71' lang='lat' dir='ltr'>x</span> <span class='ocrx_word' id='word_1_109' title='bbox 1821 944 1867 990; x_wconf 80' lang='lat' dir='ltr'><strong><em>tut.</em></strong></span> 
     </span>
     <span class='ocr_line' id='line_1_9' title="bbox 60 1023 1765 1096; baseline -0.001 -16"><span class='ocrx_word' id='word_1_110' title='bbox 60 1042 89 1096; x_wconf 87' lang='lat' dir='ltr'><strong><em>p.</em></strong></span> <span class='ocrx_word' id='word_1_111' title='bbox 108 1031 152 1083; x_wconf 74' lang='lat' dir='ltr'><strong><em>lt.</em></strong></span> <span class='ocrx_word' id='word_1_112' title='bbox 173 1030 220 1085; x_wconf 78' lang='lat'><strong><em>16:</em></strong></span> <span class='ocrx_word' id='word_1_113' title='bbox 243 1025 345 1095; x_wconf 82' lang='lat' dir='ltr'><strong><em>Opinio</em></strong></span> <span class='ocrx_word' id='word_1_114' title='bbox 364 1041 473 1094; x_wconf 86' lang='lat' dir='ltr'><strong><em>corum,</em></strong></span> <span class='ocrx_word' id='word_1_115' title='bbox 504 1025 554 1092; x_wconf 84' lang='lat' dir='ltr'><strong><em>qui</em></strong></span> <span class='ocrx_word' id='word_1_116' title='bbox 575 1024 648 1077; x_wconf 81' lang='lat' dir='ltr'><strong><em>milril</em></strong></span> <span class='ocrx_word' id='word_1_117' title='bbox 666 1027 780 1078; x_wconf 73' lang='lat' dir='ltr'><strong><em>creden</em></strong></span> <span class='ocrx_word' id='word_1_118' title='bbox 799 1023 903 1091; x_wconf 83' lang='lat' dir='ltr'><strong><em>colunt,</em></strong></span> <span class='ocrx_word' id='word_1_119' title='bbox 926 1025 1087 1092; x_wconf 76' lang='lat' dir='ltr'><strong><em>pontificem</em></strong></span> <span class='ocrx_word' id='word_1_120' title='bbox 1110 1023 1199 1078; x_wconf 86' lang='lat' dir='ltr'><strong><em>solum</em></strong></span> <span class='ocrx_word' id='word_1_121' title='bbox 1225 1023 1270 1077; x_wconf 86' lang='lat' dir='ltr'><strong><em>ccl</em></strong></span> <span class='ocrx_word' id='word_1_122' title='bbox 1296 1042 1357 1077; x_wconf 75' lang='lat' dir='ltr'><strong><em>mim</em></strong></span> <span class='ocrx_word' id='word_1_123' title='bbox 1382 1041 1432 1077; x_wconf 85' lang='lat' dir='ltr'><strong><em>suo</em></strong></span> <span class='ocrx_word' id='word_1_124' title='bbox 1452 1024 1630 1094; x_wconf 73' lang='lat' dir='ltr'><strong><em>particulari</em></strong></span> <span class='ocrx_word' id='word_1_125' title='bbox 1646 1026 1765 1079; x_wconf 54' lang='lat' dir='ltr'><strong><em>comalio</em></strong></span> 
     </span>
     <span class='ocr_line' id='line_1_10' title="bbox 60 1110 1767 1183; baseline -0.001 -16"><span class='ocrx_word' id='word_1_126' title='bbox 60 1112 121 1167; x_wconf 76' lang='lat' dir='ltr'><strong><em>aiei</em></strong></span> <span class='ocrx_word' id='word_1_127' title='bbox 136 1112 217 1182; x_wconf 79' lang='lat' dir='ltr'><strong><em>quud</em></strong></span> <span class='ocrx_word' id='word_1_128' title='bbox 232 1111 265 1165; x_wconf 80' lang='lat' dir='ltr'><strong><em>ia</em></strong></span> <span class='ocrx_word' id='word_1_129' title='bbox 280 1111 363 1165; x_wconf 72' lang='lat' dir='ltr'><strong><em>umba</em></strong></span> <span class='ocrx_word' id='word_1_130' title='bbox 379 1111 440 1164; x_wconf 89' lang='lat' dir='ltr'><strong><em>Dei</em></strong></span> <span class='ocrx_word' id='word_1_131' title='bbox 456 1118 552 1173; x_wconf 76' lang='lat' dir='ltr'><strong><em>emtat,</em></strong></span> <span class='ocrx_word' id='word_1_132' title='bbox 572 1111 687 1165; x_wconf 83' lang='lat' dir='ltr'><strong><em>abducit</em></strong></span> <span class='ocrx_word' id='word_1_133' title='bbox 698 1111 843 1181; x_wconf 84' lang='lat' dir='ltr'><strong><em>paulatim</em></strong></span> <span class='ocrx_word' id='word_1_134' title='bbox 862 1111 904 1163; x_wconf 83' lang='lat' dir='ltr'><strong><em>ad</em></strong></span> <span class='ocrx_word' id='word_1_135' title='bbox 930 1110 1045 1179; x_wconf 84' lang='lat' dir='ltr'><strong><em>aliquid</em></strong></span> <span class='ocrx_word' id='word_1_136' title='bbox 1066 1110 1095 1163; x_wconf 84' lang='lat' dir='ltr'><strong><em>in</em></strong></span> <span class='ocrx_word' id='word_1_137' title='bbox 1118 1127 1149 1163; x_wconf 87' lang='lat' dir='ltr'><strong><em>re</em></strong></span> <span class='ocrx_word' id='word_1_138' title='bbox 1174 1110 1262 1162; x_wconf 81' lang='lat' dir='ltr'><strong><em>dulia</em></strong></span> <span class='ocrx_word' id='word_1_139' title='bbox 1279 1116 1454 1179; x_wconf 70' lang='lat' dir='ltr'><strong><em>statuentem,</em></strong></span> <span class='ocrx_word' id='word_1_140' title='bbox 1481 1110 1539 1163; x_wconf 85' lang='lat' dir='ltr'><strong><em>siae</em></strong></span> <span class='ocrx_word' id='word_1_141' title='bbox 1555 1125 1654 1163; x_wconf 88' lang='lat' dir='ltr'><strong><em>errare</em></strong></span> <span class='ocrx_word' id='word_1_142' title='bbox 1666 1111 1767 1183; x_wconf 83' lang='lat' dir='ltr'><strong><em>possit,</em></strong></span> 
     </span>
     <span class='ocr_line' id='line_1_11' title="bbox 61 1194 1766 1271; baseline -0.001 -19"><span class='ocrx_word' id='word_1_143' title='bbox 61 1198 277 1268; x_wconf 58' lang='lat' dir='ltr'><strong><em>mutinam</em></strong></span> <span class='ocrx_word' id='word_1_144' title='bbox 306 1198 392 1251; x_wconf 85' lang='lat' dir='ltr'><strong><em>totius</em></strong></span> <span class='ocrx_word' id='word_1_145' title='bbox 422 1195 590 1271; x_wconf 74' lang='lat' dir='ltr'><strong><em>Scripturas</em></strong></span> <span class='ocrx_word' id='word_1_146' title='bbox 622 1213 723 1251; x_wconf 68' lang='lat' dir='ltr'><strong><em>sacrm</em></strong></span> <span class='ocrx_word' id='word_1_147' title='bbox 755 1205 780 1250; x_wconf 91' lang='lat' dir='ltr'><strong><em>et</em></strong></span> <span class='ocrx_word' id='word_1_148' title='bbox 814 1196 903 1265; x_wconf 77' lang='lat' dir='ltr'><strong><em>efficit</em></strong></span> <span class='ocrx_word' id='word_1_149' title='bbox 929 1195 986 1249; x_wconf 86' lang='lat' dir='ltr'><strong><em>sive</em></strong></span> <span class='ocrx_word' id='word_1_150' title='bbox 1006 1213 1078 1264; x_wconf 84' lang='lat' dir='ltr'><strong><em>non,</em></strong></span> <span class='ocrx_word' id='word_1_151' title='bbox 1100 1212 1160 1250; x_wconf 86' lang='lat' dir='ltr'><strong><em>erse</em></strong></span> <span class='ocrx_word' id='word_1_152' title='bbox 1183 1196 1221 1250; x_wconf 82' lang='lat' dir='ltr'><strong><em>ab</em></strong></span> <span class='ocrx_word' id='word_1_153' title='bbox 1244 1195 1371 1248; x_wconf 83' lang='lat' dir='ltr'><strong><em>amnibus</em></strong></span> <span class='ocrx_word' id='word_1_154' title='bbox 1384 1194 1519 1264; x_wconf 80' lang='lat' dir='ltr'><strong><em>fidelibus</em></strong></span> <span class='ocrx_word' id='word_1_155' title='bbox 1539 1194 1701 1251; x_wconf 81' lang='lat' dir='ltr'><strong><em>obedienter</em></strong></span> <span class='ocrx_word' id='word_1_156' title='bbox 1718 1216 1766 1251; x_wconf 86' lang='lat' dir='ltr'><strong><em>cu·</em></strong></span> 
     </span>
     <span class='ocr_line' id='line_1_12' title="bbox 60 1277 1767 1354; baseline -0.002 -14"><span class='ocrx_word' id='word_1_157' title='bbox 60 1285 201 1340; x_wconf 68' lang='lat' dir='ltr'><strong><em>aureum</em></strong></span> <span class='ocrx_word' id='word_1_158' title='bbox 221 1292 247 1338; x_wconf 90' lang='lat' dir='ltr'><strong><em>et</em></strong></span> <span class='ocrx_word' id='word_1_159' title='bbox 263 1282 430 1353; x_wconf 71' lang='lat' dir='ltr'><strong><em>dlpiasrcoe</em></strong></span> <span class='ocrx_word' id='word_1_160' title='bbox 465 1281 689 1353; x_wconf 85' lang='lat' dir='ltr'><strong><em>Respondemus:</em></strong></span> <span class='ocrx_word' id='word_1_161' title='bbox 708 1290 901 1354; x_wconf 84' lang='lat' dir='ltr'><strong><em>argumentum</em></strong></span> <span class='ocrx_word' id='word_1_162' title='bbox 930 1282 1065 1335; x_wconf 78' lang='lat' dir='ltr'><strong><em>dicacium</em></strong></span> <span class='ocrx_word' id='word_1_163' title='bbox 1093 1279 1189 1346; x_wconf 88' lang='lat' dir='ltr'><strong><em>(mirus</em></strong></span> <span class='ocrx_word' id='word_1_164' title='bbox 1213 1298 1321 1349; x_wconf 85' lang='lat' dir='ltr'><strong><em>sermo,</em></strong></span> <span class='ocrx_word' id='word_1_165' title='bbox 1352 1277 1511 1351; x_wconf 88' lang='lat' dir='ltr'><strong><em>pontificem</em></strong></span> <span class='ocrx_word' id='word_1_166' title='bbox 1540 1281 1648 1336; x_wconf 85' lang='lat' dir='ltr'><strong><em>etiamsi</em></strong></span> <span class='ocrx_word' id='word_1_167' title='bbox 1676 1278 1767 1338; x_wconf 85' lang='lat' dir='ltr'><strong><em>errare</em></strong></span> 
     </span>
     <span class='ocr_line' id='line_1_13' title="bbox 59 1364 1768 1440; baseline -0.002 -13"><span class='ocrx_word' id='word_1_168' title='bbox 59 1369 226 1427; x_wconf 78' lang='lat' dir='ltr'><strong><em>Ballarmiui</em></strong></span> <span class='ocrx_word' id='word_1_169' title='bbox 250 1369 428 1439; x_wconf 85' lang='lat' dir='ltr'><strong><em>exposuimus</em></strong></span> <span class='ocrx_word' id='word_1_170' title='bbox 450 1368 482 1423; x_wconf 92' lang='lat' dir='ltr'><strong><em>in</em></strong></span> <span class='ocrx_word' id='word_1_171' title='bbox 503 1375 583 1426; x_wconf 72' lang='lat' dir='ltr'><strong><em>baut</em></strong></span> <span class='ocrx_word' id='word_1_172' title='bbox 606 1368 806 1440; x_wconf 79' lang='lat' dir='ltr'><strong><em>descriptura</em></strong></span> <span class='ocrx_word' id='word_1_173' title='bbox 823 1384 903 1423; x_wconf 86' lang='lat' dir='ltr'><strong><em>sacra</em></strong></span> <span class='ocrx_word' id='word_1_174' title='bbox 929 1365 1033 1438; x_wconf 89' lang='lat' dir='ltr'><strong><em>possit,</em></strong></span> <span class='ocrx_word' id='word_1_175' title='bbox 1069 1366 1231 1423; x_wconf 82' lang='lat' dir='ltr'><strong><em>obedienter</em></strong></span> <span class='ocrx_word' id='word_1_176' title='bbox 1260 1383 1320 1421; x_wconf 88' lang='lat' dir='ltr'><strong><em>esse</em></strong></span> <span class='ocrx_word' id='word_1_177' title='bbox 1350 1364 1536 1434; x_wconf 86' lang='lat' dir='ltr'><strong><em>audiendum).</em></strong></span> <span class='ocrx_word' id='word_1_178' title='bbox 1586 1373 1611 1423; x_wconf 97' lang='grc'><strong><em>2.</em></strong></span> <span class='ocrx_word' id='word_1_179' title='bbox 1643 1369 1768 1424; x_wconf 81' lang='lat' dir='ltr'><strong><em>Accusat</em></strong></span> 
     </span>
    </p>

    <p class='ocr_par' dir='ltr' id='par_1_3' title="bbox 57 1451 1844 3336">
     <span class='ocr_line' id='line_1_14' title="bbox 60 1451 1767 1529; baseline -0.001 -19"><span class='ocrx_word' id='word_1_180' title='bbox 60 1454 92 1529; x_wconf 70' lang='grc' dir='ltr'><strong><em>ξ.</em></strong></span> <span class='ocrx_word' id='word_1_181' title='bbox 112 1462 155 1511; x_wconf 83' lang='lat' dir='ltr'><strong><em>tt.</em></strong></span> <span class='ocrx_word' id='word_1_182' title='bbox 175 1462 204 1510; x_wconf 88' lang='lat' dir='ltr'><strong><em>et</em></strong></span> <span class='ocrx_word' id='word_1_183' title='bbox 220 1471 296 1527; x_wconf 88' lang='lat' dir='ltr'><strong><em>seqq.</em></strong></span> <span class='ocrx_word' id='word_1_184' title='bbox 314 1455 368 1511; x_wconf 88' lang='lat' dir='ltr'><strong><em>bac</em></strong></span> <span class='ocrx_word' id='word_1_185' title='bbox 385 1455 447 1511; x_wconf 82' lang='lat' dir='ltr'><strong><em>rice</em></strong></span> <span class='ocrx_word' id='word_1_186' title='bbox 466 1455 519 1511; x_wconf 87' lang='lat' dir='ltr'><strong><em>trie</em></strong></span> <span class='ocrx_word' id='word_1_187' title='bbox 537 1472 669 1529; x_wconf 88' lang='lat' dir='ltr'><strong><em>urgemus</em></strong></span> <span class='ocrx_word' id='word_1_188' title='bbox 687 1460 785 1511; x_wconf 80' lang='lat' dir='ltr'><strong><em>contm</em></strong></span> <span class='ocrx_word' id='word_1_189' title='bbox 796 1455 902 1510; x_wconf 87' lang='lat' dir='ltr'><strong><em>Bellar-</em></strong></span> <span class='ocrx_word' id='word_1_190' title='bbox 929 1451 1129 1523; x_wconf 82' lang='lat' dir='ltr'><strong><em>Cbemnicium,</em></strong></span> <span class='ocrx_word' id='word_1_191' title='bbox 1145 1461 1224 1523; x_wconf 79' lang='lat' dir='ltr'><strong><em>quod</em></strong></span> <span class='ocrx_word' id='word_1_192' title='bbox 1239 1453 1317 1506; x_wconf 88' lang='lat' dir='ltr'><strong><em>mala</em></strong></span> <span class='ocrx_word' id='word_1_193' title='bbox 1327 1454 1389 1522; x_wconf 79' lang='lat' dir='ltr'><strong><em>fide</em></strong></span> <span class='ocrx_word' id='word_1_194' title='bbox 1408 1469 1440 1506; x_wconf 83' lang='lat' dir='ltr'><strong><em>ec</em></strong></span> <span class='ocrx_word' id='word_1_195' title='bbox 1458 1454 1621 1524; x_wconf 63' lang='lat' dir='ltr'><strong><em>stauracio,</em></strong></span> <span class='ocrx_word' id='word_1_196' title='bbox 1641 1453 1723 1510; x_wconf 87' lang='lat' dir='ltr'><strong><em>Scato</em></strong></span> <span class='ocrx_word' id='word_1_197' title='bbox 1741 1462 1767 1508; x_wconf 86' lang='lat' dir='ltr'><strong><em>st</em></strong></span> 
     </span>
     <span class='ocr_line' id='line_1_15' title="bbox 60 1537 1767 1614; baseline -0.002 -17"><span class='ocrx_word' id='word_1_198' title='bbox 60 1542 184 1611; x_wconf 79' lang='lat' dir='ltr'><strong><em>minum,</em></strong></span> <span class='ocrx_word' id='word_1_199' title='bbox 208 1542 297 1614; x_wconf 87' lang='lat' dir='ltr'><strong><em>primo</em></strong></span> <span class='ocrx_word' id='word_1_200' title='bbox 315 1541 390 1613; x_wconf 83' lang='lat' dir='ltr'><strong><em>quod</em></strong></span> <span class='ocrx_word' id='word_1_201' title='bbox 408 1540 533 1612; x_wconf 87' lang='lat' dir='ltr'><strong><em>sibiipsi</em></strong></span> <span class='ocrx_word' id='word_1_202' title='bbox 551 1542 738 1605; x_wconf 70' lang='lat' dir='ltr'><strong><em>contradicat,</em></strong></span> <span class='ocrx_word' id='word_1_203' title='bbox 765 1540 902 1612; x_wconf 90' lang='lat' dir='ltr'><strong><em>siquidem</em></strong></span> <span class='ocrx_word' id='word_1_204' title='bbox 931 1538 1129 1594; x_wconf 84' lang='lat' dir='ltr'><strong><em>Cameracensi</em></strong></span> <span class='ocrx_word' id='word_1_205' title='bbox 1155 1538 1248 1607; x_wconf 83' lang='lat' dir='ltr'><strong><em>(Petro</em></strong></span> <span class='ocrx_word' id='word_1_206' title='bbox 1276 1538 1311 1594; x_wconf 90' lang='lat' dir='ltr'><strong><em>de</em></strong></span> <span class='ocrx_word' id='word_1_207' title='bbox 1338 1537 1459 1609; x_wconf 83' lang='lat' dir='ltr'><strong><em>Allieno)</em></strong></span> <span class='ocrx_word' id='word_1_208' title='bbox 1489 1540 1611 1610; x_wconf 84' lang='lat' dir='ltr'><strong><em>probare</em></strong></span> <span class='ocrx_word' id='word_1_209' title='bbox 1637 1542 1767 1610; x_wconf 82' lang='lat' dir='ltr'><strong><em>volucrit,</em></strong></span> 
     </span>
     <span class='ocr_line' id='line_1_16' title="bbox 61 1625 1766 1696; baseline -0.002 -11"><span class='ocrx_word' id='word_1_210' title='bbox 61 1626 112 1685; x_wconf 79' lang='lat' dir='ltr'><strong><em>lib.</em></strong></span> <span class='ocrx_word' id='word_1_211' title='bbox 135 1632 157 1683; x_wconf 87' lang='lat' dir='ltr'><strong><em>l.</em></strong></span> <span class='ocrx_word' id='word_1_212' title='bbox 176 1626 212 1681; x_wconf 88' lang='lat' dir='ltr'><strong><em>de</em></strong></span> <span class='ocrx_word' id='word_1_213' title='bbox 228 1627 313 1684; x_wconf 68' lang='lat' dir='ltr'><strong><em>rubo</em></strong></span> <span class='ocrx_word' id='word_1_214' title='bbox 330 1626 386 1685; x_wconf 81' lang='lat' dir='ltr'><strong><em>Dei</em></strong></span> <span class='ocrx_word' id='word_1_215' title='bbox 406 1644 430 1685; x_wconf 90' lang='lat' dir='ltr'><strong><em>c.</em></strong></span> <span class='ocrx_word' id='word_1_216' title='bbox 448 1633 473 1684; x_wconf 89' lang='grc'><strong><em>2.</em></strong></span> <span class='ocrx_word' id='word_1_217' title='bbox 501 1634 598 1683; x_wconf 71' lang='lat' dir='ltr'><strong><em>comma</em></strong></span> <span class='ocrx_word' id='word_1_218' title='bbox 616 1626 830 1685; x_wconf 82' lang='lat' dir='ltr'><strong><em>Swencfeldium</em></strong></span> <span class='ocrx_word' id='word_1_219' title='bbox 849 1628 902 1684; x_wconf 87' lang='lat' dir='ltr'><strong><em>dis-</em></strong></span> <span class='ocrx_word' id='word_1_220' title='bbox 928 1626 1006 1696; x_wconf 86' lang='lat' dir='ltr'><strong><em>ipsos</em></strong></span> <span class='ocrx_word' id='word_1_221' title='bbox 1023 1625 1190 1695; x_wconf 71' lang='lat' dir='ltr'><strong><em>Pontificios</em></strong></span> <span class='ocrx_word' id='word_1_222' title='bbox 1207 1642 1373 1694; x_wconf 76' lang='lat' dir='ltr'><strong><em>apanseere,</em></strong></span> <span class='ocrx_word' id='word_1_223' title='bbox 1397 1626 1475 1696; x_wconf 84' lang='lat' dir='ltr'><strong><em>quad</em></strong></span> <span class='ocrx_word' id='word_1_224' title='bbox 1490 1626 1766 1682; x_wconf 71' lang='lat' dir='ltr'><strong><em>transsubstantiatio</em></strong></span> 
     </span>
     <span class='ocr_line' id='line_1_17' title="bbox 61 1710 1766 1785; baseline 0.002 -18"><span class='ocrx_word' id='word_1_225' title='bbox 61 1718 168 1784; x_wconf 77' lang='lat' dir='ltr'><strong><em>putant</em></strong></span> <span class='ocrx_word' id='word_1_226' title='bbox 185 1713 227 1769; x_wconf 86' lang='lat' dir='ltr'><strong><em>sic</em></strong></span> <span class='ocrx_word' id='word_1_227' title='bbox 244 1714 355 1771; x_wconf 79' lang='lat' dir='ltr'><strong><em>scribit:</em></strong></span> <span class='ocrx_word' id='word_1_228' title='bbox 383 1714 482 1770; x_wconf 82' lang='lat' dir='ltr'><strong><em>Sacris</em></strong></span> <span class='ocrx_word' id='word_1_229' title='bbox 505 1715 675 1784; x_wconf 75' lang='lat' dir='ltr'><strong><em>Scripturis,</em></strong></span> <span class='ocrx_word' id='word_1_230' title='bbox 692 1732 765 1785; x_wconf 76' lang='lat' dir='ltr'><strong><em>quac</em></strong></span> <span class='ocrx_word' id='word_1_231' title='bbox 778 1715 902 1784; x_wconf 78' lang='lat' dir='ltr'><strong><em>prople-</em></strong></span> <span class='ocrx_word' id='word_1_232' title='bbox 929 1712 1099 1766; x_wconf 84' lang='lat' dir='ltr'><strong><em>destituatur</em></strong></span> <span class='ocrx_word' id='word_1_233' title='bbox 1118 1711 1286 1781; x_wconf 79' lang='lat' dir='ltr'><strong><em>Scripturas</em></strong></span> <span class='ocrx_word' id='word_1_234' title='bbox 1299 1712 1509 1781; x_wconf 81' lang='lat' dir='ltr'><strong><em>fundamentis.</em></strong></span> <span class='ocrx_word' id='word_1_235' title='bbox 1542 1710 1766 1785; x_wconf 79' lang='lat' dir='ltr'><strong><em>Respondemnt:</em></strong></span> 
     </span>
     <span class='ocr_line' id='line_1_18' title="bbox 61 1796 1765 1872; baseline 0.001 -18"><span class='ocrx_word' id='word_1_236' title='bbox 61 1800 131 1855; x_wconf 84' lang='lat' dir='ltr'><strong><em>ticis</em></strong></span> <span class='ocrx_word' id='word_1_237' title='bbox 147 1807 174 1854; x_wconf 86' lang='lat' dir='ltr'><strong><em>ct</em></strong></span> <span class='ocrx_word' id='word_1_238' title='bbox 192 1801 358 1870; x_wconf 85' lang='lat' dir='ltr'><strong><em>apostolicis</em></strong></span> <span class='ocrx_word' id='word_1_239' title='bbox 378 1800 471 1857; x_wconf 86' lang='lat' dir='ltr'><strong><em>literis</em></strong></span> <span class='ocrx_word' id='word_1_240' title='bbox 490 1801 678 1867; x_wconf 71' lang='lat' dir='ltr'><strong><em>conducatur,</em></strong></span> <span class='ocrx_word' id='word_1_241' title='bbox 702 1799 773 1855; x_wconf 71' lang='lat' dir='ltr'><strong><em>nillil</em></strong></span> <span class='ocrx_word' id='word_1_242' title='bbox 797 1809 838 1855; x_wconf 88' lang='lat' dir='ltr'><strong><em>est</em></strong></span> <span class='ocrx_word' id='word_1_243' title='bbox 854 1819 902 1854; x_wconf 83' lang='lat' dir='ltr'><strong><em>ao-</em></strong></span> <span class='ocrx_word' id='word_1_244' title='bbox 927 1797 1042 1854; x_wconf 78' lang='lat' dir='ltr'><strong><em>inferius</em></strong></span> <span class='ocrx_word' id='word_1_245' title='bbox 1073 1798 1134 1869; x_wconf 88' lang='lat' dir='ltr'><strong><em>ipse</em></strong></span> <span class='ocrx_word' id='word_1_246' title='bbox 1168 1796 1265 1852; x_wconf 89' lang='lat' dir='ltr'><strong><em>borum</em></strong></span> <span class='ocrx_word' id='word_1_247' title='bbox 1297 1797 1462 1868; x_wconf 82' lang='lat' dir='ltr'><strong><em>scriptorum</em></strong></span> <span class='ocrx_word' id='word_1_248' title='bbox 1491 1797 1578 1854; x_wconf 86' lang='lat' dir='ltr'><strong><em>verba</em></strong></span> <span class='ocrx_word' id='word_1_249' title='bbox 1605 1800 1765 1872; x_wconf 81' lang='lat' dir='ltr'><strong><em>referemus,</em></strong></span> 
     </span>
     <span class='ocr_line' id='line_1_19' title="bbox 61 1883 1766 1957; baseline 0.002 -17"><span class='ocrx_word' id='word_1_250' title='bbox 61 1887 135 1955; x_wconf 82' lang='lat' dir='ltr'><strong><em>tius,</em></strong></span> <span class='ocrx_word' id='word_1_251' title='bbox 157 1886 231 1940; x_wconf 65' lang='lat' dir='ltr'><strong><em>eslii</em></strong></span> <span class='ocrx_word' id='word_1_252' title='bbox 247 1886 366 1956; x_wconf 69' lang='lat' dir='ltr'><strong><em>cerum,</em></strong></span> <span class='ocrx_word' id='word_1_253' title='bbox 389 1894 421 1939; x_wconf 89' lang='lat' dir='ltr'><strong><em>ut</em></strong></span> <span class='ocrx_word' id='word_1_254' title='bbox 440 1886 634 1941; x_wconf 70' lang='lat' dir='ltr'><strong><em>multisumum</em></strong></span> <span class='ocrx_word' id='word_1_255' title='bbox 652 1902 712 1940; x_wconf 85' lang='lat' dir='ltr'><strong><em>esse</em></strong></span> <span class='ocrx_word' id='word_1_256' title='bbox 731 1888 902 1954; x_wconf 73' lang='lat' dir='ltr'><strong><em>emerserit,</em></strong></span> <span class='ocrx_word' id='word_1_257' title='bbox 929 1902 1045 1957; x_wconf 89' lang='lat' dir='ltr'><strong><em>quornm</em></strong></span> <span class='ocrx_word' id='word_1_258' title='bbox 1073 1884 1184 1940; x_wconf 78' lang='lat' dir='ltr'><strong><em>claritas</em></strong></span> <span class='ocrx_word' id='word_1_259' title='bbox 1211 1884 1320 1940; x_wconf 90' lang='lat' dir='ltr'><strong><em>clausos</em></strong></span> <span class='ocrx_word' id='word_1_260' title='bbox 1343 1883 1505 1940; x_wconf 83' lang='lat' dir='ltr'><strong><em>Bellermini</em></strong></span> <span class='ocrx_word' id='word_1_261' title='bbox 1529 1885 1623 1941; x_wconf 86' lang='lat' dir='ltr'><strong><em>oculos</em></strong></span> <span class='ocrx_word' id='word_1_262' title='bbox 1646 1887 1687 1942; x_wconf 91' lang='lat' dir='ltr'><strong><em>sic</em></strong></span> <span class='ocrx_word' id='word_1_263' title='bbox 1704 1903 1766 1957; x_wconf 88' lang='lat' dir='ltr'><strong><em>par·</em></strong></span> 
     </span>
     <span class='ocr_line' id='line_1_20' title="bbox 59 1969 1766 2041; baseline 0.001 -15"><span class='ocrx_word' id='word_1_264' title='bbox 59 1972 114 2040; x_wconf 79' lang='lat' dir='ltr'><strong><em>qui</em></strong></span> <span class='ocrx_word' id='word_1_265' title='bbox 138 1971 200 2026; x_wconf 73' lang='lat' dir='ltr'><strong><em>illis</em></strong></span> <span class='ocrx_word' id='word_1_266' title='bbox 225 1973 309 2038; x_wconf 65' lang='lat' dir='ltr'><strong><em>idern</em></strong></span> <span class='ocrx_word' id='word_1_267' title='bbox 336 1971 496 2025; x_wconf 77' lang='lat' dir='ltr'><strong><em>badsmdam</em></strong></span> <span class='ocrx_word' id='word_1_268' title='bbox 521 1979 608 2041; x_wconf 71' lang='lat' dir='ltr'><strong><em>neget.</em></strong></span> <span class='ocrx_word' id='word_1_269' title='bbox 644 1971 817 2027; x_wconf 85' lang='lat' dir='ltr'><strong><em>Notissimas</em></strong></span> <span class='ocrx_word' id='word_1_270' title='bbox 843 1989 903 2026; x_wconf 82' lang='lat' dir='ltr'><strong><em>esse</em></strong></span> <span class='ocrx_word' id='word_1_271' title='bbox 928 1969 1055 2040; x_wconf 86' lang='lat' dir='ltr'><strong><em>strinxit,</em></strong></span> <span class='ocrx_word' id='word_1_272' title='bbox 1084 1978 1116 2025; x_wconf 90' lang='lat' dir='ltr'><strong><em>ut</em></strong></span> <span class='ocrx_word' id='word_1_273' title='bbox 1141 1969 1195 2025; x_wconf 93' lang='lat' dir='ltr'><strong><em>boc</em></strong></span> <span class='ocrx_word' id='word_1_274' title='bbox 1214 1969 1275 2026; x_wconf 90' lang='lat' dir='ltr'><strong><em>laco</em></strong></span> <span class='ocrx_word' id='word_1_275' title='bbox 1295 1970 1443 2026; x_wconf 76' lang='lat' dir='ltr'><strong><em>scriberet:</em></strong></span> <span class='ocrx_word' id='word_1_276' title='bbox 1473 1970 1573 2026; x_wconf 79' lang='lat' dir='ltr'><strong><em>Scotm</em></strong></span> <span class='ocrx_word' id='word_1_277' title='bbox 1596 1970 1682 2040; x_wconf 86' lang='lat' dir='ltr'><strong><em>dicit,</em></strong></span> <span class='ocrx_word' id='word_1_278' title='bbox 1709 1989 1766 2028; x_wconf 80' lang='lat' dir='ltr'><strong><em>uum</em></strong></span> 
     </span>
     <span class='ocr_line' id='line_1_21' title="bbox 58 2056 1766 2129; baseline -0.001 -16"><span class='ocrx_word' id='word_1_279' title='bbox 58 2058 141 2113; x_wconf 83' lang='lat' dir='ltr'><strong><em>testis</em></strong></span> <span class='ocrx_word' id='word_1_280' title='bbox 159 2065 201 2112; x_wconf 78' lang='lat' dir='ltr'><strong><em>set</em></strong></span> <span class='ocrx_word' id='word_1_281' title='bbox 217 2058 292 2112; x_wconf 87' lang='lat' dir='ltr'><strong><em>orbis</em></strong></span> <span class='ocrx_word' id='word_1_282' title='bbox 307 2056 487 2113; x_wconf 75' lang='lat' dir='ltr'><strong><em>Christianus</em></strong></span> <span class='ocrx_word' id='word_1_283' title='bbox 505 2065 532 2112; x_wconf 88' lang='lat' dir='ltr'><strong><em>et</em></strong></span> <span class='ocrx_word' id='word_1_284' title='bbox 548 2056 692 2113; x_wconf 71' lang='lat' dir='ltr'><strong><em>comensia</em></strong></span> <span class='ocrx_word' id='word_1_285' title='bbox 704 2058 826 2112; x_wconf 82' lang='lat' dir='ltr'><strong><em>omnium</em></strong></span> <span class='ocrx_word' id='word_1_286' title='bbox 837 2075 902 2126; x_wconf 74' lang='lat' dir='ltr'><strong><em>geu·</em></strong></span> <span class='ocrx_word' id='word_1_287' title='bbox 930 2065 1039 2111; x_wconf 65' lang='lat' dir='ltr'><strong><em>tutare</em></strong></span> <span class='ocrx_word' id='word_1_288' title='bbox 1057 2057 1147 2111; x_wconf 88' lang='lat' dir='ltr'><strong><em>ullum</em></strong></span> <span class='ocrx_word' id='word_1_289' title='bbox 1165 2057 1257 2112; x_wconf 87' lang='lat' dir='ltr'><strong><em>lacum</em></strong></span> <span class='ocrx_word' id='word_1_290' title='bbox 1277 2057 1445 2127; x_wconf 73' lang='lat' dir='ltr'><strong><em>scripturae</em></strong></span> <span class='ocrx_word' id='word_1_291' title='bbox 1465 2065 1521 2111; x_wconf 85' lang='lat' dir='ltr'><strong><em>tam</em></strong></span> <span class='ocrx_word' id='word_1_292' title='bbox 1540 2074 1712 2129; x_wconf 75' lang='lat' dir='ltr'><strong><em>eaprmrnm,</em></strong></span> <span class='ocrx_word' id='word_1_293' title='bbox 1735 2066 1766 2112; x_wconf 85' lang='lat' dir='ltr'><strong><em>ut</em></strong></span> 
     </span>
     <span class='ocr_line' id='line_1_22' title="bbox 61 2130 1766 2213; baseline 0 -14"><span class='ocrx_word' id='word_1_294' title='bbox 61 2145 142 2200; x_wconf 58' lang='lat' dir='ltr'><strong><em>abac.</em></strong></span> <span class='ocrx_word' id='word_1_295' title='bbox 179 2144 359 2200; x_wconf 63' lang='lat' dir='ltr'><strong><em>emisenae</em></strong></span> <span class='ocrx_word' id='word_1_296' title='bbox 379 2161 451 2211; x_wconf 82' lang='lat' dir='ltr'><strong><em>ecee,</em></strong></span> <span class='ocrx_word' id='word_1_297' title='bbox 480 2145 556 2199; x_wconf 77' lang='lat' dir='ltr'><strong><em>tectis</em></strong></span> <span class='ocrx_word' id='word_1_298' title='bbox 576 2152 616 2199; x_wconf 85' lang='lat' dir='ltr'><strong><em>eat</em></strong></span> <span class='ocrx_word' id='word_1_299' title='bbox 633 2144 737 2198; x_wconf 74' lang='lat' dir='ltr'><strong><em>verimi</em></strong></span> <span class='ocrx_word' id='word_1_300' title='bbox 755 2143 902 2199; x_wconf 81' lang='lat' dir='ltr'><strong><em>uaticinio·</em></strong></span> <span class='ocrx_word' id='word_1_301' title='bbox 928 2144 989 2200; x_wconf 81' lang='lat' dir='ltr'><strong><em>tine</em></strong></span> <span class='ocrx_word' id='word_1_302' title='bbox 1014 2143 1149 2199; x_wconf 74' lang='lat' dir='ltr'><strong><em>eccleciae</em></strong></span> <span class='ocrx_word' id='word_1_303' title='bbox 1168 2144 1361 2198; x_wconf 70' lang='lat' dir='ltr'><strong><em>declaratione</em></strong></span> <span class='ocrx_word' id='word_1_304' title='bbox 1379 2151 1460 2213; x_wconf 74' lang='lat' dir='ltr'><strong><em>cogat</em></strong></span> <span class='ocrx_word' id='word_1_305' title='bbox 1477 2130 1766 2199; x_wconf 77' lang='lat' dir='ltr'><strong><em>trumsubstdatiatio·</em></strong></span> 
     </span>
     <span class='ocr_line' id='line_1_23' title="bbox 59 2222 1766 2302; baseline 0 -17"><span class='ocrx_word' id='word_1_306' title='bbox 59 2249 141 2299; x_wconf 70' lang='lat' dir='ltr'><strong><em>nm,</em></strong></span> <span class='ocrx_word' id='word_1_307' title='bbox 163 2229 243 2284; x_wconf 75' lang='lat' dir='ltr'><strong><em>testie</em></strong></span> <span class='ocrx_word' id='word_1_308' title='bbox 269 2235 310 2284; x_wconf 79' lang='lat' dir='ltr'><strong><em>set</em></strong></span> <span class='ocrx_word' id='word_1_309' title='bbox 333 2229 509 2284; x_wconf 72' lang='lat' dir='ltr'><strong><em>incredibilis</em></strong></span> <span class='ocrx_word' id='word_1_310' title='bbox 528 2236 555 2283; x_wconf 91' lang='lat' dir='ltr'><strong><em>ct</em></strong></span> <span class='ocrx_word' id='word_1_311' title='bbox 568 2229 659 2299; x_wconf 81' lang='lat' dir='ltr'><strong><em>plane</em></strong></span> <span class='ocrx_word' id='word_1_312' title='bbox 676 2229 776 2283; x_wconf 56' lang='lat' dir='ltr'><strong><em>Scina</em></strong></span> <span class='ocrx_word' id='word_1_313' title='bbox 793 2229 902 2299; x_wconf 82' lang='lat' dir='ltr'><strong><em>compi·</em></strong></span> <span class='ocrx_word' id='word_1_314' title='bbox 928 2248 990 2285; x_wconf 84' lang='lat' dir='ltr'><strong><em>uem</em></strong></span> <span class='ocrx_word' id='word_1_315' title='bbox 1014 2232 1174 2297; x_wconf 72' lang='lat' dir='ltr'><strong><em>admittere,</em></strong></span> <span class='ocrx_word' id='word_1_316' title='bbox 1199 2240 1283 2302; x_wconf 76' lang='lat' dir='ltr'><strong><em>atqsse</em></strong></span> <span class='ocrx_word' id='word_1_317' title='bbox 1307 2232 1418 2286; x_wconf 73' lang='lat' dir='ltr'><strong><em>idriam</em></strong></span> <span class='ocrx_word' id='word_1_318' title='bbox 1437 2239 1477 2284; x_wconf 86' lang='lat' dir='ltr'><strong><em>est</em></strong></span> <span class='ocrx_word' id='word_1_319' title='bbox 1496 2222 1607 2286; x_wconf 82' lang='lat' dir='ltr'><strong><em>ommino</em></strong></span> <span class='ocrx_word' id='word_1_320' title='bbox 1627 2231 1766 2301; x_wconf 83' lang='lat' dir='ltr'><strong><em>improba·</em></strong></span> 
     </span>
     <span class='ocr_line' id='line_1_24' title="bbox 60 2313 1766 2389; baseline 0.001 -19"><span class='ocrx_word' id='word_1_321' title='bbox 60 2316 139 2373; x_wconf 81' lang='lat' dir='ltr'><strong><em>rcts&#39;a</em></strong></span> <span class='ocrx_word' id='word_1_322' title='bbox 161 2332 197 2369; x_wconf 87' lang='lat' dir='ltr'><strong><em>ce</em></strong></span> <span class='ocrx_word' id='word_1_323' title='bbox 216 2317 429 2379; x_wconf 70' lang='lat' dir='ltr'><strong><em>concordiatot</em></strong></span> <span class='ocrx_word' id='word_1_324' title='bbox 445 2313 585 2384; x_wconf 80' lang='lat' dir='ltr'><strong><em>uirorum,</em></strong></span> <span class='ocrx_word' id='word_1_325' title='bbox 612 2314 663 2386; x_wconf 82' lang='lat' dir='ltr'><strong><em>qui</em></strong></span> <span class='ocrx_word' id='word_1_326' title='bbox 686 2315 806 2370; x_wconf 83' lang='lat' dir='ltr'><strong><em>diuersis</em></strong></span> <span class='ocrx_word' id='word_1_327' title='bbox 823 2315 901 2382; x_wconf 82' lang='lat' dir='ltr'><strong><em>locis,</em></strong></span> <span class='ocrx_word' id='word_1_328' title='bbox 929 2317 992 2372; x_wconf 83' lang='lat' dir='ltr'><strong><em>bile.</em></strong></span> <span class='ocrx_word' id='word_1_329' title='bbox 1028 2318 1104 2372; x_wconf 87' lang='lat' dir='ltr'><strong><em>Num</em></strong></span> <span class='ocrx_word' id='word_1_330' title='bbox 1122 2319 1233 2372; x_wconf 85' lang='lat' dir='ltr'><strong><em>etiamsi</em></strong></span> <span class='ocrx_word' id='word_1_331' title='bbox 1252 2318 1416 2389; x_wconf 79' lang='lat' dir='ltr'><strong><em>Scriptura,</em></strong></span> <span class='ocrx_word' id='word_1_332' title='bbox 1442 2335 1526 2388; x_wconf 60' lang='lat' dir='ltr'><strong><em>wem</em></strong></span> <span class='ocrx_word' id='word_1_333' title='bbox 1543 2335 1600 2387; x_wconf 83' lang='lat' dir='ltr'><strong><em>pra</em></strong></span> <span class='ocrx_word' id='word_1_334' title='bbox 1622 2318 1766 2372; x_wconf 78' lang='lat' dir='ltr'><strong><em>transsub-</em></strong></span> 
     </span>
     <span class='ocr_line' id='line_1_25' title="bbox 60 2395 1765 2474; baseline 0.001 -17"><span class='ocrx_word' id='word_1_335' title='bbox 60 2402 248 2472; x_wconf 63' lang='lat' dir='ltr'><strong><em>umoribus,</em></strong></span> <span class='ocrx_word' id='word_1_336' title='bbox 276 2401 397 2470; x_wconf 74' lang='lat' dir='ltr'><strong><em>linguis,</em></strong></span> <span class='ocrx_word' id='word_1_337' title='bbox 424 2401 617 2456; x_wconf 69' lang='lat' dir='ltr'><strong><em>cucumeribus</em></strong></span> <span class='ocrx_word' id='word_1_338' title='bbox 646 2418 732 2456; x_wconf 86' lang='lat' dir='ltr'><strong><em>sacra</em></strong></span> <span class='ocrx_word' id='word_1_339' title='bbox 758 2401 903 2456; x_wconf 82' lang='lat' dir='ltr'><strong><em>columina</em></strong></span> <span class='ocrx_word' id='word_1_340' title='bbox 928 2403 1108 2459; x_wconf 83' lang='lat' dir='ltr'><strong><em>stantiutione</em></strong></span> <span class='ocrx_word' id='word_1_341' title='bbox 1131 2404 1315 2469; x_wconf 82' lang='lat' dir='ltr'><strong><em>adducimus,</em></strong></span> <span class='ocrx_word' id='word_1_342' title='bbox 1340 2395 1474 2456; x_wconf 73' lang='lat' dir='ltr'><strong><em>uideatur</em></strong></span> <span class='ocrx_word' id='word_1_343' title='bbox 1495 2402 1576 2456; x_wconf 79' lang='lat' dir='ltr'><strong><em>mobis</em></strong></span> <span class='ocrx_word' id='word_1_344' title='bbox 1598 2410 1657 2456; x_wconf 91' lang='lat' dir='ltr'><strong><em>tam</em></strong></span> <span class='ocrx_word' id='word_1_345' title='bbox 1675 2402 1765 2474; x_wconf 81' lang='lat' dir='ltr'><strong><em>clara,</em></strong></span> 
     </span>
     <span class='ocr_line' id='line_1_26' title="bbox 60 2486 1766 2559; baseline 0.001 -17"><span class='ocrx_word' id='word_1_346' title='bbox 60 2488 306 2559; x_wconf 66' lang='lat' dir='ltr'><strong><em>asumpseruet5</em></strong></span> <span class='ocrx_word' id='word_1_347' title='bbox 324 2486 403 2542; x_wconf 81' lang='lat' dir='ltr'><strong><em>testic</em></strong></span> <span class='ocrx_word' id='word_1_348' title='bbox 422 2494 463 2541; x_wconf 83' lang='lat' dir='ltr'><strong><em>est</em></strong></span> <span class='ocrx_word' id='word_1_349' title='bbox 482 2488 562 2543; x_wconf 88' lang='lat' dir='ltr'><strong><em>Deus</em></strong></span> <span class='ocrx_word' id='word_1_350' title='bbox 581 2487 656 2556; x_wconf 72' lang='lat' dir='ltr'><strong><em>ipse,</em></strong></span> <span class='ocrx_word' id='word_1_351' title='bbox 676 2487 726 2556; x_wconf 81' lang='lat' dir='ltr'><strong><em>qui</em></strong></span> <span class='ocrx_word' id='word_1_352' title='bbox 743 2486 901 2557; x_wconf 83' lang='lat' dir='ltr'><strong><em>aliquando</em></strong></span> <span class='ocrx_word' id='word_1_353' title='bbox 928 2497 959 2543; x_wconf 92' lang='lat' dir='ltr'><strong><em>ut</em></strong></span> <span class='ocrx_word' id='word_1_354' title='bbox 971 2491 1064 2559; x_wconf 84' lang='lat' dir='ltr'><strong><em>possit</em></strong></span> <span class='ocrx_word' id='word_1_355' title='bbox 1082 2506 1180 2558; x_wconf 72' lang='lat' dir='ltr'><strong><em>capere</em></strong></span> <span class='ocrx_word' id='word_1_356' title='bbox 1197 2489 1335 2543; x_wconf 80' lang='lat' dir='ltr'><strong><em>bominem</em></strong></span> <span class='ocrx_word' id='word_1_357' title='bbox 1352 2506 1409 2542; x_wconf 82' lang='lat' dir='ltr'><strong><em>aaa</em></strong></span> <span class='ocrx_word' id='word_1_358' title='bbox 1427 2494 1597 2559; x_wconf 79' lang='lat' dir='ltr'><strong><em>protervum,</em></strong></span> <span class='ocrx_word' id='word_1_359' title='bbox 1617 2497 1709 2543; x_wconf 86' lang='lat' dir='ltr'><strong><em>tamea</em></strong></span> <span class='ocrx_word' id='word_1_360' title='bbox 1727 2508 1766 2544; x_wconf 81' lang='lat' dir='ltr'><strong><em>asi</em></strong></span> 
     </span>
     <span class='ocr_line' id='line_1_27' title="bbox 61 2571 1767 2646; baseline 0 -16"><span class='ocrx_word' id='word_1_361' title='bbox 61 2574 180 2631; x_wconf 70' lang='lat' dir='ltr'><strong><em>aeteus·</em></strong></span> <span class='ocrx_word' id='word_1_362' title='bbox 204 2572 449 2628; x_wconf 76' lang='lat' dir='ltr'><strong><em>animaduersione</em></strong></span> <span class='ocrx_word' id='word_1_363' title='bbox 474 2571 653 2643; x_wconf 78' lang='lat' dir='ltr'><strong><em>Scripturam</em></strong></span> <span class='ocrx_word' id='word_1_364' title='bbox 678 2571 750 2627; x_wconf 78' lang='lat' dir='ltr'><strong><em>banc</em></strong></span> <span class='ocrx_word' id='word_1_365' title='bbox 767 2590 847 2626; x_wconf 87' lang='lat' dir='ltr'><strong><em>sunm</em></strong></span> <span class='ocrx_word' id='word_1_366' title='bbox 866 2573 904 2627; x_wconf 82' lang='lat' dir='ltr'><strong><em>ab</em></strong></span> <span class='ocrx_word' id='word_1_367' title='bbox 928 2576 970 2630; x_wconf 85' lang='lat' dir='ltr'><strong><em>ita</em></strong></span> <span class='ocrx_word' id='word_1_368' title='bbox 989 2577 1033 2645; x_wconf 90' lang='lat' dir='ltr'><strong><em>sit,</em></strong></span> <span class='ocrx_word' id='word_1_369' title='bbox 1054 2576 1153 2632; x_wconf 87' lang='lat' dir='ltr'><strong><em>merita</em></strong></span> <span class='ocrx_word' id='word_1_370' title='bbox 1172 2576 1302 2630; x_wconf 79' lang='lat' dir='ltr'><strong><em>dubitari</em></strong></span> <span class='ocrx_word' id='word_1_371' title='bbox 1313 2583 1407 2646; x_wconf 83' lang='lat' dir='ltr'><strong><em>potest</em></strong></span> <span class='ocrx_word' id='word_1_372' title='bbox 1413 2615 1421 2643; x_wconf 96' lang='lat'><strong><em>,</em></strong></span> <span class='ocrx_word' id='word_1_373' title='bbox 1439 2592 1501 2629; x_wconf 91' lang='lat' dir='ltr'><strong><em>cum</em></strong></span> <span class='ocrx_word' id='word_1_374' title='bbox 1520 2575 1645 2629; x_wconf 74' lang='lat' dir='ltr'><strong><em>domines</em></strong></span> <span class='ocrx_word' id='word_1_375' title='bbox 1665 2574 1767 2630; x_wconf 86' lang='lat' dir='ltr'><strong><em>doctis·</em></strong></span> 
     </span>
     <span class='ocr_line' id='line_1_28' title="bbox 62 2656 1767 2733; baseline 0.001 -17"><span class='ocrx_word' id='word_1_376' title='bbox 62 2661 189 2717; x_wconf 71' lang='lat' dir='ltr'><strong><em>amasa</em></strong></span> <span class='ocrx_word' id='word_1_377' title='bbox 201 2658 410 2730; x_wconf 70' lang='lat' dir='ltr'><strong><em>profanaticae</em></strong></span> <span class='ocrx_word' id='word_1_378' title='bbox 428 2658 576 2727; x_wconf 43' lang='lat' dir='ltr'><strong><em>defend&amp;</em></strong></span> <span class='ocrx_word' id='word_1_379' title='bbox 596 2658 675 2712; x_wconf 83' lang='lat' dir='ltr'><strong><em>testis</em></strong></span> <span class='ocrx_word' id='word_1_380' title='bbox 693 2665 732 2712; x_wconf 86' lang='lat' dir='ltr'><strong><em>cst</em></strong></span> <span class='ocrx_word' id='word_1_381' title='bbox 744 2658 809 2728; x_wconf 82' lang='lat' dir='ltr'><strong><em>ipsa</em></strong></span> <span class='ocrx_word' id='word_1_382' title='bbox 824 2656 901 2713; x_wconf 87' lang='lat' dir='ltr'><strong><em>Scri·</em></strong></span> <span class='ocrx_word' id='word_1_383' title='bbox 928 2662 995 2715; x_wconf 91' lang='lat' dir='ltr'><strong><em>simi</em></strong></span> <span class='ocrx_word' id='word_1_384' title='bbox 1012 2670 1039 2715; x_wconf 89' lang='lat' dir='ltr'><strong><em>et</em></strong></span> <span class='ocrx_word' id='word_1_385' title='bbox 1055 2663 1220 2728; x_wconf 80' lang='lat' dir='ltr'><strong><em>acutissimi,</em></strong></span> <span class='ocrx_word' id='word_1_386' title='bbox 1238 2663 1333 2733; x_wconf 81' lang='lat' dir='ltr'><strong><em>qualis</em></strong></span> <span class='ocrx_word' id='word_1_387' title='bbox 1350 2661 1480 2733; x_wconf 81' lang='lat' dir='ltr'><strong><em>imprimis</em></strong></span> <span class='ocrx_word' id='word_1_388' title='bbox 1500 2662 1600 2717; x_wconf 85' lang='lat' dir='ltr'><strong><em>Scotus</em></strong></span> <span class='ocrx_word' id='word_1_389' title='bbox 1616 2663 1684 2729; x_wconf 84' lang='lat' dir='ltr'><strong><em>fuit,</em></strong></span> <span class='ocrx_word' id='word_1_390' title='bbox 1703 2681 1767 2717; x_wconf 82' lang='lat' dir='ltr'><strong><em>cna·</em></strong></span> 
     </span>
     <span class='ocr_line' id='line_1_29' title="bbox 57 2743 1766 2820; baseline 0.002 -20"><span class='ocrx_word' id='word_1_391' title='bbox 57 2755 160 2818; x_wconf 66' lang='lat' dir='ltr'><strong><em>patrm</em></strong></span> <span class='ocrx_word' id='word_1_392' title='bbox 189 2745 274 2816; x_wconf 79' lang='lat' dir='ltr'><strong><em>cujus</em></strong></span> <span class='ocrx_word' id='word_1_393' title='bbox 298 2745 326 2799; x_wconf 87' lang='lat' dir='ltr'><strong><em>si</em></strong></span> <span class='ocrx_word' id='word_1_394' title='bbox 346 2761 430 2799; x_wconf 84' lang='lat' dir='ltr'><strong><em>ueras</em></strong></span> <span class='ocrx_word' id='word_1_395' title='bbox 445 2744 564 2809; x_wconf 78' lang='lat' dir='ltr'><strong><em>fuerunt</em></strong></span> <span class='ocrx_word' id='word_1_396' title='bbox 581 2743 792 2814; x_wconf 80' lang='lat' dir='ltr'><strong><em>praedictiones</em></strong></span> <span class='ocrx_word' id='word_1_397' title='bbox 808 2762 903 2798; x_wconf 88' lang='lat' dir='ltr'><strong><em>rerum</em></strong></span> <span class='ocrx_word' id='word_1_398' title='bbox 929 2746 1049 2801; x_wconf 87' lang='lat' dir='ltr'><strong><em>trarium</em></strong></span> <span class='ocrx_word' id='word_1_399' title='bbox 1068 2750 1196 2802; x_wconf 78' lang='lat' dir='ltr'><strong><em>sentiant.</em></strong></span> <span class='ocrx_word' id='word_1_400' title='bbox 1233 2746 1271 2803; x_wconf 90' lang='lat' dir='ltr'><strong><em>Et</em></strong></span> <span class='ocrx_word' id='word_1_401' title='bbox 1289 2749 1469 2820; x_wconf 88' lang='lat' dir='ltr'><strong><em>paulopost:</em></strong></span> <span class='ocrx_word' id='word_1_402' title='bbox 1489 2751 1605 2819; x_wconf 75' lang='lat' dir='ltr'><strong><em>Dopma</em></strong></span> <span class='ocrx_word' id='word_1_403' title='bbox 1625 2750 1766 2804; x_wconf 64' lang='lat' dir='ltr'><strong><em>transsui</em></strong></span> 
     </span>
     <span class='ocr_line' id='line_1_30' title="bbox 61 2832 1767 2905; baseline 0.002 -20"><span class='ocrx_word' id='word_1_404' title='bbox 61 2836 237 2901; x_wconf 64' lang='lat' dir='ltr'><strong><em>mmm,</em></strong></span> <span class='ocrx_word' id='word_1_405' title='bbox 256 2839 286 2886; x_wconf 91' lang='lat' dir='ltr'><strong><em>ut</em></strong></span> <span class='ocrx_word' id='word_1_406' title='bbox 305 2838 414 2886; x_wconf 83' lang='lat' dir='ltr'><strong><em>euentus</em></strong></span> <span class='ocrx_word' id='word_1_407' title='bbox 427 2839 531 2899; x_wconf 84' lang='lat' dir='ltr'><strong><em>posteo</em></strong></span> <span class='ocrx_word' id='word_1_408' title='bbox 550 2832 749 2900; x_wconf 83' lang='lat' dir='ltr'><strong><em>comprobarit,</em></strong></span> <span class='ocrx_word' id='word_1_409' title='bbox 766 2848 817 2885; x_wconf 89' lang='lat' dir='ltr'><strong><em>cur</em></strong></span> <span class='ocrx_word' id='word_1_410' title='bbox 835 2848 902 2886; x_wconf 85' lang='lat' dir='ltr'><strong><em>cera</em></strong></span> <span class='ocrx_word' id='word_1_411' title='bbox 928 2834 1123 2889; x_wconf 81' lang='lat' dir='ltr'><strong><em>stantiats&#39;oais</em></strong></span> <span class='ocrx_word' id='word_1_412' title='bbox 1150 2836 1192 2888; x_wconf 82' lang='lat' dir='ltr'><strong><em>ad</em></strong></span> <span class='ocrx_word' id='word_1_413' title='bbox 1218 2835 1304 2900; x_wconf 78' lang='lat' dir='ltr'><strong><em>fidem</em></strong></span> <span class='ocrx_word' id='word_1_414' title='bbox 1333 2834 1508 2891; x_wconf 72' lang='lat' dir='ltr'><strong><em>catholicam</em></strong></span> <span class='ocrx_word' id='word_1_415' title='bbox 1532 2834 1670 2905; x_wconf 79' lang='lat' dir='ltr'><strong><em>pertinet,</em></strong></span> <span class='ocrx_word' id='word_1_416' title='bbox 1699 2837 1767 2905; x_wconf 80' lang='lat' dir='ltr'><strong><em>quia</em></strong></span> 
     </span>
     <span class='ocr_line' id='line_1_31' title="bbox 63 2917 1766 2992; baseline 0 -16"><span class='ocrx_word' id='word_1_417' title='bbox 63 2938 121 2976; x_wconf 72' lang='lat' dir='ltr'><strong><em>noa</em></strong></span> <span class='ocrx_word' id='word_1_418' title='bbox 142 2920 202 2975; x_wconf 77' lang='lat' dir='ltr'><strong><em>siret</em></strong></span> <span class='ocrx_word' id='word_1_419' title='bbox 223 2935 318 2975; x_wconf 83' lang='lat' dir='ltr'><strong><em>rerum</em></strong></span> <span class='ocrx_word' id='word_1_420' title='bbox 337 2917 529 2987; x_wconf 82' lang='lat' dir='ltr'><strong><em>praesentium</em></strong></span> <span class='ocrx_word' id='word_1_421' title='bbox 552 2918 732 2972; x_wconf 79' lang='lat' dir='ltr'><strong><em>testimoniet</em></strong></span> <span class='ocrx_word' id='word_1_422' title='bbox 759 2923 902 2987; x_wconf 83' lang='lat' dir='ltr'><strong><em>postremo</em></strong></span> <span class='ocrx_word' id='word_1_423' title='bbox 928 2920 1073 2989; x_wconf 72' lang='lat' dir='ltr'><strong><em>colligitur</em></strong></span> <span class='ocrx_word' id='word_1_424' title='bbox 1090 2938 1123 2974; x_wconf 85' lang='lat' dir='ltr'><strong><em>ec</em></strong></span> <span class='ocrx_word' id='word_1_425' title='bbox 1143 2918 1296 2990; x_wconf 72' lang='lat' dir='ltr'><strong><em>Scriptura</em></strong></span> <span class='ocrx_word' id='word_1_426' title='bbox 1315 2919 1415 2975; x_wconf 82' lang='lat' dir='ltr'><strong><em>diuina</em></strong></span> <span class='ocrx_word' id='word_1_427' title='bbox 1433 2923 1585 2975; x_wconf 76' lang='lat' dir='ltr'><strong><em>recimdum</em></strong></span> <span class='ocrx_word' id='word_1_428' title='bbox 1603 2922 1766 2992; x_wconf 75' lang='lat' dir='ltr'><strong><em>replicatio-</em></strong></span> 
     </span>
     <span class='ocr_line' id='line_1_32' title="bbox 64 3003 1784 3081; baseline 0 -18"><span class='ocrx_word' id='word_1_429' title='bbox 64 3007 143 3062; x_wconf 63' lang='lat' dir='ltr'><strong><em>kuic</em></strong></span> <span class='ocrx_word' id='word_1_430' title='bbox 166 3013 208 3063; x_wconf 83' lang='lat' dir='ltr'><strong><em>est</em></strong></span> <span class='ocrx_word' id='word_1_431' title='bbox 229 3003 357 3072; x_wconf 58' lang='lat' dir='ltr'><strong><em>intimius</em></strong></span> <span class='ocrx_word' id='word_1_432' title='bbox 378 3019 469 3074; x_wconf 82' lang='lat' dir='ltr'><strong><em>prope</em></strong></span> <span class='ocrx_word' id='word_1_433' title='bbox 492 3020 624 3058; x_wconf 81' lang='lat' dir='ltr'><strong><em>uumerus</em></strong></span> <span class='ocrx_word' id='word_1_434' title='bbox 642 3004 801 3059; x_wconf 80' lang='lat' dir='ltr'><strong><em>diuinorum</em></strong></span> <span class='ocrx_word' id='word_1_435' title='bbox 817 3005 903 3059; x_wconf 89' lang='lat' dir='ltr'><strong><em>mira·</em></strong></span> <span class='ocrx_word' id='word_1_436' title='bbox 928 3024 989 3061; x_wconf 83' lang='lat' dir='ltr'><strong><em>uem</em></strong></span> <span class='ocrx_word' id='word_1_437' title='bbox 1021 3024 1190 3062; x_wconf 82' lang='lat' dir='ltr'><strong><em>communem</em></strong></span> <span class='ocrx_word' id='word_1_438' title='bbox 1223 3015 1342 3077; x_wconf 85' lang='lat' dir='ltr'><strong><em>patrum</em></strong></span> <span class='ocrx_word' id='word_1_439' title='bbox 1371 3015 1398 3061; x_wconf 85' lang='lat' dir='ltr'><strong><em>et</em></strong></span> <span class='ocrx_word' id='word_1_440' title='bbox 1427 3007 1514 3077; x_wconf 75' lang='lat' dir='ltr'><strong><em>jussa</em></strong></span> <span class='ocrx_word' id='word_1_441' title='bbox 1546 3007 1784 3081; x_wconf 45' lang='lat' dir='ltr'><strong><em>declarationem„</em></strong></span> 
     </span>
     <span class='ocr_line' id='line_1_33' title="bbox 65 3084 1844 3163; baseline 0.004 -20"><span class='ocrx_word' id='word_1_442' title='bbox 65 3094 208 3162; x_wconf 58' lang='lat' dir='ltr'><strong><em>murum,</em></strong></span> <span class='ocrx_word' id='word_1_443' title='bbox 238 3107 311 3163; x_wconf 75' lang='lat' dir='ltr'><strong><em>quus</em></strong></span> <span class='ocrx_word' id='word_1_444' title='bbox 335 3090 460 3145; x_wconf 69' lang='lat' dir='ltr'><strong><em>amnibus</em></strong></span> <span class='ocrx_word' id='word_1_445' title='bbox 481 3091 585 3145; x_wconf 75' lang='lat' dir='ltr'><strong><em>conclis</em></strong></span> <span class='ocrx_word' id='word_1_446' title='bbox 603 3091 693 3160; x_wconf 86' lang='lat' dir='ltr'><strong><em>sacta</em></strong></span> <span class='ocrx_word' id='word_1_447' title='bbox 715 3100 781 3146; x_wconf 80' lang='lat' dir='ltr'><strong><em>suut</em></strong></span> <span class='ocrx_word' id='word_1_448' title='bbox 805 3094 846 3147; x_wconf 82' lang='lat' dir='ltr'><strong><em>ad</em></strong></span> <span class='ocrx_word' id='word_1_449' title='bbox 869 3108 904 3146; x_wconf 85' lang='lat' dir='ltr'><strong><em>su</em></strong></span> <span class='ocrx_word' id='word_1_450' title='bbox 929 3093 1064 3148; x_wconf 79' lang='lat' dir='ltr'><strong><em>eccleciae</em></strong></span> <span class='ocrx_word' id='word_1_451' title='bbox 1089 3094 1120 3146; x_wconf 83' lang='lat' dir='ltr'><strong><em>in</em></strong></span> <span class='ocrx_word' id='word_1_452' title='bbox 1145 3093 1275 3148; x_wconf 80' lang='lat' dir='ltr'><strong><em>conciliis</em></strong></span> <span class='ocrx_word' id='word_1_453' title='bbox 1299 3094 1478 3163; x_wconf 73' lang='lat' dir='ltr'><strong><em>generalibus</em></strong></span> <span class='ocrx_word' id='word_1_454' title='bbox 1504 3097 1713 3160; x_wconf 81' lang='lat' dir='ltr'><strong><em>(Laterarsenei</em></strong></span> <span class='ocrx_word' id='word_1_455' title='bbox 1740 3090 1784 3151; x_wconf 63' lang='grc' dir='ltr'><strong><em>«Γ</em></strong></span> <span class='ocrx_word' id='word_1_456' title='bbox 1840 3084 1844 3095; x_wconf 70' lang='grc'><strong><em>’</em></strong></span> 
     </span>
     <span class='ocr_line' id='line_1_34' title="bbox 65 3177 1767 3250; baseline 0.002 -16"><span class='ocrx_word' id='word_1_457' title='bbox 65 3182 202 3248; x_wconf 54' lang='lat' dir='ltr'><strong><em>&amp;parata</em></strong></span> <span class='ocrx_word' id='word_1_458' title='bbox 217 3177 437 3249; x_wconf 81' lang='lat' dir='ltr'><strong><em>comprobanda,</em></strong></span> <span class='ocrx_word' id='word_1_459' title='bbox 455 3194 527 3247; x_wconf 70' lang='lat' dir='ltr'><strong><em>qum</em></strong></span> <span class='ocrx_word' id='word_1_460' title='bbox 545 3179 575 3232; x_wconf 83' lang='lat' dir='ltr'><strong><em>in</em></strong></span> <span class='ocrx_word' id='word_1_461' title='bbox 593 3178 637 3231; x_wconf 79' lang='lat' dir='ltr'><strong><em>tis</em></strong></span> <span class='ocrx_word' id='word_1_462' title='bbox 656 3178 748 3233; x_wconf 89' lang='lat' dir='ltr'><strong><em>literis</em></strong></span> <span class='ocrx_word' id='word_1_463' title='bbox 765 3179 905 3233; x_wconf 83' lang='lat' dir='ltr'><strong><em>coutinen-</em></strong></span> <span class='ocrx_word' id='word_1_464' title='bbox 932 3179 1128 3247; x_wconf 82' lang='lat' dir='ltr'><strong><em>Tridentino).</em></strong></span> <span class='ocrx_word' id='word_1_465' title='bbox 1169 3178 1258 3249; x_wconf 85' lang='lat' dir='ltr'><strong><em>Atqui</em></strong></span> <span class='ocrx_word' id='word_1_466' title='bbox 1284 3178 1437 3235; x_wconf 84' lang='lat' dir='ltr'><strong><em>sententiae</em></strong></span> <span class='ocrx_word' id='word_1_467' title='bbox 1462 3186 1574 3250; x_wconf 85' lang='lat' dir='ltr'><strong><em>patrum</em></strong></span> <span class='ocrx_word' id='word_1_468' title='bbox 1601 3187 1630 3236; x_wconf 85' lang='lat' dir='ltr'><strong><em>et</em></strong></span> <span class='ocrx_word' id='word_1_469' title='bbox 1655 3181 1767 3237; x_wconf 82' lang='lat' dir='ltr'><strong><em>decreta</em></strong></span> 
     </span>
     <span class='ocr_line' id='line_1_35' title="bbox 66 3263 1766 3336; baseline -0.001 -14"><span class='ocrx_word' id='word_1_470' title='bbox 66 3276 120 3323; x_wconf 86' lang='lat' dir='ltr'><strong><em>tur.</em></strong></span> <span class='ocrx_word' id='word_1_471' title='bbox 156 3265 237 3321; x_wconf 81' lang='lat' dir='ltr'><strong><em>Haec</em></strong></span> <span class='ocrx_word' id='word_1_472' title='bbox 255 3264 441 3321; x_wconf 86' lang='lat' dir='ltr'><strong><em>Bellnrminus</em></strong></span> <span class='ocrx_word' id='word_1_473' title='bbox 458 3265 624 3334; x_wconf 87' lang='lat' dir='ltr'><strong><em>rectissime,</em></strong></span> <span class='ocrx_word' id='word_1_474' title='bbox 651 3265 719 3321; x_wconf 88' lang='lat' dir='ltr'><strong><em>licet</em></strong></span> <span class='ocrx_word' id='word_1_475' title='bbox 735 3264 903 3320; x_wconf 86' lang='lat' dir='ltr'><strong><em>insufficien·</em></strong></span> <span class='ocrx_word' id='word_1_476' title='bbox 928 3263 1108 3320; x_wconf 88' lang='lat' dir='ltr'><strong><em>conciliorum</em></strong></span> <span class='ocrx_word' id='word_1_477' title='bbox 1135 3282 1191 3320; x_wconf 91' lang='lat' dir='ltr'><strong><em>non</em></strong></span> <span class='ocrx_word' id='word_1_478' title='bbox 1223 3270 1289 3320; x_wconf 90' lang='lat' dir='ltr'><strong><em>sunt</em></strong></span> <span class='ocrx_word' id='word_1_479' title='bbox 1313 3282 1410 3321; x_wconf 87' lang='lat' dir='ltr'><strong><em>norma</em></strong></span> <span class='ocrx_word' id='word_1_480' title='bbox 1432 3265 1667 3336; x_wconf 73' lang='lat' dir='ltr'><strong><em>interpretationis</em></strong></span> <span class='ocrx_word' id='word_1_481' title='bbox 1694 3266 1766 3323; x_wconf 91' lang='lat' dir='ltr'><strong><em>Scri·</em></strong></span> 
     </span>
    </p>

    <p class='ocr_par' dir='ltr' id='par_1_4' title="bbox 66 3349 1766 3510">
     <span class='ocr_line' id='line_1_36' title="bbox 66 3349 1766 3424; baseline -0.002 -13"><span class='ocrx_word' id='word_1_482' title='bbox 66 3359 109 3411; x_wconf 88' lang='lat' dir='ltr'><strong><em>ter</em></strong></span> <span class='ocrx_word' id='word_1_483' title='bbox 132 3353 168 3408; x_wconf 92' lang='lat' dir='ltr'><strong><em>de</em></strong></span> <span class='ocrx_word' id='word_1_484' title='bbox 192 3352 359 3409; x_wconf 83' lang='lat' dir='ltr'><strong><em>certitudine</em></strong></span> <span class='ocrx_word' id='word_1_485' title='bbox 378 3356 407 3408; x_wconf 88' lang='lat' dir='ltr'><strong><em>et</em></strong></span> <span class='ocrx_word' id='word_1_486' title='bbox 424 3350 589 3408; x_wconf 69' lang='lat' dir='ltr'><strong><em>uucmnnte</em></strong></span> <span class='ocrx_word' id='word_1_487' title='bbox 610 3350 816 3424; x_wconf 87' lang='lat' dir='ltr'><strong><em>Scripturarum</em></strong></span> <span class='ocrx_word' id='word_1_488' title='bbox 835 3351 903 3405; x_wconf 83' lang='lat' dir='ltr'><strong><em>divi-</em></strong></span> <span class='ocrx_word' id='word_1_489' title='bbox 928 3356 1041 3422; x_wconf 87' lang='lat' dir='ltr'><strong><em>pturee,</em></strong></span> <span class='ocrx_word' id='word_1_490' title='bbox 1074 3351 1123 3406; x_wconf 86' lang='lat' dir='ltr'><strong><em>sed</em></strong></span> <span class='ocrx_word' id='word_1_491' title='bbox 1148 3349 1305 3422; x_wconf 87' lang='lat' dir='ltr'><strong><em>Scriptura,</em></strong></span> <span class='ocrx_word' id='word_1_492' title='bbox 1332 3351 1399 3422; x_wconf 90' lang='lat' dir='ltr'><strong><em>quia</em></strong></span> <span class='ocrx_word' id='word_1_493' title='bbox 1420 3351 1545 3422; x_wconf 86' lang='lat' dir='ltr'><strong><em>perfecta</em></strong></span> <span class='ocrx_word' id='word_1_494' title='bbox 1570 3357 1598 3406; x_wconf 86' lang='lat' dir='ltr'><strong><em>et</em></strong></span> <span class='ocrx_word' id='word_1_495' title='bbox 1616 3353 1766 3423; x_wconf 89' lang='lat' dir='ltr'><strong><em>perspicua</em></strong></span> 
     </span>
     <span class='ocr_line' id='line_1_37' title="bbox 66 3434 1766 3510; baseline -0.001 -15"><span class='ocrx_word' id='word_1_496' title='bbox 66 3456 166 3495; x_wconf 73' lang='lat' dir='ltr'><strong><em>nuum</em></strong></span> <span class='ocrx_word' id='word_1_497' title='bbox 190 3439 332 3510; x_wconf 87' lang='lat' dir='ltr'><strong><em>disputat,</em></strong></span> <span class='ocrx_word' id='word_1_498' title='bbox 359 3454 432 3510; x_wconf 88' lang='lat' dir='ltr'><strong><em>quae</em></strong></span> <span class='ocrx_word' id='word_1_499' title='bbox 450 3443 526 3495; x_wconf 88' lang='lat' dir='ltr'><strong><em>certe</em></strong></span> <span class='ocrx_word' id='word_1_500' title='bbox 541 3453 598 3494; x_wconf 90' lang='lat' dir='ltr'><strong><em>non</em></strong></span> <span class='ocrx_word' id='word_1_501' title='bbox 615 3455 650 3494; x_wconf 85' lang='lat' dir='ltr'><strong><em>ex</em></strong></span> <span class='ocrx_word' id='word_1_502' title='bbox 668 3437 728 3492; x_wconf 87' lang='lat' dir='ltr'><strong><em>sola</em></strong></span> <span class='ocrx_word' id='word_1_503' title='bbox 745 3437 904 3506; x_wconf 87' lang='lat' dir='ltr'><strong><em>traditione,</em></strong></span> <span class='ocrx_word' id='word_1_504' title='bbox 930 3443 980 3504; x_wconf 88' lang='lat' dir='ltr'><strong><em>est,</em></strong></span> <span class='ocrx_word' id='word_1_505' title='bbox 1000 3454 1033 3492; x_wconf 86' lang='lat' dir='ltr'><strong><em>ex</em></strong></span> <span class='ocrx_word' id='word_1_506' title='bbox 1051 3452 1083 3491; x_wconf 88' lang='lat' dir='ltr'><strong><em>se</em></strong></span> <span class='ocrx_word' id='word_1_507' title='bbox 1100 3436 1163 3507; x_wconf 82' lang='lat' dir='ltr'><strong><em>ipsa</em></strong></span> <span class='ocrx_word' id='word_1_508' title='bbox 1179 3443 1208 3493; x_wconf 88' lang='lat' dir='ltr'><strong><em>et</em></strong></span> <span class='ocrx_word' id='word_1_509' title='bbox 1222 3454 1274 3507; x_wconf 87' lang='lat' dir='ltr'><strong><em>per</em></strong></span> <span class='ocrx_word' id='word_1_510' title='bbox 1291 3453 1322 3492; x_wconf 86' lang='lat' dir='ltr'><strong><em>se</em></strong></span> <span class='ocrx_word' id='word_1_511' title='bbox 1339 3434 1428 3506; x_wconf 89' lang='lat' dir='ltr'><strong><em>ipsam</em></strong></span> <span class='ocrx_word' id='word_1_512' title='bbox 1446 3443 1489 3491; x_wconf 88' lang='lat' dir='ltr'><strong><em>est</em></strong></span> <span class='ocrx_word' id='word_1_513' title='bbox 1506 3435 1722 3509; x_wconf 82' lang='lat' dir='ltr'><strong><em>interpretanda,</em></strong></span> <span class='ocrx_word' id='word_1_514' title='bbox 1734 3444 1766 3493; x_wconf 86' lang='lat' dir='ltr'><strong><em>ut</em></strong></span> 
     </span>
    </p>

    <p class='ocr_par' dir='ltr' id='par_1_5' title="bbox 66 3516 1768 3941">
     <span class='ocr_line' id='line_1_38' title="bbox 68 3516 1764 3599; baseline -0.003 -16"><span class='ocrx_word' id='word_1_515' title='bbox 68 3528 117 3585; x_wconf 86' lang='lat' dir='ltr'><strong><em>sed</em></strong></span> <span class='ocrx_word' id='word_1_516' title='bbox 136 3543 172 3583; x_wconf 85' lang='lat' dir='ltr'><strong><em>ex</em></strong></span> <span class='ocrx_word' id='word_1_517' title='bbox 191 3524 308 3582; x_wconf 87' lang='lat' dir='ltr'><strong><em>internis</em></strong></span> <span class='ocrx_word' id='word_1_518' title='bbox 327 3525 413 3597; x_wconf 90' lang='lat' dir='ltr'><strong><em>ipsius</em></strong></span> <span class='ocrx_word' id='word_1_519' title='bbox 426 3526 586 3597; x_wconf 84' lang='lat' dir='ltr'><strong><em>Scripturas</em></strong></span> <span class='ocrx_word' id='word_1_520' title='bbox 603 3531 752 3599; x_wconf 80' lang='grc' dir='ltr'><strong><em>κριτηρίοις</em></strong></span> <span class='ocrx_word' id='word_1_521' title='bbox 771 3529 837 3579; x_wconf 87' lang='lat' dir='ltr'><strong><em>sunt</em></strong></span> <span class='ocrx_word' id='word_1_522' title='bbox 854 3539 903 3595; x_wconf 74' lang='lat' dir='ltr'><strong><em>pe</em></strong></span> <span class='ocrx_word' id='word_1_523' title='bbox 929 3525 959 3579; x_wconf 90' lang='lat' dir='ltr'><strong><em>in</em></strong></span> <span class='ocrx_word' id='word_1_524' title='bbox 983 3530 1064 3579; x_wconf 88' lang='lat' dir='ltr'><strong><em>tract.</em></strong></span> <span class='ocrx_word' id='word_1_525' title='bbox 1087 3522 1122 3577; x_wconf 88' lang='lat' dir='ltr'><strong><em>de</em></strong></span> <span class='ocrx_word' id='word_1_526' title='bbox 1146 3523 1246 3592; x_wconf 78' lang='lat' dir='ltr'><strong><em>interp.</em></strong></span> <span class='ocrx_word' id='word_1_527' title='bbox 1271 3521 1370 3593; x_wconf 85' lang='lat' dir='ltr'><strong><em>Script</em></strong></span> <span class='ocrx_word' id='word_1_528' title='bbox 1397 3516 1425 3597; x_wconf 70' lang='grc' dir='ltr'><strong><em>ξ.</em></strong></span> <span class='ocrx_word' id='word_1_529' title='bbox 1450 3525 1492 3577; x_wconf 80' lang='grc'><strong><em>83.</em></strong></span> <span class='ocrx_word' id='word_1_530' title='bbox 1516 3527 1544 3577; x_wconf 86' lang='lat' dir='ltr'><strong><em>et</em></strong></span> <span class='ocrx_word' id='word_1_531' title='bbox 1567 3539 1644 3594; x_wconf 86' lang='lat' dir='ltr'><strong><em>seqq.</em></strong></span> <span class='ocrx_word' id='word_1_532' title='bbox 1671 3521 1764 3578; x_wconf 91' lang='lat' dir='ltr'><strong><em>docui·</em></strong></span> 
     </span>
     <span class='ocr_line' id='line_1_39' title="bbox 66 3605 1765 3683; baseline -0.004 -12"><span class='ocrx_word' id='word_1_533' title='bbox 66 3614 127 3671; x_wconf 71' lang='lat' dir='ltr'><strong><em>tite</em></strong></span> <span class='ocrx_word' id='word_1_534' title='bbox 171 3611 302 3669; x_wconf 54' lang='lat' dir='ltr'><strong><em>wando</em></strong></span> <span class='ocrx_word' id='word_1_535' title='bbox 337 3612 413 3683; x_wconf 88' lang='lat' dir='ltr'><strong><em>quod</em></strong></span> <span class='ocrx_word' id='word_1_536' title='bbox 441 3611 606 3667; x_wconf 75' lang='lat' dir='ltr'><strong><em>cbcuhrem</em></strong></span> <span class='ocrx_word' id='word_1_537' title='bbox 635 3609 903 3683; x_wconf 77' lang='lat' dir='ltr'><strong><em>argumentationem</em></strong></span> <span class='ocrx_word' id='word_1_538' title='bbox 929 3627 998 3665; x_wconf 91' lang='lat' dir='ltr'><strong><em>mus.</em></strong></span> <span class='ocrx_word' id='word_1_539' title='bbox 1036 3607 1206 3664; x_wconf 77' lang='lat' dir='ltr'><strong><em>concilicet</em></strong></span> <span class='ocrx_word' id='word_1_540' title='bbox 1224 3615 1317 3679; x_wconf 87' lang='lat' dir='ltr'><strong><em>patres</em></strong></span> <span class='ocrx_word' id='word_1_541' title='bbox 1335 3622 1391 3661; x_wconf 90' lang='lat' dir='ltr'><strong><em>non</em></strong></span> <span class='ocrx_word' id='word_1_542' title='bbox 1407 3605 1530 3662; x_wconf 84' lang='lat' dir='ltr'><strong><em>inierunt</em></strong></span> <span class='ocrx_word' id='word_1_543' title='bbox 1549 3606 1765 3665; x_wconf 89' lang='lat' dir='ltr'><strong><em>luceminScri-</em></strong></span> 
     </span>
     <span class='ocr_line' id='line_1_40' title="bbox 67 3686 1766 3772; baseline -0.004 -15"><span class='ocrx_word' id='word_1_544' title='bbox 67 3706 205 3772; x_wconf 77' lang='lat' dir='ltr'><strong><em>cogantur</em></strong></span> <span class='ocrx_word' id='word_1_545' title='bbox 232 3698 393 3766; x_wconf 82' lang='lat' dir='ltr'><strong><em>admittere,</em></strong></span> <span class='ocrx_word' id='word_1_546' title='bbox 423 3697 472 3769; x_wconf 91' lang='lat' dir='ltr'><strong><em>qui</em></strong></span> <span class='ocrx_word' id='word_1_547' title='bbox 496 3713 529 3753; x_wconf 84' lang='lat' dir='ltr'><strong><em>cx</em></strong></span> <span class='ocrx_word' id='word_1_548' title='bbox 553 3696 613 3752; x_wconf 84' lang='lat' dir='ltr'><strong><em>sola</em></strong></span> <span class='ocrx_word' id='word_1_549' title='bbox 636 3697 800 3766; x_wconf 84' lang='lat' dir='ltr'><strong><em>traditione,</em></strong></span> <span class='ocrx_word' id='word_1_550' title='bbox 830 3711 903 3768; x_wconf 87' lang='lat' dir='ltr'><strong><em>quae</em></strong></span> <span class='ocrx_word' id='word_1_551' title='bbox 928 3686 1057 3767; x_wconf 80' lang='lat' dir='ltr'><strong><em>plurem,</em></strong></span> <span class='ocrx_word' id='word_1_552' title='bbox 1076 3695 1127 3752; x_wconf 88' lang='lat' dir='ltr'><strong><em>sed</em></strong></span> <span class='ocrx_word' id='word_1_553' title='bbox 1145 3694 1289 3751; x_wconf 82' lang='lat' dir='ltr'><strong><em>doctrinae</em></strong></span> <span class='ocrx_word' id='word_1_554' title='bbox 1305 3692 1396 3749; x_wconf 90' lang='lat' dir='ltr'><strong><em>lucem</em></strong></span> <span class='ocrx_word' id='word_1_555' title='bbox 1414 3691 1547 3749; x_wconf 76' lang='lat' dir='ltr'><strong><em>baununt</em></strong></span> <span class='ocrx_word' id='word_1_556' title='bbox 1562 3711 1595 3750; x_wconf 86' lang='lat' dir='ltr'><strong><em>ex</em></strong></span> <span class='ocrx_word' id='word_1_557' title='bbox 1613 3691 1766 3767; x_wconf 74' lang='lat' dir='ltr'><strong><em>Scriptura,</em></strong></span> 
     </span>
     <span class='ocr_line' id='line_1_41' title="bbox 66 3770 1767 3858; baseline -0.004 -13"><span class='ocrx_word' id='word_1_558' title='bbox 66 3786 229 3858; x_wconf 83' lang='lat' dir='ltr'><strong><em>Scripturas</em></strong></span> <span class='ocrx_word' id='word_1_559' title='bbox 258 3783 316 3840; x_wconf 87' lang='lat' dir='ltr'><strong><em>sint</em></strong></span> <span class='ocrx_word' id='word_1_560' title='bbox 346 3783 473 3852; x_wconf 77' lang='lat' dir='ltr'><strong><em>divinae,</em></strong></span> <span class='ocrx_word' id='word_1_561' title='bbox 503 3782 634 3854; x_wconf 76' lang='lat' dir='ltr'><strong><em>cognosci</em></strong></span> <span class='ocrx_word' id='word_1_562' title='bbox 660 3798 743 3853; x_wconf 86' lang='lat' dir='ltr'><strong><em>posse</em></strong></span> <span class='ocrx_word' id='word_1_563' title='bbox 770 3786 903 3836; x_wconf 85' lang='lat' dir='ltr'><strong><em>asserant·</em></strong></span> <span class='ocrx_word' id='word_1_564' title='bbox 929 3783 1047 3854; x_wconf 87' lang='lat' dir='ltr'><strong><em>ideoque</em></strong></span> <span class='ocrx_word' id='word_1_565' title='bbox 1071 3783 1106 3839; x_wconf 92' lang='lat' dir='ltr'><strong><em>de</em></strong></span> <span class='ocrx_word' id='word_1_566' title='bbox 1130 3788 1240 3855; x_wconf 85' lang='lat' dir='ltr'><strong><em>petrum</em></strong></span> <span class='ocrx_word' id='word_1_567' title='bbox 1264 3781 1376 3853; x_wconf 87' lang='lat' dir='ltr'><strong><em>scriptis</em></strong></span> <span class='ocrx_word' id='word_1_568' title='bbox 1399 3786 1428 3836; x_wconf 86' lang='lat' dir='ltr'><strong><em>et</em></strong></span> <span class='ocrx_word' id='word_1_569' title='bbox 1449 3779 1630 3836; x_wconf 88' lang='lat' dir='ltr'><strong><em>conciliorum</em></strong></span> <span class='ocrx_word' id='word_1_570' title='bbox 1647 3770 1767 3839; x_wconf 87' lang='lat' dir='ltr'><strong><em>decretis</em></strong></span> 
     </span>
     <span class='ocr_line' id='line_1_42' title="bbox 68 3865 1768 3941; baseline -0.002 -12"><span class='ocrx_word' id='word_1_571' title='bbox 68 3872 178 3938; x_wconf 75' lang='lat' dir='ltr'><strong><em>Quaere</em></strong></span> <span class='ocrx_word' id='word_1_572' title='bbox 202 3870 276 3928; x_wconf 89' lang='lat' dir='ltr'><strong><em>enim</em></strong></span> <span class='ocrx_word' id='word_1_573' title='bbox 294 3886 312 3925; x_wconf 90' lang='lat' dir='ltr'><strong><em>a</em></strong></span> <span class='ocrx_word' id='word_1_574' title='bbox 329 3869 492 3935; x_wconf 87' lang='lat' dir='ltr'><strong><em>Pontificio,</em></strong></span> <span class='ocrx_word' id='word_1_575' title='bbox 517 3886 602 3941; x_wconf 88' lang='lat' dir='ltr'><strong><em>quare</em></strong></span> <span class='ocrx_word' id='word_1_576' title='bbox 619 3869 717 3924; x_wconf 74' lang='lat' dir='ltr'><strong><em>medat</em></strong></span> <span class='ocrx_word' id='word_1_577' title='bbox 733 3867 784 3923; x_wconf 84' lang='lat' dir='ltr'><strong><em>bas</em></strong></span> <span class='ocrx_word' id='word_1_578' title='bbox 802 3865 903 3938; x_wconf 67' lang='lat' dir='ltr'><strong><em>spisse</em></strong></span> <span class='ocrx_word' id='word_1_579' title='bbox 930 3886 964 3925; x_wconf 85' lang='lat' dir='ltr'><strong><em>ex</em></strong></span> <span class='ocrx_word' id='word_1_580' title='bbox 983 3869 1045 3941; x_wconf 89' lang='lat' dir='ltr'><strong><em>ipsa</em></strong></span> <span class='ocrx_word' id='word_1_581' title='bbox 1065 3869 1209 3941; x_wconf 85' lang='lat' dir='ltr'><strong><em>Scriptura</em></strong></span> <span class='ocrx_word' id='word_1_582' title='bbox 1221 3866 1413 3939; x_wconf 85' lang='lat' dir='ltr'><strong><em>judicandum.</em></strong></span> <span class='ocrx_word' id='word_1_583' title='bbox 1450 3865 1596 3939; x_wconf 86' lang='lat' dir='ltr'><strong><em>Scriptura</em></strong></span> <span class='ocrx_word' id='word_1_584' title='bbox 1617 3867 1704 3941; x_wconf 87' lang='lat' dir='ltr'><strong><em>igitur</em></strong></span> <span class='ocrx_word' id='word_1_585' title='bbox 1726 3876 1768 3926; x_wconf 87' lang='lat' dir='ltr'><strong><em>est</em></strong></span> 
     </span>
    </p>

    <p class='ocr_par' dir='ltr' id='par_1_6' title="bbox 67 3952 1767 4201">
     <span class='ocr_line' id='line_1_43' title="bbox 67 3952 1767 4027; baseline -0.005 -11"><span class='ocrx_word' id='word_1_586' title='bbox 67 3959 109 4015; x_wconf 77' lang='lat' dir='ltr'><strong><em>lu</em></strong></span> <span class='ocrx_word' id='word_1_587' title='bbox 135 3957 221 4015; x_wconf 80' lang='lat' dir='ltr'><strong><em>Perdi</em></strong></span> <span class='ocrx_word' id='word_1_588' title='bbox 247 3973 308 4015; x_wconf 88' lang='lat' dir='ltr'><strong><em>esse</em></strong></span> <span class='ocrx_word' id='word_1_589' title='bbox 328 3955 485 4026; x_wconf 85' lang='lat' dir='ltr'><strong><em>Scripturas</em></strong></span> <span class='ocrx_word' id='word_1_590' title='bbox 510 3954 637 4011; x_wconf 77' lang='lat' dir='ltr'><strong><em>divium?</em></strong></span> <span class='ocrx_word' id='word_1_591' title='bbox 672 3952 864 4027; x_wconf 82' lang='lat' dir='ltr'><strong><em>Respondebit</em></strong></span> <span class='ocrx_word' id='word_1_592' title='bbox 887 3968 904 4006; x_wconf 88' lang='lat' dir='ltr'><strong><em>a</em></strong></span> <span class='ocrx_word' id='word_1_593' title='bbox 930 3971 1027 4012; x_wconf 84' lang='lat' dir='ltr'><strong><em>norma</em></strong></span> <span class='ocrx_word' id='word_1_594' title='bbox 1052 3960 1164 4026; x_wconf 86' lang='lat' dir='ltr'><strong><em>patrum</em></strong></span> <span class='ocrx_word' id='word_1_595' title='bbox 1189 3960 1217 4010; x_wconf 88' lang='lat' dir='ltr'><strong><em>et</em></strong></span> <span class='ocrx_word' id='word_1_596' title='bbox 1241 3952 1433 4020; x_wconf 89' lang='lat' dir='ltr'><strong><em>conciliorum,</em></strong></span> <span class='ocrx_word' id='word_1_597' title='bbox 1456 3970 1512 4008; x_wconf 89' lang='lat' dir='ltr'><strong><em>non</em></strong></span> <span class='ocrx_word' id='word_1_598' title='bbox 1537 3959 1642 4008; x_wconf 87' lang='lat' dir='ltr'><strong><em>contra.</em></strong></span> <span class='ocrx_word' id='word_1_599' title='bbox 1677 3953 1767 4010; x_wconf 81' lang='lat' dir='ltr'><strong><em>Addit</em></strong></span> 
     </span>
     <span class='ocr_line' id='line_1_44' title="bbox 67 4039 1767 4108; baseline -0.005 -4"><span class='ocrx_word' id='word_1_600' title='bbox 67 4043 239 4103; x_wconf 74' lang='lat' dir='ltr'><strong><em>Bellermino</em></strong></span> <span class='ocrx_word' id='word_1_601' title='bbox 262 4045 315 4100; x_wconf 90' lang='lat' dir='ltr'><strong><em>hoc</em></strong></span> <span class='ocrx_word' id='word_1_602' title='bbox 341 4041 402 4098; x_wconf 88' lang='lat' dir='ltr'><strong><em>loco</em></strong></span> <span class='ocrx_word' id='word_1_603' title='bbox 430 4042 560 4098; x_wconf 86' lang='lat' dir='ltr'><strong><em>edoctus:</em></strong></span> <span class='ocrx_word' id='word_1_604' title='bbox 594 4058 627 4098; x_wconf 85' lang='lat' dir='ltr'><strong><em>er</em></strong></span> <span class='ocrx_word' id='word_1_605' title='bbox 657 4041 717 4096; x_wconf 83' lang='lat' dir='ltr'><strong><em>sole</em></strong></span> <span class='ocrx_word' id='word_1_606' title='bbox 743 4039 900 4097; x_wconf 79' lang='lat' dir='ltr'><strong><em>traditione</em></strong></span> <span class='ocrx_word' id='word_1_607' title='bbox 930 4042 1130 4107; x_wconf 86' lang='lat' dir='ltr'><strong><em>Bellarminns,</em></strong></span> <span class='ocrx_word' id='word_1_608' title='bbox 1155 4060 1240 4095; x_wconf 80' lang='lat' dir='ltr'><strong><em>unum</em></strong></span> <span class='ocrx_word' id='word_1_609' title='bbox 1258 4057 1317 4096; x_wconf 85' lang='lat' dir='ltr'><strong><em>esse</em></strong></span> <span class='ocrx_word' id='word_1_610' title='bbox 1336 4039 1367 4093; x_wconf 80' lang='lat' dir='ltr'><strong><em>iu</em></strong></span> <span class='ocrx_word' id='word_1_611' title='bbox 1386 4039 1482 4104; x_wconf 84' lang='lat' dir='ltr'><strong><em>Scato,</em></strong></span> <span class='ocrx_word' id='word_1_612' title='bbox 1506 4041 1585 4108; x_wconf 77' lang='lat' dir='ltr'><strong><em>quod</em></strong></span> <span class='ocrx_word' id='word_1_613' title='bbox 1600 4040 1712 4094; x_wconf 81' lang='lat' dir='ltr'><strong><em>minime</em></strong></span> <span class='ocrx_word' id='word_1_614' title='bbox 1729 4041 1767 4095; x_wconf 89' lang='lat' dir='ltr'><strong><em>sit</em></strong></span> 
     </span>
     <span class='ocr_line' id='line_1_45' title="bbox 68 4126 1767 4201; baseline -0.001 -17"><span class='ocrx_word' id='word_1_615' title='bbox 68 4131 177 4197; x_wconf 76' lang='lat' dir='ltr'><strong><em>Quaere</em></strong></span> <span class='ocrx_word' id='word_1_616' title='bbox 196 4129 332 4194; x_wconf 77' lang='lat' dir='ltr'><strong><em>vicissim,</em></strong></span> <span class='ocrx_word' id='word_1_617' title='bbox 350 4144 436 4201; x_wconf 82' lang='lat' dir='ltr'><strong><em>quara</em></strong></span> <span class='ocrx_word' id='word_1_618' title='bbox 456 4128 552 4184; x_wconf 67' lang='lat' dir='ltr'><strong><em>medat</em></strong></span> <span class='ocrx_word' id='word_1_619' title='bbox 568 4126 732 4184; x_wconf 78' lang='lat' dir='ltr'><strong><em>traditioni?</em></strong></span> <span class='ocrx_word' id='word_1_620' title='bbox 754 4126 903 4198; x_wconf 82' lang='lat' dir='ltr'><strong><em>responde·</em></strong></span> <span class='ocrx_word' id='word_1_621' title='bbox 929 4128 1116 4199; x_wconf 80' lang='lat' dir='ltr'><strong><em>probandum,</em></strong></span> <span class='ocrx_word' id='word_1_622' title='bbox 1135 4128 1213 4197; x_wconf 78' lang='lat' dir='ltr'><strong><em>qctcd</em></strong></span> <span class='ocrx_word' id='word_1_623' title='bbox 1231 4126 1337 4181; x_wconf 80' lang='lat' dir='ltr'><strong><em>scilicet</em></strong></span> <span class='ocrx_word' id='word_1_624' title='bbox 1356 4127 1460 4196; x_wconf 70' lang='lat' dir='ltr'><strong><em>dogma</em></strong></span> <span class='ocrx_word' id='word_1_625' title='bbox 1479 4126 1767 4183; x_wconf 81' lang='lat' dir='ltr'><strong><em>transsubstantiatio·</em></strong></span> 
     </span>
    </p>

    <p class='ocr_par' dir='ltr' id='par_1_7' title="bbox 67 4210 1767 4377">
     <span class='ocr_line' id='line_1_46' title="bbox 67 4210 1767 4290; baseline -0.005 -14"><span class='ocrx_word' id='word_1_626' title='bbox 67 4218 121 4288; x_wconf 80' lang='lat' dir='ltr'><strong><em>bit,</em></strong></span> <span class='ocrx_word' id='word_1_627' title='bbox 153 4216 222 4290; x_wconf 83' lang='lat' dir='ltr'><strong><em>quia</em></strong></span> <span class='ocrx_word' id='word_1_628' title='bbox 248 4221 291 4271; x_wconf 82' lang='lat' dir='ltr'><strong><em>est</em></strong></span> <span class='ocrx_word' id='word_1_629' title='bbox 316 4215 452 4274; x_wconf 79' lang='lat' dir='ltr'><strong><em>ecclesiae</em></strong></span> <span class='ocrx_word' id='word_1_630' title='bbox 476 4213 596 4271; x_wconf 83' lang='lat' dir='ltr'><strong><em>traditio</em></strong></span> <span class='ocrx_word' id='word_1_631' title='bbox 643 4214 751 4282; x_wconf 83' lang='lat' dir='ltr'><strong><em>Quaere</em></strong></span> <span class='ocrx_word' id='word_1_632' title='bbox 779 4213 904 4282; x_wconf 85' lang='lat' dir='ltr'><strong><em>ulterius,</em></strong></span> <span class='ocrx_word' id='word_1_633' title='bbox 930 4216 975 4269; x_wconf 88' lang='lat' dir='ltr'><strong><em>nis</em></strong></span> <span class='ocrx_word' id='word_1_634' title='bbox 992 4232 1048 4269; x_wconf 84' lang='lat' dir='ltr'><strong><em>nou</em></strong></span> <span class='ocrx_word' id='word_1_635' title='bbox 1065 4214 1162 4282; x_wconf 85' lang='lat' dir='ltr'><strong><em>fuerit</em></strong></span> <span class='ocrx_word' id='word_1_636' title='bbox 1185 4213 1289 4280; x_wconf 71' lang='lat' dir='ltr'><strong><em>dogma</em></strong></span> <span class='ocrx_word' id='word_1_637' title='bbox 1310 4210 1385 4280; x_wconf 84' lang='lat' dir='ltr'><strong><em>fidei</em></strong></span> <span class='ocrx_word' id='word_1_638' title='bbox 1401 4217 1465 4264; x_wconf 82' lang='lat' dir='ltr'><strong><em>ante</em></strong></span> <span class='ocrx_word' id='word_1_639' title='bbox 1484 4210 1633 4265; x_wconf 72' lang='lat' dir='ltr'><strong><em>amcitiam</em></strong></span> <span class='ocrx_word' id='word_1_640' title='bbox 1650 4212 1767 4267; x_wconf 73' lang='lat' dir='ltr'><strong><em>Latera</em></strong></span> 
     </span>
     <span class='ocr_line' id='line_1_47' title="bbox 68 4295 1767 4377; baseline -0.004 -17"><span class='ocrx_word' id='word_1_641' title='bbox 68 4320 154 4376; x_wconf 87' lang='lat' dir='ltr'><strong><em>qnare</em></strong></span> <span class='ocrx_word' id='word_1_642' title='bbox 173 4302 272 4359; x_wconf 79' lang='lat' dir='ltr'><strong><em>medat</em></strong></span> <span class='ocrx_word' id='word_1_643' title='bbox 285 4301 440 4358; x_wconf 83' lang='lat' dir='ltr'><strong><em>ecclesiae?</em></strong></span> <span class='ocrx_word' id='word_1_644' title='bbox 457 4300 556 4357; x_wconf 84' lang='lat' dir='ltr'><strong><em>afferet</em></strong></span> <span class='ocrx_word' id='word_1_645' title='bbox 572 4298 625 4356; x_wconf 86' lang='lat' dir='ltr'><strong><em>tibi</em></strong></span> <span class='ocrx_word' id='word_1_646' title='bbox 645 4299 721 4355; x_wconf 85' lang='lat' dir='ltr'><strong><em>dicta</em></strong></span> <span class='ocrx_word' id='word_1_647' title='bbox 734 4298 833 4355; x_wconf 85' lang='lat' dir='ltr'><strong><em>Mettb.</em></strong></span> <span class='ocrx_word' id='word_1_648' title='bbox 855 4302 902 4354; x_wconf 77' lang='lat'><strong><em>18:</em></strong></span> <span class='ocrx_word' id='word_1_649' title='bbox 930 4317 1023 4366; x_wconf 80' lang='lat' dir='ltr'><strong><em>acme,</em></strong></span> <span class='ocrx_word' id='word_1_650' title='bbox 1042 4300 1076 4353; x_wconf 84' lang='lat' dir='ltr'><strong><em>id</em></strong></span> <span class='ocrx_word' id='word_1_651' title='bbox 1093 4298 1166 4352; x_wconf 84' lang='lat' dir='ltr'><strong><em>mim</em></strong></span> <span class='ocrx_word' id='word_1_652' title='bbox 1184 4297 1234 4350; x_wconf 85' lang='lat' dir='ltr'><strong><em>ills</em></strong></span> <span class='ocrx_word' id='word_1_653' title='bbox 1252 4296 1325 4351; x_wconf 82' lang='lat' dir='ltr'><strong><em>dicit</em></strong></span> <span class='ocrx_word' id='word_1_654' title='bbox 1342 4295 1393 4364; x_wconf 82' lang='lat' dir='ltr'><strong><em>(eit</em></strong></span> <span class='ocrx_word' id='word_1_655' title='bbox 1406 4295 1609 4366; x_wconf 85' lang='lat' dir='ltr'><strong><em>Bellnrminus),</em></strong></span> <span class='ocrx_word' id='word_1_656' title='bbox 1628 4298 1696 4368; x_wconf 81' lang='lat' dir='ltr'><strong><em>quia</em></strong></span> <span class='ocrx_word' id='word_1_657' title='bbox 1710 4316 1767 4377; x_wconf 76' lang='lat' dir='ltr'><strong><em>anu</em></strong></span> 
     </span>
    </p>

    <p class='ocr_par' dir='ltr' id='par_1_8' title="bbox 68 4380 1767 4457">
     <span class='ocr_line' id='line_1_48' title="bbox 68 4380 1767 4457; baseline -0.005 -10"><span class='ocrx_word' id='word_1_658' title='bbox 68 4392 125 4446; x_wconf 85' lang='lat' dir='ltr'><strong><em>Dic</em></strong></span> <span class='ocrx_word' id='word_1_659' title='bbox 152 4389 294 4446; x_wconf 67' lang='lat' dir='ltr'><strong><em>senune.</em></strong></span> <span class='ocrx_word' id='word_1_660' title='bbox 337 4386 401 4444; x_wconf 82' lang='lat' dir='ltr'><strong><em>Joh.</em></strong></span> <span class='ocrx_word' id='word_1_661' title='bbox 433 4392 479 4444; x_wconf 80' lang='lat' dir='ltr'><strong><em>ld:</em></strong></span> <span class='ocrx_word' id='word_1_662' title='bbox 519 4387 645 4457; x_wconf 84' lang='lat' dir='ltr'><strong><em>Spiritus</em></strong></span> <span class='ocrx_word' id='word_1_663' title='bbox 675 4394 790 4441; x_wconf 63' lang='lat' dir='ltr'><strong><em>sonares</em></strong></span> <span class='ocrx_word' id='word_1_664' title='bbox 822 4386 904 4438; x_wconf 79' lang='lat' dir='ltr'><strong><em>clucet</em></strong></span> <span class='ocrx_word' id='word_1_665' title='bbox 931 4388 1034 4454; x_wconf 76' lang='lat' dir='ltr'><strong><em>legeret</em></strong></span> <span class='ocrx_word' id='word_1_666' title='bbox 1056 4383 1205 4439; x_wconf 60' lang='lat' dir='ltr'><strong><em>canalium</em></strong></span> <span class='ocrx_word' id='word_1_667' title='bbox 1228 4383 1385 4437; x_wconf 80' lang='lat' dir='ltr'><strong><em>Romanum</em></strong></span> <span class='ocrx_word' id='word_1_668' title='bbox 1402 4381 1453 4434; x_wconf 86' lang='lat' dir='ltr'><strong><em>sub</em></strong></span> <span class='ocrx_word' id='word_1_669' title='bbox 1474 4380 1613 4449; x_wconf 73' lang='lat' dir='ltr'><strong><em>Gregorio</em></strong></span> <span class='ocrx_word' id='word_1_670' title='bbox 1636 4382 1704 4440; x_wconf 86' lang='lat' dir='ltr'><strong><em>VII.</em></strong></span> <span class='ocrx_word' id='word_1_671' title='bbox 1720 4400 1767 4439; x_wconf 84' lang='lat' dir='ltr'><strong><em>nc·</em></strong></span> 
     </span>
    </p>

    <p class='ocr_par' dir='ltr' id='par_1_9' title="bbox 67 4468 1768 4803">
     <span class='ocr_line' id='line_1_49' title="bbox 67 4468 1766 4544; baseline -0.007 -10"><span class='ocrx_word' id='word_1_672' title='bbox 67 4494 115 4534; x_wconf 83' lang='lat' dir='ltr'><strong><em>cos</em></strong></span> <span class='ocrx_word' id='word_1_673' title='bbox 140 4476 173 4530; x_wconf 85' lang='lat' dir='ltr'><strong><em>iss</em></strong></span> <span class='ocrx_word' id='word_1_674' title='bbox 199 4490 305 4530; x_wconf 65' lang='lat' dir='ltr'><strong><em>amum</em></strong></span> <span class='ocrx_word' id='word_1_675' title='bbox 327 4475 478 4528; x_wconf 60' lang='lat' dir='ltr'><strong><em>vermem.</em></strong></span> <span class='ocrx_word' id='word_1_676' title='bbox 513 4473 557 4529; x_wconf 88' lang='lat' dir='ltr'><strong><em>En</em></strong></span> <span class='ocrx_word' id='word_1_677' title='bbox 581 4471 744 4528; x_wconf 84' lang='lat' dir='ltr'><strong><em>circularem</em></strong></span> <span class='ocrx_word' id='word_1_678' title='bbox 762 4469 903 4542; x_wconf 86' lang='lat' dir='ltr'><strong><em>probatio·</em></strong></span> <span class='ocrx_word' id='word_1_679' title='bbox 931 4490 984 4544; x_wconf 82' lang='lat' dir='ltr'><strong><em>que</em></strong></span> <span class='ocrx_word' id='word_1_680' title='bbox 1003 4487 1165 4526; x_wconf 81' lang='lat' dir='ltr'><strong><em>consensum</em></strong></span> <span class='ocrx_word' id='word_1_681' title='bbox 1183 4468 1264 4522; x_wconf 91' lang='lat' dir='ltr'><strong><em>illum</em></strong></span> <span class='ocrx_word' id='word_1_682' title='bbox 1278 4475 1409 4537; x_wconf 84' lang='lat' dir='ltr'><strong><em>patrum,</em></strong></span> <span class='ocrx_word' id='word_1_683' title='bbox 1434 4484 1515 4538; x_wconf 84' lang='lat' dir='ltr'><strong><em>quem</em></strong></span> <span class='ocrx_word' id='word_1_684' title='bbox 1536 4486 1587 4522; x_wconf 81' lang='lat' dir='ltr'><strong><em>mos</em></strong></span> <span class='ocrx_word' id='word_1_685' title='bbox 1607 4485 1697 4538; x_wconf 84' lang='lat' dir='ltr'><strong><em>supra</em></strong></span> <span class='ocrx_word' id='word_1_686' title='bbox 1714 4471 1766 4523; x_wconf 85' lang='lat' dir='ltr'><strong><em>ad·</em></strong></span> 
     </span>
     <span class='ocr_line' id='line_1_50' title="bbox 67 4551 1766 4632; baseline -0.006 -13"><span class='ocrx_word' id='word_1_687' title='bbox 67 4574 140 4621; x_wconf 73' lang='lat' dir='ltr'><strong><em>nem.</em></strong></span> <span class='ocrx_word' id='word_1_688' title='bbox 174 4560 305 4632; x_wconf 86' lang='lat' dir='ltr'><strong><em>Denique</em></strong></span> <span class='ocrx_word' id='word_1_689' title='bbox 328 4559 403 4631; x_wconf 88' lang='lat' dir='ltr'><strong><em>qnod</em></strong></span> <span class='ocrx_word' id='word_1_690' title='bbox 424 4559 477 4615; x_wconf 86' lang='lat' dir='ltr'><strong><em>bac</em></strong></span> <span class='ocrx_word' id='word_1_691' title='bbox 500 4559 607 4615; x_wconf 76' lang='lat' dir='ltr'><strong><em>mtione</em></strong></span> <span class='ocrx_word' id='word_1_692' title='bbox 630 4566 720 4615; x_wconf 89' lang='lat' dir='ltr'><strong><em>totum</em></strong></span> <span class='ocrx_word' id='word_1_693' title='bbox 745 4556 811 4613; x_wconf 81' lang='lat' dir='ltr'><strong><em>fidei</em></strong></span> <span class='ocrx_word' id='word_1_694' title='bbox 837 4573 904 4612; x_wconf 85' lang='lat' dir='ltr'><strong><em>suae</em></strong></span> <span class='ocrx_word' id='word_1_695' title='bbox 932 4559 1072 4627; x_wconf 76' lang='lat' dir='ltr'><strong><em>ducirnus.</em></strong></span> <span class='ocrx_word' id='word_1_696' title='bbox 1107 4553 1220 4610; x_wconf 88' lang='lat' dir='ltr'><strong><em>Scilicet</em></strong></span> <span class='ocrx_word' id='word_1_697' title='bbox 1240 4552 1322 4608; x_wconf 89' lang='lat' dir='ltr'><strong><em>homo</em></strong></span> <span class='ocrx_word' id='word_1_698' title='bbox 1347 4551 1522 4608; x_wconf 89' lang='lat' dir='ltr'><strong><em>doctissimus</em></strong></span> <span class='ocrx_word' id='word_1_699' title='bbox 1541 4559 1570 4609; x_wconf 91' lang='lat' dir='ltr'><strong><em>et</em></strong></span> <span class='ocrx_word' id='word_1_700' title='bbox 1591 4552 1766 4609; x_wconf 71' lang='lat' dir='ltr'><strong><em>mutimimus</em></strong></span> 
     </span>
     <span class='ocr_line' id='line_1_51' title="bbox 68 4638 1767 4727; baseline -0.005 -22"><span class='ocrx_word' id='word_1_701' title='bbox 68 4649 281 4705; x_wconf 79' lang='lat' dir='ltr'><strong><em>fundamentum</em></strong></span> <span class='ocrx_word' id='word_1_702' title='bbox 298 4647 328 4700; x_wconf 92' lang='lat' dir='ltr'><strong><em>in</em></strong></span> <span class='ocrx_word' id='word_1_703' title='bbox 345 4646 447 4702; x_wconf 78' lang='lat' dir='ltr'><strong><em>eminio</em></strong></span> <span class='ocrx_word' id='word_1_704' title='bbox 464 4646 573 4718; x_wconf 89' lang='lat' dir='ltr'><strong><em>papalis</em></strong></span> <span class='ocrx_word' id='word_1_705' title='bbox 592 4644 713 4717; x_wconf 86' lang='lat' dir='ltr'><strong><em>pectoris</em></strong></span> <span class='ocrx_word' id='word_1_706' title='bbox 726 4642 903 4699; x_wconf 89' lang='lat' dir='ltr'><strong><em>constituant.</em></strong></span> <span class='ocrx_word' id='word_1_707' title='bbox 916 4643 920 4727; x_wconf 81' lang='grc' dir='ltr'>Ι</span> <span class='ocrx_word' id='word_1_708' title='bbox 931 4663 987 4701; x_wconf 91' lang='lat' dir='ltr'><strong><em>non</em></strong></span> <span class='ocrx_word' id='word_1_709' title='bbox 1005 4648 1121 4699; x_wconf 86' lang='lat' dir='ltr'><strong><em>noverat</em></strong></span> <span class='ocrx_word' id='word_1_710' title='bbox 1137 4641 1216 4696; x_wconf 90' lang='lat' dir='ltr'><strong><em>illum</em></strong></span> <span class='ocrx_word' id='word_1_711' title='bbox 1234 4656 1397 4696; x_wconf 89' lang='lat' dir='ltr'><strong><em>consensum</em></strong></span> <span class='ocrx_word' id='word_1_712' title='bbox 1414 4646 1538 4711; x_wconf 86' lang='lat' dir='ltr'><strong><em>petrum,</em></strong></span> <span class='ocrx_word' id='word_1_713' title='bbox 1561 4656 1644 4712; x_wconf 92' lang='lat' dir='ltr'><strong><em>quem</em></strong></span> <span class='ocrx_word' id='word_1_714' title='bbox 1661 4638 1767 4696; x_wconf 84' lang='lat' dir='ltr'><strong><em>Beller-</em></strong></span> 
     </span>
     <span class='ocr_line' id='line_1_52' title="bbox 70 4725 1768 4803; baseline -0.005 -12"><span class='ocrx_word' id='word_1_715' title='bbox 70 4737 172 4792; x_wconf 74' lang='lat' dir='ltr'><strong><em>omnes</em></strong></span> <span class='ocrx_word' id='word_1_716' title='bbox 199 4734 254 4788; x_wconf 88' lang='lat' dir='ltr'><strong><em>alii</em></strong></span> <span class='ocrx_word' id='word_1_717' title='bbox 278 4733 398 4789; x_wconf 87' lang='lat' dir='ltr'><strong><em>articuli</em></strong></span> <span class='ocrx_word' id='word_1_718' title='bbox 423 4734 516 4803; x_wconf 81' lang='lat' dir='ltr'><strong><em>(juxta</em></strong></span> <span class='ocrx_word' id='word_1_719' title='bbox 540 4730 704 4789; x_wconf 87' lang='lat' dir='ltr'><strong><em>Bellarmini</em></strong></span> <span class='ocrx_word' id='word_1_720' title='bbox 726 4729 1021 4787; x_wconf 75' lang='lat' dir='ltr'><strong><em>essertmnem&#39;minus</em></strong></span> <span class='ocrx_word' id='word_1_721' title='bbox 1040 4729 1124 4800; x_wconf 89' lang='lat' dir='ltr'><strong><em>longe</em></strong></span> <span class='ocrx_word' id='word_1_722' title='bbox 1143 4726 1249 4782; x_wconf 87' lang='lat' dir='ltr'><strong><em>doctior</em></strong></span> <span class='ocrx_word' id='word_1_723' title='bbox 1268 4732 1296 4781; x_wconf 90' lang='lat' dir='ltr'><strong><em>et</em></strong></span> <span class='ocrx_word' id='word_1_724' title='bbox 1315 4725 1422 4780; x_wconf 77' lang='lat' dir='ltr'><strong><em>aendor</em></strong></span> <span class='ocrx_word' id='word_1_725' title='bbox 1440 4725 1692 4781; x_wconf 89' lang='lat' dir='ltr'><strong><em>demuminlucem</em></strong></span> <span class='ocrx_word' id='word_1_726' title='bbox 1703 4743 1768 4798; x_wconf 91' lang='lat' dir='ltr'><strong><em>pro-</em></strong></span> 
     </span>
    </p>

    <p class='ocr_par' dir='ltr' id='par_1_10' title="bbox 64 4810 1899 5356">
     <span class='ocr_line' id='line_1_53' title="bbox 68 4810 1632 4888; baseline -0.007 -9"><span class='ocrx_word' id='word_1_727' title='bbox 68 4821 121 4880; x_wconf 85' lang='lat' dir='ltr'><strong><em>boc</em></strong></span> <span class='ocrx_word' id='word_1_728' title='bbox 137 4822 211 4888; x_wconf 83' lang='lat' dir='ltr'><strong><em>laco)</em></strong></span> <span class='ocrx_word' id='word_1_729' title='bbox 235 4819 364 4875; x_wconf 64' lang='lat' dir='ltr'><strong><em>nitimur</em></strong></span> <span class='ocrx_word' id='word_1_730' title='bbox 387 4819 438 4874; x_wconf 81' lang='lat' dir='ltr'><strong><em>ltoc</em></strong></span> <span class='ocrx_word' id='word_1_731' title='bbox 454 4820 660 4888; x_wconf 80' lang='lat' dir='ltr'><strong><em>fundamento,</em></strong></span> <span class='ocrx_word' id='word_1_732' title='bbox 690 4818 768 4888; x_wconf 84' lang='lat' dir='ltr'><strong><em>quod</em></strong></span> <span class='ocrx_word' id='word_1_733' title='bbox 791 4814 906 4870; x_wconf 79' lang='lat' dir='ltr'><strong><em>bilibri</em></strong></span> <span class='ocrx_word' id='word_1_734' title='bbox 931 4816 1003 4872; x_wconf 88' lang='lat' dir='ltr'><strong><em>tulit.</em></strong></span> <span class='ocrx_word' id='word_1_735' title='bbox 1041 4813 1207 4871; x_wconf 85' lang='lat' dir='ltr'><strong><em>Videbimus</em></strong></span> <span class='ocrx_word' id='word_1_736' title='bbox 1224 4830 1274 4867; x_wconf 87' lang='lat' dir='ltr'><strong><em>suo</em></strong></span> <span class='ocrx_word' id='word_1_737' title='bbox 1292 4811 1353 4865; x_wconf 90' lang='lat' dir='ltr'><strong><em>loco</em></strong></span> <span class='ocrx_word' id='word_1_738' title='bbox 1371 4810 1440 4882; x_wconf 90' lang='lat' dir='ltr'><strong><em>quid</em></strong></span> <span class='ocrx_word' id='word_1_739' title='bbox 1457 4811 1632 4882; x_wconf 85' lang='lat' dir='ltr'><strong><em>praestiterit.</em></strong></span> 
     </span>
     <span class='ocr_line' id='line_1_54' title="bbox 64 4896 1895 4979; baseline -0.006 -14"><span class='ocrx_word' id='word_1_740' title='bbox 64 4909 271 4979; x_wconf 72' lang='lat' dir='ltr'><strong><em>prophetarum</em></strong></span> <span class='ocrx_word' id='word_1_741' title='bbox 292 4914 319 4961; x_wconf 85' lang='lat' dir='ltr'><strong><em>et</em></strong></span> <span class='ocrx_word' id='word_1_742' title='bbox 340 4906 534 4975; x_wconf 81' lang='lat' dir='ltr'><strong><em>apostolorum</em></strong></span> <span class='ocrx_word' id='word_1_743' title='bbox 555 4905 611 4958; x_wconf 80' lang='lat' dir='ltr'><strong><em>siat</em></strong></span> <span class='ocrx_word' id='word_1_744' title='bbox 637 4904 803 4972; x_wconf 73' lang='lat' dir='ltr'><strong><em>Scripturas</em></strong></span> <span class='ocrx_word' id='word_1_745' title='bbox 833 4901 904 4954; x_wconf 86' lang='lat' dir='ltr'><strong><em>diui·</em></strong></span> <span class='ocrx_word' id='word_1_746' title='bbox 968 4908 1024 4959; x_wconf 90' lang='grc'><strong>122.</strong></span> <span class='ocrx_word' id='word_1_747' title='bbox 1054 4900 1257 4973; x_wconf 80' lang='lat' dir='ltr'><strong><em>Argumentum</em></strong></span> <span class='ocrx_word' id='word_1_748' title='bbox 1277 4903 1306 4952; x_wconf 83' lang='lat'><strong><em>2:</em></strong></span> <span class='ocrx_word' id='word_1_749' title='bbox 1330 4896 1523 4969; x_wconf 84' lang='lat' dir='ltr'><strong><em>Quodcunque</em></strong></span> <span class='ocrx_word' id='word_1_750' title='bbox 1541 4896 1643 4969; x_wconf 86' lang='lat' dir='ltr'><strong><em>dogma</em></strong></span> <span class='ocrx_word' id='word_1_751' title='bbox 1657 4905 1895 4972; x_wconf 69' lang='lat' dir='ltr'><strong><em>pugnaturum·</em></strong></span> 
     </span>
     <span class='ocr_line' id='line_1_55' title="bbox 67 4967 1885 5130; baseline -0.008 -77"><span class='ocrx_word' id='word_1_752' title='bbox 67 5013 136 5064; x_wconf 84' lang='lat' dir='ltr'><strong><em>sce,·</em></strong></span> <span class='ocrx_word' id='word_1_753' title='bbox 161 4994 196 5048; x_wconf 80' lang='lat' dir='ltr'><strong><em>id</em></strong></span> <span class='ocrx_word' id='word_1_754' title='bbox 218 5010 283 5049; x_wconf 83' lang='lat' dir='ltr'><strong><em>scra</em></strong></span> <span class='ocrx_word' id='word_1_755' title='bbox 306 5010 339 5048; x_wconf 82' lang='lat' dir='ltr'><strong><em>ec</em></strong></span> <span class='ocrx_word' id='word_1_756' title='bbox 356 4994 419 5048; x_wconf 84' lang='lat' dir='ltr'><strong><em>sola</em></strong></span> <span class='ocrx_word' id='word_1_757' title='bbox 436 4992 590 5045; x_wconf 82' lang='lat' dir='ltr'><strong><em>traditione</em></strong></span> <span class='ocrx_word' id='word_1_758' title='bbox 608 4991 743 5130; x_wconf 52' lang='lat' dir='ltr'><strong><em>(intelfigp</em></strong></span> <span class='ocrx_word' id='word_1_759' title='bbox 760 4987 903 5055; x_wconf 87' lang='lat' dir='ltr'><strong><em>ecclesiae)</em></strong></span> <span class='ocrx_word' id='word_1_760' title='bbox 930 5005 993 5044; x_wconf 91' lang='lat' dir='ltr'><strong><em>cum</em></strong></span> <span class='ocrx_word' id='word_1_761' title='bbox 1011 4985 1169 5057; x_wconf 85' lang='lat' dir='ltr'><strong><em>Scriptura,</em></strong></span> <span class='ocrx_word' id='word_1_762' title='bbox 1194 5002 1244 5055; x_wconf 87' lang='lat' dir='ltr'><strong><em>pro</em></strong></span> <span class='ocrx_word' id='word_1_763' title='bbox 1265 4981 1382 5037; x_wconf 86' lang='lat' dir='ltr'><strong><em>articulo</em></strong></span> <span class='ocrx_word' id='word_1_764' title='bbox 1404 4980 1469 5038; x_wconf 86' lang='lat' dir='ltr'><strong><em>fidei</em></strong></span> <span class='ocrx_word' id='word_1_765' title='bbox 1487 4983 1627 5052; x_wconf 83' lang='lat' dir='ltr'><strong><em>accepturi</em></strong></span> <span class='ocrx_word' id='word_1_766' title='bbox 1644 5000 1700 5038; x_wconf 92' lang='lat' dir='ltr'><strong><em>non</em></strong></span> <span class='ocrx_word' id='word_1_767' title='bbox 1719 4984 1765 5040; x_wconf 90' lang='lat' dir='ltr'><strong><em>de·</em></strong></span> <span class='ocrx_word' id='word_1_768' title='bbox 1777 4967 1885 5058; x_wconf 59' lang='lat' dir='ltr'>{ffiss&#39;m</span> 
     </span>
     <span class='ocr_line' id='line_1_56' title="bbox 67 5067 1899 5161; baseline -0.009 -25"><span class='ocrx_word' id='word_1_769' title='bbox 67 5089 94 5137; x_wconf 84' lang='lat' dir='ltr'><strong><em>st</em></strong></span> <span class='ocrx_word' id='word_1_770' title='bbox 110 5097 144 5135; x_wconf 79' lang='lat' dir='ltr'><strong><em>ec</em></strong></span> <span class='ocrx_word' id='word_1_771' title='bbox 160 5079 245 5135; x_wconf 79' lang='lat' dir='ltr'><strong><em>nullo</em></strong></span> <span class='ocrx_word' id='word_1_772' title='bbox 264 5079 416 5148; x_wconf 82' lang='lat' dir='ltr'><strong><em>Scriptura</em></strong></span> <span class='ocrx_word' id='word_1_773' title='bbox 429 5078 554 5147; x_wconf 82' lang='lat' dir='ltr'><strong><em>probari</em></strong></span> <span class='ocrx_word' id='word_1_774' title='bbox 566 5085 668 5145; x_wconf 87' lang='lat' dir='ltr'><strong><em>potest.</em></strong></span> <span class='ocrx_word' id='word_1_775' title='bbox 761 5074 904 5148; x_wconf 87' lang='lat' dir='ltr'><strong><em>quotbeo·</em></strong></span> <span class='ocrx_word' id='word_1_776' title='bbox 932 5079 987 5129; x_wconf 85' lang='lat' dir='ltr'><strong><em>bet</em></strong></span> <span class='ocrx_word' id='word_1_777' title='bbox 1023 5072 1133 5144; x_wconf 85' lang='lat' dir='ltr'><strong><em>Dogma</em></strong></span> <span class='ocrx_word' id='word_1_778' title='bbox 1159 5067 1436 5125; x_wconf 79' lang='lat' dir='ltr'><strong><em>trenmubstantionis</em></strong></span> <span class='ocrx_word' id='word_1_779' title='bbox 1462 5075 1571 5139; x_wconf 86' lang='lat' dir='ltr'><strong><em>pugnet</em></strong></span> <span class='ocrx_word' id='word_1_780' title='bbox 1605 5085 1668 5124; x_wconf 90' lang='lat' dir='ltr'><strong><em>cnm</em></strong></span> <span class='ocrx_word' id='word_1_781' title='bbox 1693 5067 1766 5126; x_wconf 89' lang='lat' dir='ltr'><strong><em>Scri·</em></strong></span> <span class='ocrx_word' id='word_1_782' title='bbox 1780 5071 1899 5161; x_wconf 42' lang='lat' dir='ltr'><strong><em>recaptu-</em></strong></span> 
     </span>
     <span class='ocr_line' id='line_1_57' title="bbox 68 5129 1867 5234; baseline -0.007 -10"><span class='ocrx_word' id='word_1_783' title='bbox 68 5172 172 5224; x_wconf 83' lang='lat' dir='ltr'><strong><em>remate</em></strong></span> <span class='ocrx_word' id='word_1_784' title='bbox 190 5165 239 5220; x_wconf 87' lang='lat' dir='ltr'><strong><em>lib.</em></strong></span> <span class='ocrx_word' id='word_1_785' title='bbox 258 5170 283 5221; x_wconf 95' lang='grc'><strong><em>2.</em></strong></span> <span class='ocrx_word' id='word_1_786' title='bbox 303 5164 339 5220; x_wconf 90' lang='lat' dir='ltr'><strong><em>de</em></strong></span> <span class='ocrx_word' id='word_1_787' title='bbox 357 5161 538 5220; x_wconf 87' lang='lat' dir='ltr'><strong><em>sacramentis</em></strong></span> <span class='ocrx_word' id='word_1_788' title='bbox 557 5178 580 5216; x_wconf 92' lang='lat' dir='ltr'><strong><em>c.</em></strong></span> <span class='ocrx_word' id='word_1_789' title='bbox 595 5167 637 5219; x_wconf 81' lang='grc'><strong><em>25.</em></strong></span> <span class='ocrx_word' id='word_1_790' title='bbox 650 5162 764 5218; x_wconf 88' lang='lat' dir='ltr'><strong><em>deducit</em></strong></span> <span class='ocrx_word' id='word_1_791' title='bbox 778 5161 904 5227; x_wconf 84' lang='lat' dir='ltr'><strong><em>alterum,</em></strong></span> <span class='ocrx_word' id='word_1_792' title='bbox 929 5169 1028 5234; x_wconf 84' lang='lat' dir='ltr'><strong><em>ptura,</em></strong></span> <span class='ocrx_word' id='word_1_793' title='bbox 1053 5159 1118 5231; x_wconf 89' lang='lat' dir='ltr'><strong><em>quia</em></strong></span> <span class='ocrx_word' id='word_1_794' title='bbox 1139 5154 1327 5228; x_wconf 86' lang='lat' dir='ltr'><strong><em>evangelistae</em></strong></span> <span class='ocrx_word' id='word_1_795' title='bbox 1349 5162 1378 5211; x_wconf 90' lang='lat' dir='ltr'><strong><em>et</em></strong></span> <span class='ocrx_word' id='word_1_796' title='bbox 1399 5153 1504 5209; x_wconf 88' lang='lat' dir='ltr'><strong><em>Penius</em></strong></span> <span class='ocrx_word' id='word_1_797' title='bbox 1527 5169 1655 5223; x_wconf 83' lang='lat' dir='ltr'><strong><em>expresse</em></strong></span> <span class='ocrx_word' id='word_1_798' title='bbox 1679 5157 1766 5212; x_wconf 89' lang='lat' dir='ltr'><strong><em>nomi·</em></strong></span> <span class='ocrx_word' id='word_1_799' title='bbox 1780 5129 1867 5223; x_wconf 45' lang='lat' dir='ltr'><strong><em>lix</em></strong></span> 
     </span>
     <span class='ocr_line' id='line_1_58' title="bbox 68 5239 1768 5356; baseline -0.006 -47"><span class='ocrx_word' id='word_1_800' title='bbox 68 5255 192 5309; x_wconf 74' lang='lat' dir='ltr'><strong><em>mnium</em></strong></span> <span class='ocrx_word' id='word_1_801' title='bbox 217 5252 379 5321; x_wconf 65' lang='lat' dir='ltr'><strong><em>dopmnum</em></strong></span> <span class='ocrx_word' id='word_1_802' title='bbox 402 5251 563 5316; x_wconf 70' lang='lat' dir='ltr'><strong><em>firmitatem</em></strong></span> <span class='ocrx_word' id='word_1_803' title='bbox 581 5249 707 5319; x_wconf 84' lang='lat' dir='ltr'><strong><em>pendere</em></strong></span> <span class='ocrx_word' id='word_1_804' title='bbox 731 5249 766 5300; x_wconf 85' lang='lat' dir='ltr'><strong><em>al</em></strong></span> <span class='ocrx_word' id='word_1_805' title='bbox 784 5248 998 5356; x_wconf 47' lang='lat' dir='ltr'><strong><em>auctori-‘nant</em></strong></span> <span class='ocrx_word' id='word_1_806' title='bbox 1012 5262 1113 5317; x_wconf 88' lang='lat' dir='ltr'><strong><em>panem</em></strong></span> <span class='ocrx_word' id='word_1_807' title='bbox 1131 5259 1187 5298; x_wconf 89' lang='lat' dir='ltr'><strong><em>non</em></strong></span> <span class='ocrx_word' id='word_1_808' title='bbox 1204 5241 1293 5296; x_wconf 89' lang='lat' dir='ltr'><strong><em>solum</em></strong></span> <span class='ocrx_word' id='word_1_809' title='bbox 1312 5240 1342 5297; x_wconf 92' lang='lat' dir='ltr'><strong><em>in</em></strong></span> <span class='ocrx_word' id='word_1_810' title='bbox 1359 5239 1468 5296; x_wconf 75' lang='lat' dir='ltr'><strong><em>audone</em></strong></span> <span class='ocrx_word' id='word_1_811' title='bbox 1486 5255 1596 5314; x_wconf 87' lang='lat' dir='ltr'><strong><em>coenae,</em></strong></span> <span class='ocrx_word' id='word_1_812' title='bbox 1615 5241 1768 5298; x_wconf 87' lang='lat' dir='ltr'><strong><em>sedetiam</em></strong></span> 
     </span>
    </p>

    <p class='ocr_par' dir='ltr' id='par_1_11' title="bbox 67 5325 1773 5494">
     <span class='ocr_line' id='line_1_59' title="bbox 67 5325 1767 5410; baseline -0.005 -17"><span class='ocrx_word' id='word_1_813' title='bbox 67 5347 125 5399; x_wconf 76' lang='lat' dir='ltr'><strong><em>taes</em></strong></span> <span class='ocrx_word' id='word_1_814' title='bbox 142 5339 307 5410; x_wconf 80' lang='lat' dir='ltr'><strong><em>praesentis</em></strong></span> <span class='ocrx_word' id='word_1_815' title='bbox 332 5337 474 5392; x_wconf 67' lang='lat' dir='ltr'><strong><em>saucias.</em></strong></span> <span class='ocrx_word' id='word_1_816' title='bbox 510 5334 540 5390; x_wconf 89' lang='lat' dir='ltr'><strong><em>Si</em></strong></span> <span class='ocrx_word' id='word_1_817' title='bbox 557 5350 688 5407; x_wconf 87' lang='lat' dir='ltr'><strong><em>quaeras,</em></strong></span> <span class='ocrx_word' id='word_1_818' title='bbox 710 5332 777 5403; x_wconf 90' lang='lat' dir='ltr'><strong><em>quid</em></strong></span> <span class='ocrx_word' id='word_1_819' title='bbox 793 5349 844 5403; x_wconf 86' lang='lat' dir='ltr'><strong><em>per</em></strong></span> <span class='ocrx_word' id='word_1_820' title='bbox 861 5350 904 5389; x_wconf 91' lang='lat' dir='ltr'><strong><em>ec·</em></strong></span> <span class='ocrx_word' id='word_1_821' title='bbox 929 5339 994 5405; x_wconf 91' lang='lat' dir='ltr'><strong><em>post</em></strong></span> <span class='ocrx_word' id='word_1_822' title='bbox 1011 5328 1245 5386; x_wconf 87' lang='lat' dir='ltr'><strong><em>consecrationem</em></strong></span> <span class='ocrx_word' id='word_1_823' title='bbox 1264 5326 1322 5382; x_wconf 86' lang='lat' dir='ltr'><strong><em>sive</em></strong></span> <span class='ocrx_word' id='word_1_824' title='bbox 1339 5325 1577 5391; x_wconf 86' lang='lat' dir='ltr'><strong><em>benedictionem,</em></strong></span> <span class='ocrx_word' id='word_1_825' title='bbox 1602 5343 1684 5383; x_wconf 88' lang='lat' dir='ltr'><strong><em>nemo</em></strong></span> <span class='ocrx_word' id='word_1_826' title='bbox 1702 5346 1767 5385; x_wconf 84' lang='lat' dir='ltr'><strong><em>vero</em></strong></span> 
     </span>
     <span class='ocr_line' id='line_1_60' title="bbox 68 5410 1773 5494; baseline -0.008 -9"><span class='ocrx_word' id='word_1_827' title='bbox 68 5426 181 5485; x_wconf 81' lang='lat' dir='ltr'><strong><em>alesiam</em></strong></span> <span class='ocrx_word' id='word_1_828' title='bbox 208 5422 361 5494; x_wconf 76' lang='lat' dir='ltr'><strong><em>intelliget,</em></strong></span> <span class='ocrx_word' id='word_1_829' title='bbox 388 5422 538 5494; x_wconf 85' lang='lat' dir='ltr'><strong><em>respondet</em></strong></span> <span class='ocrx_word' id='word_1_830' title='bbox 560 5419 608 5475; x_wconf 93' lang='lat' dir='ltr'><strong><em>lib.</em></strong></span> <span class='ocrx_word' id='word_1_831' title='bbox 635 5425 658 5475; x_wconf 83' lang='lat'><strong><em>3.</em></strong></span> <span class='ocrx_word' id='word_1_832' title='bbox 687 5418 723 5473; x_wconf 87' lang='lat' dir='ltr'><strong><em>de</em></strong></span> <span class='ocrx_word' id='word_1_833' title='bbox 745 5418 831 5474; x_wconf 81' lang='lat' dir='ltr'><strong><em>verbo</em></strong></span> <span class='ocrx_word' id='word_1_834' title='bbox 850 5418 904 5475; x_wconf 91' lang='lat' dir='ltr'><strong><em>Dei</em></strong></span> <span class='ocrx_word' id='word_1_835' title='bbox 930 5437 964 5477; x_wconf 88' lang='lat' dir='ltr'><strong><em>ex</em></strong></span> <span class='ocrx_word' id='word_1_836' title='bbox 985 5418 1040 5474; x_wconf 89' lang='lat' dir='ltr'><strong><em>illis</em></strong></span> <span class='ocrx_word' id='word_1_837' title='bbox 1064 5421 1145 5473; x_wconf 81' lang='lat' dir='ltr'><strong><em>vocat</em></strong></span> <span class='ocrx_word' id='word_1_838' title='bbox 1167 5414 1272 5469; x_wconf 88' lang='lat' dir='ltr'><strong><em>nudem</em></strong></span> <span class='ocrx_word' id='word_1_839' title='bbox 1289 5412 1422 5483; x_wconf 91' lang='lat' dir='ltr'><strong><em>speciem,</em></strong></span> <span class='ocrx_word' id='word_1_840' title='bbox 1444 5410 1502 5467; x_wconf 84' lang='lat' dir='ltr'><strong><em>sive</em></strong></span> <span class='ocrx_word' id='word_1_841' title='bbox 1521 5413 1598 5468; x_wconf 87' lang='lat' dir='ltr'><strong><em>nude</em></strong></span> <span class='ocrx_word' id='word_1_842' title='bbox 1617 5415 1773 5471; x_wconf 88' lang='lat' dir='ltr'><strong><em>accidentia</em></strong></span> 
     </span>
    </p>
   </div>
   <div class='ocr_carea' id='block_1_3' title="bbox 67 5496 1771 5663">
    <p class='ocr_par' dir='ltr' id='par_1_12' title="bbox 67 5496 1771 5663">
     <span class='ocr_line' id='line_1_61' title="bbox 67 5496 1771 5582; baseline -0.006 -14"><span class='ocrx_word' id='word_1_843' title='bbox 67 5529 93 5572; x_wconf 83' lang='lat' dir='ltr'><strong><em>c.</em></strong></span> <span class='ocrx_word' id='word_1_844' title='bbox 112 5518 140 5572; x_wconf 75' lang='lat'><strong><em>3.</em></strong></span> <span class='ocrx_word' id='word_1_845' title='bbox 161 5509 282 5582; x_wconf 86' lang='lat' dir='ltr'><strong><em>intelligi</em></strong></span> <span class='ocrx_word' id='word_1_846' title='bbox 303 5510 465 5581; x_wconf 75' lang='lat' dir='ltr'><strong><em>pontificem</em></strong></span> <span class='ocrx_word' id='word_1_847' title='bbox 486 5526 549 5564; x_wconf 90' lang='lat' dir='ltr'><strong><em>cum</em></strong></span> <span class='ocrx_word' id='word_1_848' title='bbox 572 5505 702 5565; x_wconf 73' lang='lat' dir='ltr'><strong><em>samua.</em></strong></span> <span class='ocrx_word' id='word_1_849' title='bbox 742 5503 813 5561; x_wconf 83' lang='lat' dir='ltr'><strong><em>Cum</em></strong></span> <span class='ocrx_word' id='word_1_850' title='bbox 838 5520 903 5561; x_wconf 80' lang='lat' dir='ltr'><strong><em>vero</em></strong></span> <span class='ocrx_word' id='word_1_851' title='bbox 929 5505 1019 5581; x_wconf 87' lang='lat' dir='ltr'><strong><em>penis.</em></strong></span> <span class='ocrx_word' id='word_1_852' title='bbox 1061 5501 1161 5561; x_wconf 77' lang='lat' dir='ltr'><strong><em>Metu.</em></strong></span> <span class='ocrx_word' id='word_1_853' title='bbox 1181 5506 1229 5568; x_wconf 88' lang='grc'><strong><em>26,</em></strong></span> <span class='ocrx_word' id='word_1_854' title='bbox 1244 5518 1270 5555; x_wconf 82' lang='lat' dir='ltr'><strong><em>v.</em></strong></span> <span class='ocrx_word' id='word_1_855' title='bbox 1290 5502 1331 5556; x_wconf 85' lang='grc'><strong><em>26.</em></strong></span> <span class='ocrx_word' id='word_1_856' title='bbox 1360 5496 1447 5552; x_wconf 85' lang='lat' dir='ltr'><strong><em>Marc.</em></strong></span> <span class='ocrx_word' id='word_1_857' title='bbox 1464 5503 1510 5567; x_wconf 80' lang='lat'><strong><em>14,</em></strong></span> <span class='ocrx_word' id='word_1_858' title='bbox 1527 5517 1553 5555; x_wconf 86' lang='lat' dir='ltr'><strong><em>r.</em></strong></span> <span class='ocrx_word' id='word_1_859' title='bbox 1573 5503 1615 5558; x_wconf 88' lang='grc'><strong><em>22.</em></strong></span> <span class='ocrx_word' id='word_1_860' title='bbox 1639 5506 1707 5558; x_wconf 82' lang='lat' dir='ltr'><strong><em>an.</em></strong></span> <span class='ocrx_word' id='word_1_861' title='bbox 1727 5504 1771 5565; x_wconf 79' lang='lat' dir='ltr'><strong><em>m,</em></strong></span> 
     </span>
     <span class='ocr_line' id='line_1_62' title="bbox 623 5605 1443 5663; baseline -0.007 -51"><span class='ocrx_word' id='word_1_862' title='bbox 623 5609 626 5612; x_wconf 79' lang='grc'>,</span> <span class='ocrx_word' id='word_1_863' title='bbox 1403 5605 1443 5663; x_wconf 48' lang='grc' dir='ltr'><strong><em>δ’</em></strong></span> 
     </span>
    </p>
   </div>
   <div class='ocr_carea' id='block_1_4' title="bbox 0 0 2011 6020">
    <p class='ocr_par' dir='ltr' id='par_1_13' title="bbox 0 0 2011 6020">
     <span class='ocr_line' id='line_1_63' title="bbox 0 0 2011 6020; baseline 0 0"><span class='ocrx_word' id='word_1_864' title='bbox 0 0 2011 6020; x_wconf 95' lang='lat' dir='ltr'><strong><em> </em></strong></span> 
     </span>
    </p>
   </div>
  </div>
 </body>
</html>
