4004 6022
736 110 788 169 ΒΕ
804 111 929 174 ΒΑΟΒΔ
947 111 1084 173 colibet
1701 126 1760 186 ιω

26 265 109 322 n'te
128 265 262 322 m
285 267 330 320 ed
350 265 469 321 mittem
486 265 715 338 spiritualemne
733 269 1013 336 memoriamidimus
1041 269 1181 342 mperius,
1210 269 1324 327 unicum
1351 270 1528 344 prumiae
1551 272 1763 330 muniis

14 367 105 420 pra
132 351 216 408 nobis
248 350 419 407 mminmae
446 352 597 423 passionis.
646 353 732 417 stod
757 372 820 409 cum
841 370 897 424 per
920 355 1133 412 fundamentum
1165 373 1216 413 nos
1246 361 1370 415 statuere
1396 357 1426 412 in
1449 357 1542 413 verbis
1569 373 1674 416 coense
1698 375 1761 431 pro
1786 402 1790 411 .

22 456 155 494 manus
179 439 321 494 damnum
341 441 383 492 art
399 439 482 493 silem
502 441 636 494 ebionem
654 442 774 511 spreciem
789 442 896 511 perdu-
922 442 982 511 prie
1001 448 1030 496 et
1048 441 1115 496 καιά
1134 442 1216 514 ῥητὸν
1229 443 1359 516 acceptis,
1378 444 1490 516 quando
1503 450 1596 500 summ
1609 445 1760 501 severum

18 527 144 590 citer,
164 544 222 580 non
243 527 447 591 sanctificater,
473 534 504 580 ut
522 528 559 580 sit
578 535 634 581 tans
650 546 780 596 mopnum
799 545 898 581 mora·
923 525 1061 582 Christum
1086 546 1136 584 sno
1158 545 1274 600 corpore
1298 530 1351 584 hoo
1374 535 1515 600 praestare
1539 547 1622 602 posse
1647 537 1759 602 negant,

20 621 189 679 mentum,
214 613 271 666 nisi
289 619 423 682 operante
441 613 617 666 invisibiliter
640 614 750 683 Spiritu
770 614 830 667 Dei
844 619 895 670 etc.
922 615 1086 685 opponimus
1115 614 1183 686 ipsis
1208 615 1355 670 articulum
1380 615 1488 671 unionis
1513 615 1707 687 hypostaticae
1731 622 1760 673 et

26 698 111 765 (nbi
131 697 299 752 Franciscus
317 696 424 752 Maron.
444 699 473 752 in
492 699 616 770 margine
633 699 755 754 notavit:
792 700 896 754 Exclu·
921 698 1096 754 exaltationis
1125 701 1161 754 ad
1191 701 1316 755 dextram
1343 700 1413 765 Dei,
1462 718 1516 756 non
1551 708 1584 756 ut
1615 702 1759 757 distinctos

28 783 135 838 acar
158 784 214 838 iilo
240 784 345 851 cirues,
369 801 452 852 quam
473 784 565 853 aiiqrci
583 785 613 837 in
629 786 720 837 ambis
737 802 897 838 sacramen·
921 787 1094 858 praesentiae
1113 786 1217 858 gradus
1236 786 1447 854 confundamus,
1465 787 1515 843 sed
1533 792 1565 841 ut
1582 786 1692 842 Christo
1706 787 1759 842 boc

32 870 161 924 talibus
176 870 314 940 ponunt.)
350 870 428 924 Idem
447 869 492 924 lib¹
514 875 555 925 20.
575 875 672 925 contra
689 870 785 925 Faust
804 887 828 925 c.
852 876 896 925 1³:
920 889 975 926 non
992 872 1081 927 sotum
1099 873 1238 943 possibile,
1256 874 1306 928 sed
1323 873 1406 929 enam
1419 873 1581 928 facillimum
1594 890 1656 929 esse
1668 881 1760 929 osten-

36 957 147 1011 Panis
175 957 248 1010 enim
276 963 303 1008 et
330 957 405 1009 calio
434 963 512 1009 certa
536 956 744 1010 commotione
765 957 897 1024 mosara
921 959 1026 1012 dumus.
1077 964 1101 1013 t.
1134 960 1168 1014 ss·
1198 959 1374 1014 Cimonieius
1394 977 1490 1014 veram
1514 961 1675 1025 efficaciam
1699 979 1758 1013 mu·

36 1049 99 1108 tit,
120 1044 201 1098 nobis
219 1061 274 1097 non
291 1043 427 1107 nascitur,
445 1050 472 1097 et
492 1045 641 1113 puerinon
660 1043 702 1095 ito
718 1044 762 1111 fit,
782 1042 897 1096 alimen-
921 1045 1005 1097 tondi
1023 1046 1208 1099 substantiam
1227 1047 1314 1116 panis
1338 1046 1471 1101 tribueret
1492 1046 1582 1100 ambis
1600 1063 1758 1101 sacramen-

39 1139 110 1183 tum
133 1136 175 1183 est
193 1129 371 1199 refectionis,
396 1148 451 1183 non
474 1136 678 1183 armamentum
692 1128 846 1197 reiipionis.
871 1145 895 1182 c.
921 1131 1032 1200 talibus,
1049 1132 1109 1184 sine
1130 1132 1216 1185 dubio
1235 1133 1435 1201 nonobjiceret
1449 1133 1608 1201 Pontifioiis
1620 1133 1759 1202 mapicam

42 1216 158 1274 Utrum
176 1215 205 1269 in
223 1215 315 1287 figura
333 1215 396 1271 dist.
417 1220 439 1270 t.
461 1215 496 1269 de
515 1222 665 1270 consecrat
701 1215 824 1284 Reliqua
840 1231 895 1267 om·
920 1217 1145 1271 incantationem.
1192 1216 1417 1288 Respondemus:
1447 1217 1601 1274 efficaciam
1632 1218 1758 1273 mutandi

50 1303 120 1366 ssia,
150 1318 223 1370 qssae
250 1305 386 1355 suendae
413 1301 483 1354 dicit
514 1308 563 1353 aut
590 1302 683 1354 clerus
707 1301 788 1354 ebori
810 1300 896 1367 cani,
919 1303 1103 1359 substantiam
1137 1303 1217 1373 panis
1253 1320 1304 1359 nec
1330 1303 1506 1359 Chemnicins
1534 1321 1585 1359 nec
1610 1303 1757 1376 quisquam
1789 1374 1792 1379 Ι

50 1388 128 1442 minii
146 1388 232 1442 aiisssi
247 1395 310 1441 sunt
330 1404 414 1456 quam
434 1388 537 1441 laicales
557 1395 607 1440 aut
625 1387 786 1456 pratiorum
808 1386 895 1439 actio·
919 1395 1042 1444 nostrum
1065 1388 1157 1444 verbis
1182 1389 1428 1444 sacramentalibus
1453 1389 1564 1458 tribuit,
1588 1407 1622 1445 ex
1640 1406 1673 1445 eo
1691 1406 1757 1445 vcro

52 1492 104 1529 nes
133 1482 184 1529 anst
210 1482 283 1528 certe
311 1475 517 1528 obsecrationes
540 1482 567 1527 et
584 1473 716 1543 fidetium
729 1473 896 1543 petitiones;
920 1476 1042 1530 nondum
1068 1475 1205 1546 sequitur,
1233 1475 1308 1544 quod
1332 1474 1435 1529 nudam
1459 1475 1651 1531 mnuamodo
1671 1475 1756 1548 signi-

53 1562 191 1616 sacerdos
215 1576 281 1614 oeno
305 1568 518 1614 consecraturus
537 1561 655 1614 assumit
672 1560 758 1613 uerbo
778 1575 894 1628 eoranc·
920 1561 1076 1617 ficationem
1101 1561 1156 1616 illis
1180 1562 1347 1625 tribuamus,
1373 1561 1455 1616 datur
1475 1562 1548 1617 enim
1567 1563 1695 1632 tardum,
1716 1562 1756 1615 ri·

57 1649 195 1701 listarum.
231 1645 367 1700 Eusebius
386 1646 545 1701 Emissenus
563 1663 643 1702 serm.
660 1652 683 1700 5.
704 1646 740 1700 de
757 1643 852 1716 pasch.
866 1649 895 1699 et
920 1648 1021 1705 delicet
1046 1647 1145 1703 efficax
1169 1647 1340 1703 consecratio
1363 1647 1448 1703 etad
1472 1665 1553 1702 usum
1571 1654 1755 1705 sacramenta·

57 1735 160 1789 oitatur
177 1750 201 1789 o.
233 1732 506 1804 Quiecorpusdist
527 1731 762 1787 rosconmon:
789 1731 892 1785 lnrisi-
920 1733 974 1788 lem
998 1733 1157 1788 destinatio.
1198 1737 1223 1789 t.
1251 1733 1426 1790 Ciemnicius
1444 1751 1507 1787 cum
1525 1734 1662 1804 erptiam,
1688 1751 1756 1804 qrso·

59 1821 121 1873 bilis
154 1821 288 1873 senarios
316 1818 440 1872 oiaibsiee
470 1826 618 1872 meatmas
646 1820 676 1871 in
707 1818 893 1872 urinantium
920 1820 1003 1874 orode
1021 1835 1077 1888 per
1096 1820 1180 1872 ambo
1202 1819 1257 1873 iiia
1277 1819 1361 1888 panis
1373 1820 1430 1886 fiat
1447 1837 1550 1889 corpus
1569 1818 1689 1882 Christi,
1715 1822 1757 1874 ni·

59 1907 186 1977 corporis
215 1913 242 1960 et
272 1905 419 1973 sanquinis
448 1906 495 1958 srsi
516 1906 598 1958 aerbo
622 1923 673 1959 suo
693 1911 801 1958 semaa
813 1910 894 1973 pote·
920 1904 961 1957 oe
985 1905 1069 1959 atiud
1087 1904 1169 1973 dicit,
1193 1904 1251 1957 nisi
1267 1922 1318 1958 nor
1334 1912 1425 1958 certos
1441 1905 1527 1958 recidi
1539 1921 1595 1974 per
1608 1923 1642 1959 eo
1661 1908 1756 1969 rerba,

59 2002 128 2047 mate
153 1993 288 2047 conuertit
313 1992 355 2044 ita
383 1992 494 2045 dicens.-
522 1991 650 2061 Accipite
674 2000 700 2044 et
727 1991 813 2055 edite,
842 1990 894 2042 boc
920 1992 1054 2045 distabui
1076 1992 1106 2044 in
1130 2007 1218 2045 eoena
1240 1991 1360 2045 Domini
1381 2007 1475 2044 oerum
1497 2008 1601 2060 corpus
1619 1999 1646 2044 et
1662 2010 1757 2045 omum

61 2088 97 2133 cst
117 2097 221 2147 coeptus
237 2094 345 2145 meum,·
365 2085 391 2130 et
408 2078 631 2142 sanctificatione
649 2077 784 2146 repetita:
808 2076 893 2129 Aeci·
919 2078 1084 2145 sanquinem
1113 2077 1227 2130 Christi.
1270 2076 1494 2147 Respondemus:
1526 2076 1581 2131 imo
1604 2093 1669 2131 vero
1693 2078 1756 2147 pius

58 2167 114 2237 pite
137 2173 162 2217 et
189 2163 284 2232 bibite,
313 2163 359 2217 bic
383 2170 424 2216 est
446 2162 562 2231 sanquis
581 2179 665 2215 meua
705 2162 893 2217 Damasoenus
921 2162 997 2233 dicit,
1016 2169 1047 2218 nt
1065 2180 1098 2218 ex
1117 2163 1227 2234 integro
1247 2167 1377 2217 contextu
1395 2167 1423 2216 et
1442 2178 1476 2215 ex
1495 2161 1537 2226 iis,
1557 2178 1629 2232 quae
1647 2162 1700 2217 bno
1720 2163 1756 2216 de

62 2252 104 2307 lib.
122 2258 146 2307 t.
165 2269 189 2306 c.
212 2257 257 2306 14:
280 2251 362 2304 Dicit
381 2250 534 2314 Dominus,
554 2249 605 2304 boc
623 2257 663 2302 est
680 2266 784 2318 corpus
797 2265 894 2318 murm,
920 2266 949 2303 re
969 2248 1096 2320 superius
1115 2249 1191 2304 dicta
1208 2255 1286 2317 sunt,
1305 2247 1489 2316 manifestum,
1507 2247 1548 2302 sic
1566 2248 1640 2302 enim
1651 2248 1755 2304 ibidem

62 2347 85 2392 et
108 2339 159 2392 boc
180 2338 269 2400 faede
286 2337 315 2389 in
333 2354 422 2390 meaos
439 2336 739 2404 commemorationem,
763 2344 789 2387 et
806 2335 893 2389 omni·
919 2335 1018 2391 scribit
1042 2334 1218 2390 Chemnicius
1242 2342 1313 2406 part.
1337 2340 1361 2391 2.
1388 2352 1475 2390 eram.
1498 2351 1560 2405 cap.
1586 2334 1621 2389 de
1639 2351 1753 2391 sacram.

57 2424 164 2494 potenti
182 2425 243 2493 ejus
260 2431 415 2492 praecepto
433 2423 566 2487 efficium,
585 2423 674 2476 donec
690 2421 790 2475 neseiat
920 2421 1029 2475 eueher.
1048 2439 1076 2491 p.
1100 2426 1161 2476 119:
1190 2420 1303 2475 Certum
1320 2429 1374 2489 est,
1397 2429 1604 2474 sacramentum
1622 2438 1677 2473 non
1694 2438 1755 2476 esse

96 2515 152 2566 153.
173 2509 251 2565 Haec
271 2509 390 2564 comita
407 2507 478 2577 sint,
500 2507 582 2563 facile
600 2511 731 2578 apparet,
751 2507 819 2578 quid
839 2514 893 2562 stu·
919 2510 980 2563 sine
1009 2509 1104 2577 rabo,
1130 2509 1210 2563 nulio
1239 2508 1325 2576 ipitur
1356 2510 1439 2562 modo
1467 2508 1640 2563 eucharistia
1664 2514 1757 2576 potest

62 2596 192 2652 mendum
224 2596 260 2651 sit
289 2595 323 2650 de
349 2611 396 2663 eo,
428 2595 503 2667 quod
532 2594 715 2652 Bellarminus
737 2593 785 2648 lib.
812 2600 836 2649 t.
859 2593 894 2648 de
920 2613 979 2650 esec
995 2595 1055 2649 sine
1070 2594 1334 2649 adhibitioneoerbi
1344 2597 1397 2650 etc.
1413 2595 1517 2663 quodsi
1526 2594 1589 2662 jam
1600 2593 1761 2664 quaeritur,-

62 2683 166 2738 euehar.
186 2699 209 2737 c.
234 2687 274 2737 tr.
287 2681 446 2736 Chemnicio
465 2680 570 2750 tribuit,
589 2681 663 2751 quod
678 2679 770 2735 verbis
781 2680 892 2752 quidem
920 2687 1061 2754 quodnam
1086 2683 1123 2736 sit
1140 2683 1218 2736 iilud
1233 2683 1344 2736 uerbum
1364 2682 1580 2750 benedictionis,
1605 2699 1660 2751 quo
1678 2699 1756 2735 occe-

62 2787 77 2824 s
92 2769 207 2824 Calvino
232 2768 260 2823 in
281 2768 334 2822 hac
356 2768 517 2839 quaestione
535 2767 693 2836 dissentiat,
717 2767 827 2838 reipsa
845 2784 893 2821 au·
920 2772 1003 2824 ebruc
1022 2772 1064 2822 art
1076 2785 1179 2839 ponem
1197 2777 1224 2822 et
1239 2769 1332 2823 einum
1343 2770 1395 2832 n'at
1408 2776 1613 2822 reuomentem
1626 2768 1757 2837 comonis

63 2860 113 2912 mm
135 2854 260 2927 proxime
282 2854 411 2917 accedat,
437 2854 465 2908 id
491 2854 567 2927 quod
591 2855 617 2923 fi.
638 2853 687 2909 ult.
714 2853 754 2907 sic
772 2852 892 2924 exponit,
920 2864 946 2910 et
963 2855 1109 2924 sanquinis
1128 2853 1259 2919 Domini,
1280 2861 1354 2908 certe
1371 2854 1422 2908 boc
1440 2861 1520 2908 entra
1538 2855 1757 2909 controumsiam

62 2941 246 2996 ttemniciom
263 2940 354 2993 nerins
371 2940 483 3009 pridem
501 2940 656 3008 admittere,
674 2939 760 2992 rerba
776 2938 897 2992 Domini
921 2949 973 3011 cst,
1001 2942 1072 2995 esest
1094 2942 1309 3011 unumquodque
1331 2948 1537 2994 mmameruron
1554 2941 1634 2993 babet
1653 2948 1757 2994 certum

59 3045 113 3082 esse
142 3025 362 3092 consecratoria,
389 3042 420 3078 re
447 3026 511 3095 ipsa
537 3033 630 3078 ortem
659 3042 715 3078 non
741 3040 894 3094 conoscere
920 3028 1041 3096 aliquod
1057 3027 1169 3080 verbnm
1187 3026 1246 3079 Dei
1262 3025 1317 3079 sibi
1330 3026 1482 3095 proprium
1499 3033 1526 3078 et
1537 3026 1700 3094 peculiare,
1716 3027 1758 3079 ito

59 3113 145 3167 naam
167 3130 261 3166 oerom
286 3111 534 3178 consecrationem,
556 3113 609 3164 sed
629 3110 719 3164 solam
737 3109 894 3163 instmctio·
920 3114 1004 3168 otiam
1028 3111 1229 3167 anatomiam
1251 3110 1353 3165 babere
1378 3118 1484 3165 certum
1497 3112 1649 3181 proprium
1666 3118 1693 3165 et
1706 3128 1756 3180 pe·

60 3217 117 3253 nem
144 3199 219 3263 fidei.
260 3197 347 3268 Atqui
372 3196 473 3251 diserte
489 3195 588 3251 statuit
605 3196 781 3251 Chemnicius
798 3201 827 3251 et
843 3211 894 3250 nos
920 3199 1029 3252 certiore
1048 3197 1169 3259 vermem,
1188 3196 1281 3264 msam
1296 3195 1405 3250 scitica
1417 3197 1618 3249 institutionem
1629 3196 1756 3249 dirim

60 3301 120 3340 cum
152 3300 200 3353 eo,
229 3282 316 3338 ruba
339 3299 435 3338 sacrae
457 3299 560 3339 coenae
583 3298 638 3337 non
661 3282 750 3336 solum
773 3282 810 3336 ad
829 3281 894 3338 fidei
920 3290 972 3339 etc.
998 3301 1025 3355 p.
1045 3287 1106 3339 121:
1148 3283 1223 3336 Vera
1241 3282 1330 3350 ipitsu
1346 3283 1517 3336 consecratio
1535 3299 1584 3336 seu
1601 3283 1756 3337 benedictio

60 3369 275 3437 instructionem,
293 3369 342 3423 scd
360 3369 443 3424 etiam
462 3368 498 3421 ad
517 3373 691 3423 externorum
706 3367 894 3440 symbolorum
921 3370 1106 3424 eucharistiae
1137 3367 1264 3423 emistit
1295 3368 1326 3421 in
1354 3368 1445 3422 verbs
1471 3368 1655 3423 innumeras
1685 3368 1757 3422 Filii

60 3456 292 3513 commodarem
320 3453 453 3510 adhiberi.
502 3453 646 3518 Quomodo
676 3454 762 3526 igitur
793 3454 895 3525 probat
922 3458 994 3524 Dei,
1013 3472 1068 3526 per
1092 3473 1176 3525 mmm
1194 3455 1254 3525 ipse
1272 3455 1353 3509 nobis
1370 3454 1455 3508 bodie
1473 3462 1500 3507 et
1515 3470 1601 3523 usque
1620 3457 1662 3508 aei
1674 3456 1757 3520 finan

15 3533 49 3581 πὶ
59 3543 242 3600 bellarminus
262 3540 467 3597 accusationem
485 3539 644 3596 Ohemnicio
663 3546 693 3596 et
708 3540 787 3595 nobis
806 3541 893 3596 inten-
919 3543 1009 3599 seculi
1033 3549 1177 3596 corueerat
1200 3548 1227 3594 et
1248 3541 1409 3610 sanen'ficat
1421 3558 1527 3610 panem
1545 3548 1572 3595 et
1588 3542 1696 3610 vinum,
1727 3551 1757 3596 ut

60 3628 168 3684 tetam?
208 3631 227 3680 1.
251 3628 324 3691 Quia
346 3628 404 3696 spei
422 3645 477 3681 non
497 3628 615 3680 madunt
635 3626 761 3699 (inquit),
788 3628 896 3680 rumori
921 3629 1002 3683 curn
1023 3627 1252 3692 nmninationem
1280 3644 1365 3696 msam
1382 3635 1488 3680 notsoa
1505 3645 1562 3680 non
1579 3628 1692 3695 tradent,
1723 3645 1757 3682 ea

56 3732 159 3785 panem
181 3718 211 3767 in
236 3731 338 3783 corpus
361 3711 480 3781 Christi,
504 3730 571 3783 erpo
588 3731 643 3766 non
660 3714 784 3789 tribuunt
801 3713 892 3768 ocreis
919 3715 1016 3784 pratia
1039 3722 1066 3768 et
1088 3714 1190 3768 ambae
1218 3712 1318 3768 diuina
1335 3711 1511 3782 percipiant,
1541 3720 1572 3766 ut
1592 3714 1648 3765 sint
1668 3714 1757 3781 ipsine

57 3802 215 3871 dicaciam
234 3817 328 3854 reram
349 3800 478 3852 mruondi
493 3816 595 3868 panem
611 3800 755 3869 incorpus
769 3800 893 3853 Domini.
919 3818 1022 3871 corpus
1042 3808 1068 3854 et
1087 3801 1210 3870 sanquis.
1228 3816 1255 3869 p.
1280 3803 1341 3855 tet:
1368 3798 1458 3851 Nulla
1478 3806 1625 3861 nectura,
1641 3800 1694 3852 sed
1712 3817 1755 3853 so·

58 3887 282 3961 Respondemus:
310 3885 487 3941 Ostendimus
505 3886 645 3957 superius,
673 3886 745 3941 inter
762 3886 893 3942 mutatio-
919 3888 964 3942 ius
984 3886 1079 3942 Fiiisu
1097 3887 1159 3940 Dei
1181 3887 1282 3941 uirtute
1304 3892 1331 3939 et
1350 3884 1552 3954 omnipotentia
1568 3902 1622 3937 essa
1640 3886 1756 3952 efficere

57 3993 116 4031 nem
150 3973 324 4029 annualem
354 3980 382 4027 et
412 3972 650 4029 adumbrationem
678 3972 891 4046 significativam
917 3982 1021 4046 potest,
1050 3982 1080 4026 ut
1099 3973 1188 4043 panis
1210 3973 1247 4025 eit
1269 3972 1360 4040 spsirss
1383 3988 1486 4041 coqsus
1508 3978 1534 4024 et
1552 3971 1646 4024 uinum
1666 3972 1756 4041 ipsius

57 4061 114 4116 dari
141 4060 270 4128 tertium
299 4059 431 4114 videlicet
452 4059 632 4115 mutationem
656 4059 891 4130 sacramentalem,
917 4061 1052 4129 sanqreis5
1084 4059 1160 4113 illud
1190 4064 1281 4112 autem
1306 4058 1337 4110 in
1359 4057 1459 4126 prima
1485 4075 1573 4111 coena
1596 4057 1686 4127 efficit
1700 4073 1756 4127 per

56 4147 171 4216 proinde
191 4145 301 4216 quando
319 4145 464 4200 interduo
482 4145 711 4217 oppositadatur
728 4145 854 4210 tertium,
874 4162 892 4200 a
916 4148 1028 4202 verbum
1055 4147 1168 4201 dicens.-
1195 4145 1258 4199 Hoc
1277 4153 1318 4198 est
1335 4161 1438 4214 corpus
1456 4160 1553 4199 meum.
1590 4145 1755 4198 Recitootur

56 4233 206 4287 remotione
229 4231 311 4286 unius
335 4231 480 4287 nonlicet
504 4232 635 4304 progredi
663 4232 698 4286 ad
726 4232 890 4303 positionem
917 4233 1006 4302 ipitur
1023 4233 1054 4286 iu
1072 4239 1169 4286 nostra
1190 4230 1343 4284 Doms'oica
1362 4248 1449 4286 coeno
1468 4232 1553 4284 rerba
1571 4231 1755 4285 memnonis
1867 4228 1877 4241 ⁸

55 4318 181 4382 alteriue,
205 4317 278 4372 siout
295 4317 479 4372 Beliarminns
497 4318 549 4372 hoc
567 4318 628 4373 ioco
645 4317 785 4388 procedit,
808 4334 840 4373 ex
857 4335 890 4372 eo
917 4336 973 4373 non
1000 4325 1106 4372 motum
1127 4314 1273 4385 historice,
1301 4318 1353 4370 sed
1376 4324 1406 4371 ut
1429 4317 1562 4371 ecciesiae
1581 4318 1756 4384 ostmdamr,

56 4406 129 4477 quod
147 4421 202 4459 non
222 4403 376 4460 tribuemus
395 4404 486 4459 verbis
499 4404 746 4460 sacramentalibus
758 4403 814 4458 rim
826 4420 890 4459 con·
919 4405 1060 4459 Circeium
1085 4404 1177 4473 ipsum
1197 4420 1252 4473 per
1269 4405 1382 4458 verdum
1394 4403 1480 4472 jauo
1495 4421 1575 4457 suum
1592 4404 1756 4457 mmdatum

55 4490 180 4547 vomendi
204 4506 304 4561 panem
327 4489 355 4543 in
381 4506 481 4560 corpus
498 4488 601 4545 Christi
626 4489 799 4551 irmiricus
816 4490 890 4545 coili-
918 4501 943 4546 et
964 4491 1181 4562 promissionem
1202 4491 1233 4543 in
1249 4490 1358 4544 actione
1377 4505 1479 4543 coenae
1499 4491 1599 4543 adesse
1616 4496 1642 4542 et
1657 4496 1756 4559 poten-

54 4596 131 4650 gens,
149 4593 200 4630 nos
220 4582 349 4645 statuere,
368 4577 442 4648 quod
461 4575 547 4631 verba
564 4594 667 4634 cocum
685 4578 720 4632 ad
733 4576 891 4649 significan·
918 4579 960 4633 tia
989 4578 1068 4631 illisu
1094 4576 1173 4631 oerbi
1201 4576 1328 4630 cohibere
1359 4575 1529 4629 vescentibus
1551 4591 1633 4629 suum
1652 4591 1756 4644 corpus

53 4749 246 4805 adhibeantur.
290 4753 316 4803 2.
341 4749 482 4816 Sentiunt,
510 4764 613 4818 corpus
633 4748 742 4804 Cimbii
755 4767 815 4804 esse
834 4751 892 4804 ubi·
915 4768 970 4823 per
994 4749 1168 4816 ministrum,-
1193 4748 1254 4818 ipm
1272 4756 1327 4814 est,
1352 4747 1403 4818 qui
1417 4747 1501 4816 deci,
1525 4748 1577 4801 boe
1594 4753 1634 4798 est
1652 4763 1757 4816 eorpus

54 4853 122 4907 qne,
152 4853 219 4901 erqo
250 4837 335 4890 verba
365 4853 419 4889 uon
448 4834 575 4902 faciunt,
607 4841 637 4888 ut
665 4853 767 4906 corpus
787 4837 895 4892 Obristi
920 4854 1026 4905 meum,·
1050 4836 1112 4905 ipse
1135 4842 1190 4896 est,
1216 4835 1266 4903 qui
1285 4850 1337 4902 per
1355 4834 1406 4888 boe
1423 4850 1504 4887 suum
1523 4832 1633 4886 rabum
1652 4833 1757 4896 aftana

53 4923 173 4993 incipiat
195 4938 253 4976 esse
267 4938 414 4991 praesens.
450 4920 676 4991 Respondemus:
695 4922 893 4995 distinguenda
919 4932 972 4986 est,
1002 4929 1033 4976 ut
1055 4921 1142 4992 panis
1165 4920 1202 4973 sit
1226 4935 1329 4988 corpus
1351 4926 1378 4971 et
1405 4918 1499 4972 rmum
1521 4916 1756 4986 sanquiss'psius.

53 5013 96 5064 est
127 5006 360 5078 omnipraesentia
389 5006 542 5077 personalis
572 5021 590 5059 a
619 5006 775 5077 praesentia
802 5023 892 5062 ucra-
918 5009 997 5077 Haec
1015 5007 1070 5062 Dn.
1089 5003 1274 5061 Chemnicias.

53 5093 175 5162 mentali,
192 5100 225 5148 nt
242 5093 310 5147 alibi
327 5093 408 5147 latius
429 5092 579 5164 exponitur.
615 5092 787 5146 &Brennus
803 5095 893 5162 dcem,
958 5099 1013 5151 tet.
1046 5091 1086 5148 Ut
1115 5095 1208 5145 sutem
1235 5089 1420 5146 Bellarminm
1443 5087 1596 5159 intelligat,
1620 5104 1681 5144 esse
1700 5105 1756 5144 me·

53 5182 117 5235 ideo
137 5178 227 5234 statui
244 5179 433 5248 ubiquitatem,
452 5179 523 5250 quia
537 5177 650 5248 alioqui
660 5185 896 5249 nonpotesepra
919 5182 996 5238 dium
1019 5196 1053 5234 ac
1077 5177 1189 5234 tertium
1211 5176 1351 5248 quoddam
1368 5175 1440 5230 inter
1457 5174 1561 5230 nudam
1579 5173 1757 5247 significatio·

53 5267 117 5319 bari
135 5264 301 5335 praesentia
322 5266 451 5333 corporis
466 5263 585 5319 Domini
602 5262 891 5332 nbiperesfieaciam
916 5284 981 5323 nem
1007 5262 1181 5337 praesentiae
1204 5261 1327 5334 eorporis
1353 5264 1382 5315 et
1404 5259 1477 5316 inter
1503 5260 1679 5316 murum
1697 5278 1755 5315 mu-

52 5349 273 5407 consecrationis
306 5351 475 5418 papisticus.
522 5348 746 5421 Respondemus:
793 5347 892 5405 Osten-
917 5353 1051 5409 udonem
1076 5355 1251 5407 munorum
1273 5346 1463 5416 symbolorum
1480 5346 1510 5404 in
1527 5363 1628 5420 corpus
1647 5353 1676 5403 et
1693 5362 1756 5402 esn-
