4004 6022
163 280 220 352 'ii
774 270 898 342 LOCUS
916 266 1120 341 monemus
1138 268 1283 340 PRIMUS

178 440 309 493 trinserc.
348 434 429 493 Haec
447 434 497 494 illi
532 436 660 505 Quantae
677 437 763 511 igitur
781 439 936 510 proterviae
953 436 1013 493 ras·
1042 436 1154 493 modum
1177 454 1260 511 qnam
1284 436 1450 502 naturalem,
1477 444 1533 507 quo
1557 445 1658 507 corpus
1676 426 1783 490 Christi
1800 444 1846 509 pet

177 525 216 579 rit
236 523 452 595 omnipotentiae
475 523 586 582 urinas
611 522 665 580 hoc
688 524 836 598 derogare,
860 523 936 596 quod
958 539 1015 578 non
1040 540 1103 580 sens
1132 524 1229 580 sistere
1255 523 1353 596 possit.
1400 528 1439 580 11.
1463 522 1591 594 Denique
1617 521 1811 578 observandus
1835 538 1846 579 e

178 610 269 683 possit
285 608 470 683 glorificatum
490 616 518 667 et
537 608 611 684 λόγῳ
630 612 813 684 personaliter
831 609 939 666 unitum
956 624 1014 664 cor
1040 611 1174 682 circulus,
1203 626 1285 684 quem
1307 608 1485 664 committunt
1502 608 1651 665 adversarii
1671 608 1700 662 in
1718 607 1779 663 suis
1797 624 1846 681 arg

179 715 233 770 pus
257 698 286 752 in
308 714 388 753 sacra
410 715 498 755 coena
519 714 650 771 praesens
668 699 749 756 nobis
766 697 884 754 sisteret
907 696 952 752 De
967 712 1015 750 na·
1041 697 1147 754 mentis.
1185 696 1348 763 Quaeritur,
1374 696 1465 751 sintne
1489 695 1576 752 verba
1596 710 1691 752 sacrae
1713 694 1846 753 comesi

181 790 246 841 tura
267 785 390 857 corporis
413 785 517 841 Christi
542 786 718 859 disputaturo
743 802 812 857 opus
832 791 875 841 est
890 782 1016 857 perlecta
1039 782 1194 855 telligenda
1214 781 1283 838 susi
1309 782 1412 859 inuisi
1443 787 1563 856 negant,
1587 782 1654 854 qnia
1671 781 1799 853 corporis
1818 798 1846 855 pr

181 869 398 944 glorificatorum
423 890 570 945 corporum
593 872 765 945 cognitione,
791 888 875 943 quae,
902 870 969 942 qnia
985 860 1144 944 inlprietas
1176 876 1320 943 repugnet.
1368 869 1489 925 Rursum
1522 868 1546 923 si
1579 884 1715 940 quaeras,
1753 866 1846 941 possit

178 958 234 1015 hac
252 959 311 1014 vita
327 978 384 1016 non
401 960 570 1030 conceditur,
587 976 643 1015 non
660 966 753 1031 potest
769 958 873 1014 rectius
886 957 1015 1013 etverius
1039 956 1175 1026 Christus,
1193 974 1257 1013 cum
1274 957 1311 1012 sit
1328 972 1383 1012 non
1401 954 1490 1012 solum
1508 972 1590 1012 verus
1607 953 1705 1025 homo,
1724 955 1777 1011 sed
1795 954 1846 1012 etis

181 1044 217 1102 de
241 1061 355 1117 corpure
373 1046 477 1102 Christi
500 1047 630 1118 cogitari,
654 1044 778 1119 quamsi
796 1061 946 1117 sequamur
965 1042 1014 1099 du·
1040 1060 1120 1100 verus
1139 1043 1224 1113 Deus,
1243 1059 1344 1114 corpus
1362 1059 1443 1098 suum
1460 1058 1592 1113 praesens
1611 1041 1640 1095 in
1657 1056 1747 1097 coena
1758 1041 1846 1097 111111

180 1138 256 1189 ctum
272 1130 359 1189 verbi.
395 1133 440 1188 De
458 1137 558 1188 natura
576 1131 699 1206 corporis
718 1130 821 1188 Christi
839 1131 1015 1203 disputmmo
1040 1137 1157 1204 negant,
1182 1129 1324 1202 quianon
1339 1129 1420 1199 velit,
1442 1129 1516 1185 unde
1539 1127 1655 1201 emergit
1672 1132 1846 1201 argumenta

180 1218 264 1275 etiam
289 1233 359 1290 opus
382 1226 426 1275 est
443 1218 569 1291 perlecta
585 1218 695 1274 unionis
712 1218 866 1290 personalis
885 1223 914 1273 et
930 1218 1015 1289 maje-
1040 1216 1182 1273 circularis
1201 1222 1230 1273 et
1246 1216 1375 1289 principii
1392 1215 1499 1288 petitio.
1534 1214 1593 1273 Nos
1617 1220 1727 1285 conae,
1750 1214 1846 1271 volunt

181 1304 275 1373 statis,
300 1305 336 1361 ad
355 1321 439 1379 quam
456 1302 582 1360 Christus
600 1305 753 1361 secundum
770 1305 919 1360 humanam
934 1309 1014 1359 natu·
1040 1309 1097 1358 tem
1119 1301 1221 1358 Christi
1245 1320 1278 1360 ex
1295 1302 1387 1360 verbis
1407 1302 1564 1359 testamenti
1589 1300 1736 1366 discimus,
1760 1298 1846 1357 facult

180 1408 240 1447 ram
258 1394 302 1448 111
318 1398 438 1462 evectus,
458 1392 623 1465 cognitione,
642 1408 713 1466 quae
731 1409 794 1449 cum
812 1392 908 1448 itidem
922 1389 951 1445 in
962 1390 1015 1445 hac
1039 1397 1096 1446 tem
1106 1390 1275 1461 praestandi,
1294 1390 1368 1462 quod
1380 1389 1513 1461 promisit,
1531 1406 1565 1446 ex
1577 1387 1780 1460 omnipotentis
1791 1386 1846 1460 ipsi

180 1479 240 1534 vita
270 1495 326 1534 non
357 1478 541 1548 concedatur,
571 1480 659 1535 trtius
686 1485 729 1535 est
753 1478 832 1551 sequi
856 1478 1015 1550 Scripturas
1041 1476 1136 1532 divina
1158 1483 1187 1533 et
1209 1475 1389 1533 collocatione
1412 1475 1448 1531 sd
1476 1474 1601 1531 dextram
1625 1474 1680 1532 Dei
1707 1474 1846 1531 demonatr

181 1565 286 1636 lucem,
313 1582 397 1639 quam
417 1580 516 1622 caecae
537 1565 651 1622 rationis
670 1565 808 1622 tenebras.
847 1571 886 1623 11.
904 1565 957 1620 Est
973 1564 1015 1619 iti·
1040 1581 1110 1619 mus.
1146 1563 1175 1620 si
1195 1579 1261 1635 ergo
1271 1562 1389 1632 dicatur,
1405 1578 1466 1618 esse
1484 1567 1580 1618 conua
1598 1566 1727 1618 naturam
1746 1576 1846 1633 corpor

183 1650 245 1707 dem
265 1656 362 1709 contra
377 1653 490 1725 regulas
508 1651 653 1723 physicas,
677 1653 752 1724 quod
776 1668 876 1725 corpus
896 1651 1015 1707 hominis
1041 1656 1073 1706 ut
1099 1650 1135 1705 sit
1158 1650 1188 1705 in
1210 1649 1336 1721 pluribus
1362 1648 1431 1704 locis
1451 1665 1596 1720 11111111,
1622 1647 1808 1720 respondebit
1831 1664 1846 1719 p

182 1738 309 1795 naturale
327 1742 455 1811 penetret
472 1737 602 1810 lapidem,
621 1739 730 1794 clausas
749 1738 922 1810 ingrediatur
933 1738 1015 1807 iores,
1041 1754 1133 1808 mens,
1156 1738 1211 1794 imo
1236 1740 1279 1793 est
1305 1740 1402 1792 contm
1419 1738 1547 1791 naturam
1565 1734 1670 1791 Christi
1687 1741 1716 1791 et
1730 1733 1846 1791 verboru

182 1824 280 1880 sedeat
302 1824 339 1880 ad
361 1824 486 1881 dextram
507 1823 562 1879 Dei
587 1830 641 1882 etc.
665 1825 735 1881 haec
758 1832 852 1881 tamen
871 1823 963 1880 omnia
980 1823 1015 1878 de
1040 1824 1102 1894 ejus
1118 1821 1265 1878 fallacibus
1283 1838 1317 1877 ac
1333 1821 1418 1877 variis
1435 1821 1578 1893 promissis
1594 1819 1846 1878 ludificariChriull

85 1918 111 1964 x.
124 1918 170 1963 lla
183 1910 285 1967 Cbn'sti
310 1926 425 1983 corpore
447 1909 629 1967 affimantur.
665 1912 830 1968 Ambrosius
853 1911 888 1968 de
913 1911 948 1967 iis
968 1910 1016 1981 qni
1041 1927 1099 1966 nos.
1134 1908 1301 1981 Fulgentius
1326 1908 1374 1964 lib.
1396 1914 1418 1965 1.
1445 1908 1481 1963 ad
1504 1908 1616 1964 Monim.
1640 1926 1667 1980 p.
1687 1913 1735 1964 24:
1764 1908 1846 1963 Ind

181 1994 325 2061 initiantur
346 1996 486 2069 mysteriis
511 2012 534 2054 c.
559 2004 581 2055 9.
609 2004 674 2054 tom.
699 2005 724 2057 4.
749 2017 777 2071 p.
795 2004 863 2055 427:
894 1998 1016 2052 Praeter
1036 1997 1186 2067 promissis
1203 1997 1285 2050 nullu
1302 2002 1344 2051 est
1358 1994 1487 2061 fatertur,
1505 1997 1573 2066 quia
1591 1995 1622 2050 in
1636 1993 1846 2061 faciendiml

181 2092 302 2139 naturae
321 2085 450 2140 ordinem
466 2085 546 2154 sirpo
565 2087 720 2156 peramavit,
743 2095 769 2141 et
792 2086 843 2141 icc
860 2086 937 2156 quod
953 2100 1015 2139 eon·
1042 2082 1223 2154 omnipotenti
1241 2091 1281 2137 est
1300 2082 1467 2150 difficultas.

175 2171 290 2243 ficimus
307 2188 409 2243 corpus
429 2187 462 2225 ec
477 2172 585 2241 uirgine
601 2180 655 2244 est,
681 2174 753 2244 quid
767 2173 813 2228 bie
831 2172 947 2243 quassu
964 2189 1015 2226 nu·
1077 2176 1118 2228 89.
1140 2177 1164 2227 2.
1180 2170 1218 2225 Ti
1238 2168 1321 2244 ῥητὸν
1338 2169 1484 2227 verborum
1502 2184 1605 2226 coenae
1623 2167 1708 2224 etiam
1725 2186 1788 2223 cum
1807 2184 1846 2223 mu

182 2265 263 2313 turae
282 2259 409 2314 ordinem
425 2259 456 2312 in
475 2258 582 2314 Christi
599 2276 733 2331 corpore,
758 2278 820 2315 eum
835 2268 950 2331 praeter
966 2276 1016 2313 na·
1042 2258 1105 2313 culo
1137 2260 1173 2313 de
1204 2257 1310 2312 Chresti
1339 2259 1381 2312 ad
1408 2257 1501 2312 coeloe
1534 2256 1718 2311 adscensione
1742 2268 1846 2326 pam

182 2350 276 2401 turum
303 2346 341 2401 sit
362 2347 423 2417 ipse
448 2347 587 2402 Dominus
612 2348 699 2402 ι111111
716 2356 822 2419 portus
847 2364 879 2402 en
898 2345 1016 2417 uirgine.
1042 2351 1177 2415 asserum,
1196 2345 1313 2417 ideoque
1332 2344 1431 2400 merito
1450 2342 1631 2400 deserendum
1650 2358 1721 2400 esse.
1750 2340 1846 2399 wissa

184 2439 224 2490 11.
248 2432 326 2490 Deus
349 2433 406 2488 vim
429 2447 464 2488 sc
488 2433 620 2491 terminos
644 2439 761 2491 naturae
788 2434 880 2501 dedit,
908 2433 1016 2489 interim
1042 2450 1089 2488 rus
1112 2450 1158 2505 qu
1178 2438 1201 2488 5.
1226 2450 1250 2489 c.
1271 2438 1295 2489 9.
1317 2430 1352 2488 de
1370 2430 1505 2502 Scriptur.
1530 2436 1558 2487 et
1576 2428 1675 2503 reliqui
1693 2427 1753 2485 fere
1771 2440 1846 2487 cmm

181 2525 274 2575 tamen
294 2519 435 2592 potentiae
452 2536 520 2577 suae
538 2521 670 2578 terminos
687 2539 744 2578 non
763 2523 864 2594 posuit.
891 2520 1018 2577 Cadaver
1042 2519 1265 2592 Respondemus:
1293 2525 1316 2575 1.
1334 2518 1490 2590 Utrumque
1506 2516 1606 2573 assmit
1622 2514 1782 2588 Scriptura,
1799 2514 1846 2573 (th

182 2606 270 2677 igitur
296 2612 339 2661 est
367 2608 595 2681 consequentiae,
626 2626 681 2664 non
708 2625 774 2664 vera
802 2608 897 2665 illatio.
944 2608 1017 2663 Jure
1043 2612 1118 2662 stum
1148 2622 1198 2662 suo
1226 2622 1340 2677 corpore
1366 2604 1542 2661 adscendisse
1564 2603 1601 2659 ad
1626 2602 1718 2660 coelos
1736 2609 1766 2660 et
1781 2618 1846 2661 reru

183 2693 314 2747 naturaie·
337 2710 432 2747 uerum
459 2711 561 2763 corpus
587 2712 644 2748 non
666 2702 705 2748 est
730 2697 760 2748 in
782 2696 914 2765 pluribus
939 2696 1018 2750 iocis.
1044 2692 1145 2749 Christi
1162 2709 1262 2764 eorpus
1280 2690 1308 2747 in
1328 2708 1408 2748 sacra
1425 2708 1512 2749 coena
1528 2708 1660 2763 praeseus
1678 2707 1754 2761 esse,
1773 2696 1846 2747 utrm

185 2781 266 2848 Ergo
283 2794 334 2832 nec
352 2779 450 2832 diuina
462 2779 600 2847 potentia.
635 2779 710 2843 Quin
728 2779 797 2834 imo:
1045 2796 1098 2850 que
1129 2778 1216 2850 igitur
1246 2780 1275 2833 in
1303 2795 1370 2835 vera
1401 2778 1469 2834 fidei
1497 2777 1656 2836 obedientia
1691 2783 1846 2850 accepturu

218 2864 341 2921 Naturae
359 2863 487 2918 dominus
505 2862 583 2918 Deus
603 2870 660 2934 est,
678 2870 779 2920 natura
797 2864 923 2921 ministra
941 2871 991 2935 est,
1047 2870 1071 2919 2.
1089 2865 1209 2919 Articuli
1230 2863 1296 2921 lidei
1316 2865 1406 2921 verbis
1424 2863 1557 2937 propriis,
1581 2863 1663 2919 claris
1680 2869 1709 2921 et
1724 2863 1846 2936 perspici

220 2969 304 3026 qnam
322 2948 367 3004 fas
385 2956 428 3004 est
445 2948 558 3005 Domini
572 2951 653 3022 ι11111
671 2951 794 3007 verenda
810 2952 897 3024 sequi.
1046 2951 1076 3005 in
1097 2951 1242 3023 Scriptura
1264 2952 1399 3023 propositi
1422 2970 1478 3008 non
1501 2950 1605 3007 debent
1624 2949 1679 3006 sibi
1695 2950 1814 3007 invicem
1832 2968 1846 3027 o

110 3068 114 3077 ·
185 3038 515 3111 Scaligerexerc.5.sect.
523 3041 546 3093 1.
557 3037 688 3108 disputat,
698 3037 1020 3110 qnarecorpusnaturale
1045 3038 1120 3110 poni.
1160 3037 1240 3094 Siout
1267 3038 1404 3095 essentiae
1423 3029 1525 3093 'unitas
1553 3054 1608 3093 non
1639 3042 1682 3093 est
1713 3050 1845 3109 oppcnen

185 3142 242 3181 non
258 3124 348 3197 possit
364 3138 424 3179 esse
442 3122 472 3177 in
487 3122 614 3194 pluribus
626 3124 703 3192 locis,
722 3124 771 3180 sed
783 3142 846 3180 mox
858 3124 952 3180 addit:
973 3125 1019 3179 De
1045 3124 1174 3180 Trinitati
1191 3141 1380 3197 personarum,
1401 3125 1527 3199 quamvis
1545 3124 1616 3180 ratio
1633 3129 1729 3179 nostm
1742 3120 1846 3180 haecd

185 3211 316 3265 naturali
334 3226 452 3281 corpore
475 3226 567 3265 sermo
590 3217 643 3281 cst,
672 3230 729 3265 non
751 3213 787 3267 de
804 3212 1023 3281 supercoelesti
1046 3210 1174 3285 opposita
1193 3229 1253 3269 esse
1266 3211 1390 3283 judicet,
1407 3229 1460 3268 nec
1478 3210 1559 3267 aliter
1574 3209 1703 3282 J'udicare
1720 3209 1846 3281 possitql

185 3288 301 3369 synari.'
314 3313 402 3353 exerc.
419 3302 459 3354 16.
476 3302 543 3354 sect.
556 3302 586 3354 2:
608 3295 688 3360 Quae
705 3316 794 3369 supra
806 3299 882 3368 iopes
892 3306 1021 3369 naturae,
1047 3298 1149 3355 Christi
1167 3299 1203 3354 ad
1223 3298 1316 3355 coelos
1334 3298 1478 3355 adscensio
1495 3316 1553 3354 non
1571 3306 1614 3354 est
1626 3296 1846 3370 opponendaprs

186 3402 219 3440 eu
237 3393 356 3439 namras
376 3383 485 3455 lepidus
502 3403 559 3441 non
576 3391 641 3439 arunt
651 3383 826 3455 judicando.
857 3402 945 3443 exerc
960 3391 1019 3443 3611.
1047 3387 1151 3443 sentiae
1175 3386 1299 3458 corporis
1322 3392 1351 3441 et
1374 3384 1518 3458 sanguinis
1545 3385 1605 3456 ejus
1632 3384 1661 3438 in
1687 3398 1791 3454 coena,
1816 3382 1846 3439 lis

185 3476 303 3529 111111
336 3471 467 3541 Angusta
493 3466 614 3527 rationis
637 3479 752 3527 noemae
776 3475 947 3545 decempeda
971 3474 1020 3528 im·
1046 3474 1117 3529 ratio
1140 3480 1236 3531 nostra
1258 3472 1355 3529 itidem
1378 3472 1447 3529 haec
1470 3472 1526 3529 duo
1543 3471 1671 3545 opposita
1687 3486 1747 3527 ease
1763 3470 1846 3543 julie

185 3576 292 3616 mensos
315 3557 465 3629 religionis
488 3566 602 3613 nostrae
625 3576 711 3629 apros
733 3560 829 3614 metiri
844 3580 901 3615 nun
919 3579 1020 3632 possu-
1046 3578 1099 3618 nec
1122 3559 1202 3617 aliter
1221 3560 1349 3632 judicare
1374 3559 1475 3633 possit,
1500 3559 1630 3615 nimirum
1647 3556 1716 3632 quia
1733 3564 1846 3631 utrumq

185 3662 256 3702 mus.
290 3650 358 3702 sect.
381 3650 412 3701 9:
441 3644 562 3698 Interest
591 3651 617 3699 et
639 3653 753 3700 nostrae
773 3646 892 3715 pietatis
916 3656 941 3702 et
962 3648 1023 3702 Dei
1047 3646 1190 3719 Scriptura
1212 3647 1325 3716 mserit,
1351 3646 1412 3702 Deo
1437 3646 1523 3719 igitur
1547 3650 1576 3701 et
1597 3643 1682 3701 verbo
1701 3644 1791 3716 ipsius
1808 3640 1846 3699 hu

185 3728 381 3786 immensitatis
399 3746 435 3783 eo
453 3729 567 3799 seruire,
585 3746 657 3800 quae
675 3733 777 3785 seruire
794 3750 850 3786 non
861 3751 1020 3805 possumus,
1046 3733 1178 3790 debemus
1208 3731 1357 3803 honorem,
1388 3738 1421 3786 ut
1448 3730 1593 3787 credamus
1621 3737 1788 3805 utrumque,
1815 3730 1846 3787 lis

85 3816 98 3833 ⁸
187 3819 290 3872 sentire
310 3817 423 3887 quidem
440 3817 471 3870 in
489 3816 567 3885 ipso,
589 3831 645 3884 per
663 3817 769 3886 ipsum,
794 3834 867 3887 quae
888 3837 944 3889 per
969 3838 1020 3875 nos
1046 3819 1278 3893 comprehendere
1291 3818 1370 3874 nulla
1380 3819 1488 3875 ratione
1497 3819 1643 3890 possimus,
1660 3816 1846 3890 quomodoha

187 3904 291 3959 sentire
316 3916 492 3973 nequeamus.
527 3899 562 3955 Id
582 3899 675 3970 ipsum
698 3918 732 3956 cx
755 3901 833 3974 aliis,
858 3904 941 3959 etiam
958 3922 1020 3978 pro·
1047 3906 1129 3963 simul
1140 3906 1289 3963 consistere
1299 3905 1414 3978 possint.
1444 3904 1497 3960 Ille
1507 3904 1576 3977 ipse,
1593 3905 1642 3978 qui
1653 3902 1846 3962 vereineoalu

188 3988 261 4047 inuis
287 3984 458 4065 philosophis
484 3986 667 4042 demonstrari
692 3994 794 4059 posset.
839 3994 879 4046 12.
907 3990 938 4047 Si
963 4008 1022 4048 rem
1046 4010 1161 4066 corpore
1177 4010 1227 4048 sno
1243 3991 1402 4062 adsccndit,
1427 3991 1457 4047 in
1474 4008 1569 4048 sacrae
1588 4006 1690 4047 coenae
1707 3990 1846 4047 institutla

187 4084 263 4133 recte
288 4074 444 4147 expendere
466 4073 596 4138 velimus,
627 4078 747 4145 quatuor
771 4076 881 4131 termini
903 4083 968 4134 sunt
992 4078 1022 4133 in
1047 4080 1129 4137 dixit:
1152 4079 1253 4149 Edita,
1278 4081 1331 4136 111
1352 4086 1393 4134 est
1418 4096 1519 4151 corpeus
1538 4093 1640 4148 mmm,
1665 4078 1758 4135 ethic
1776 4076 1846 4137 veris

186 4162 241 4219 hoc
266 4166 430 4236 argumento
454 4158 681 4218 adremariorum.
716 4159 831 4218 Nullum
856 4177 956 4234 corpus
973 4182 1021 4221 na-
1047 4173 1089 4222 est
1107 4172 1135 4222 ct
1151 4166 1215 4223 illic.
1250 4164 1293 4221 Ex
1313 4165 1458 4237 Scriptum
1477 4167 1563 4237 igitur
1582 4164 1802 4236 ostendendum,
1816 4178 1846 4221 ar

186 4248 278 4307 turale
300 4254 343 4305 est
368 4248 398 4303 in
420 4246 548 4320 pluribus
566 4247 650 4318 locis;
676 4247 779 4305 Christi
795 4267 896 4322 corpus
915 4257 957 4307 est
973 4269 1020 4307 na·
1045 4252 1138 4309 culum
1157 4251 1193 4308 de
1209 4251 1389 4309 adscensicne
1411 4251 1441 4306 in
1464 4250 1571 4307 coelum
1590 4266 1718 4324 pugnare
1734 4266 1801 4309 cum
1815 4266 1846 4308 ar

187 4336 287 4393 turale.
327 4334 411 4408 Ergo.
455 4334 546 4407 Maior
578 4334 651 4391 enim
683 4334 807 4411 loquitur
839 4337 874 4393 de
907 4355 1021 4411 corpore
1046 4339 1108 4396 culo
1132 4338 1168 4396 de
1189 4338 1258 4395 reali
1280 4336 1440 4410 praesentia
1457 4336 1486 4393 in
1503 4355 1583 4394 sacra
1599 4352 1695 4396 coena.
1736 4342 1761 4394 ³.
1778 4338 1846 4397 Null

187 4441 262 4481 mera
284 4422 421 4491 humano,
445 4420 548 4477 Christi
571 4428 664 4479 autem
688 4441 787 4497 corpus
811 4442 867 4481 non
885 4432 928 4483 est
946 4442 1021 4481 mere
1045 4442 1168 4499 unquam
1193 4443 1227 4482 ex
1252 4422 1392 4481 veteribus
1413 4424 1562 4480 1111111111
1585 4423 1776 4482 adscensionis
1796 4442 1846 4501 opp

163 4568 166 4573 ,
187 4512 347 4580 humanum,
364 4508 414 4565 sed
433 4508 520 4579 ipsius
533 4509 631 4582 Λόγου
647 4509 790 4586 proprium
810 4529 910 4586 corpus
928 4530 1020 4585 perso
1046 4513 1102 4569 suit
1120 4511 1294 4585 praesentiae
1310 4509 1432 4582 corporis
1448 4511 1477 4567 in
1501 4526 1582 4567 sacra
1605 4528 1707 4583 mena,
1734 4512 1805 4585 quin
1826 4512 1846 4569 is

188 4598 288 4654 naliter
311 4594 337 4651 ei
362 4595 478 4651 unitum.
512 4594 604 4668 Maj0r
620 4596 744 4669 loquitur
760 4599 796 4655 de
810 4616 925 4672 corpore
941 4605 1020 4655 natu·
1047 4596 1150 4655 diserte
1166 4599 1282 4667 docent,
1307 4613 1364 4652 non
1384 4596 1511 4654 obstante
1531 4596 1710 4654 adscensione
1732 4586 1770 4654 ad
1789 4598 1846 4657 coel

188 4684 240 4740 rali
258 4688 395 4756 quatenns
410 4682 473 4747 tali,
491 4681 545 4738 hoc
562 4686 605 4739 est
622 4689 759 4754 quatenns
778 4686 970 4743 consideratur
987 4702 1021 4741 ex
1047 4702 1147 4759 corpus
1176 4684 1277 4743 Christi
1307 4700 1372 4740 vere
1398 4701 1529 4756 praesens
1553 4700 1623 4741 csse.
1669 4683 1846 4756 Chrysostom

188 4768 332 4842 principiis
349 4773 378 4825 et
395 4768 613 4841 proprietatibus
630 4771 766 4826 essentiae
785 4790 863 4844 suae,
878 4774 939 4846 jam
956 4788 1022 4829 1111
1046 4772 1141 4833 homil.
1159 4772 1195 4829 ad
1207 4788 1272 4847 pop.
1286 4770 1432 4828 Antioch:
1455 4770 1694 4836 Quemadmodum
1706 4768 1803 4844 Elias,
1822 4790 1846 4828 es

189 4857 265 4932 quod
290 4854 393 4912 Christi
416 4872 517 4928 corpus
534 4855 636 4910 diciturr
653 4874 713 4912 esse
732 4874 863 4929 praesens
881 4861 910 4915 in
927 4877 1021 4927 mena,
1047 4877 1165 4933 corpore
1195 4862 1383 4915 adscenderet
1409 4861 1440 4914 in
1468 4860 1589 4931 eoelum,
1617 4860 1745 4915 melotem
1778 4859 1846 4917 dimi

189 4944 218 4999 id
242 4961 299 5000 non
322 4941 470 4999 asserimus
490 4940 550 4997 fieri
568 4959 602 4998 ex
620 4943 740 5015 quadam
758 4946 880 5017 corporis
899 4947 1021 5019 proprie·
1048 4946 1165 5002 Elmaeo
1181 4946 1323 5017 disceptato
1340 4964 1407 5018 suo,-
1423 4947 1465 5001 ua
1487 4945 1615 5003 01111111
1633 4946 1693 5001 Dei
1710 4944 1808 5003 Fsiiss
1825 4964 1846 5003 n

188 5037 262 5103 tate,
286 5030 336 5087 sed
356 5047 389 5086 ex
409 5029 511 5085 Christi
529 5029 712 5102 promissione
730 5036 758 5085 et
775 5032 871 5089 divina
889 5032 1021 5091 efficacia.
1049 5034 1246 5104 adscenderet,
1275 5051 1387 5089 carnem
1413 5052 1495 5088 msam
1522 5034 1601 5088 nobis
1625 5033 1740 5091 dinsisit.
1782 5032 1846 5107 ”11

189 5117 393 5191 Argumemnm
410 5115 495 5188 igitur
512 5114 655 5172 concludit
672 5117 707 5172 de
720 5119 785 5189 jure
800 5118 928 5191 munuli,
947 5120 1022 5193 quod
1049 5120 1180 5177 Calvinus
1207 5116 1324 5178 veritate
1351 5119 1487 5193 impulsus
1513 5120 1608 5176 scribit
1632 5118 1662 5174 in
1685 5132 1785 5176 comm
1810 5134 1836 5177 c.

189 5202 297 5260 scilicet
315 5204 343 5261 ri
366 5202 460 5275 aliqua
482 5210 598 5259 naturae
625 5219 682 5258 non
706 5204 795 5276 possit
818 5224 904 5264 unum
922 5224 1022 5279 corpus
1048 5208 1085 5263 sd
1100 5205 1217 5281 Ephou:
1242 5209 1298 5273 Qui
1317 5226 1337 5262 a
1353 5208 1477 5263 sessione
1496 5202 1603 5261 Christi
1621 5206 1662 5261 ud
1679 5207 1846 5265 deutrum

190 5306 251 5345 esse
273 5291 302 5345 in
322 5289 450 5362 pluribus
473 5286 557 5361 locis;
588 5279 667 5360 atqui
695 5291 769 5362 quod
795 5309 896 5367 corpus
921 5292 1023 5350 Christi
1048 5305 1212 5365 argumenta
1230 5293 1309 5350 ducit
1320 5302 1419 5350 contra
1426 5293 1619 5364 praesentiam
1634 5292 1742 5348 Christi
1756 5293 1846 5350 ineas

189 5376 219 5431 in
236 5392 323 5432 coena
340 5390 473 5448 praesens
490 5375 586 5433 adesse
605 5375 768 5446 summus,
786 5378 815 5434 in
835 5396 868 5435 eo
885 5378 1023 5436 infinitam
1048 5398 1143 5451 coena,
1160 5383 1292 5453 isprooe
1305 5381 1388 5449 fucit.
1424 5379 1503 5436 Idem
1522 5380 1551 5435 in
1568 5394 1592 5435 c.
1612 5385 1636 5435 6.
1656 5377 1735 5435 ioh:
1759 5376 1846 5437 auu

189 5462 244 5519 Dei
261 5464 415 5534 potentiam
433 5462 609 5538 agnoscimus
626 5468 655 5518 et
666 5464 869 5535 praedicamus.
899 5464 1023 5523 Probare
1049 5476 1074 5525 et
1091 5469 1202 5541 abjecto
1221 5465 1328 5524 Christi
1345 5465 1483 5537 conditio,
1508 5484 1591 5537 quom
1616 5467 1707 5523 ocutis
1729 5466 1846 5525 comedo

190 5548 323 5609 deberent
340 5549 506 5622 adversarii,
523 5546 616 5607 Deum
632 5566 689 5605 non
707 5546 811 5607 habere
827 5550 917 5609 ullum
935 5550 1022 5613 alium
1048 5573 1109 5612 cum
1128 5571 1214 5613 carne
1232 5552 1348 5610 indutus
1366 5550 1440 5609 mid
1451 5553 1487 5608 ab
1500 5554 1641 5609 hominum
1653 5552 1738 5624 utdpo
1750 5554 1846 5628 differs
