3998 6024
215 293 276 353 238
803 279 927 338 LOCUS
942 277 1148 338 wcnsnfos
1167 276 1311 336 PRIMUS

214 441 297 511 hujus
316 439 472 510 argumenti
488 438 597 511 indigni
614 455 648 494 ne
668 437 781 509 quidem
796 453 897 508 panem
911 434 1045 497 etrinum
1071 435 1150 501 ptum
1180 434 1229 487 sit:
1281 433 1335 495 Qui
1360 433 1510 486 manducat
1537 447 1649 484 munem
1674 447 1764 483 mecm
1786 439 1814 483 et
1840 430 1903 483 bibit

215 526 243 580 in
259 542 341 581 sacra
358 541 444 580 mena
461 525 622 595 percipient
657 523 783 579 Dicimus
798 529 897 588 autem,
915 521 1046 576 insacre-
1071 519 1247 586 conquieuit,
1276 519 1356 572 hain
1382 519 1468 573 eitam
1494 525 1646 572 murnum.
1689 517 1780 571 Docet
1801 522 1904 579 entem,

214 619 306 668 mento
337 628 438 666 coenae
465 611 581 682 proponi
608 609 748 681 duplicem
774 607 982 680 promissionem
1009 603 1045 674 (si
1072 605 1183 676 quinam
1201 606 1257 658 sint
1274 604 1383 660 dicendi
1401 604 1565 672 reverere
1582 608 1624 659 est
1643 602 1811 672 salutariter,
1830 618 1903 658 mau-

214 696 381 751 vocabulum
403 696 590 768 promissionis
612 696 641 750 in
659 713 742 751 sensu
759 694 851 751 latiori
867 693 1045 765 accipiaturr:
1072 691 1187 747 ducasse
1204 709 1305 762 corpus
1323 690 1432 755 Christi,
1449 707 1505 746 non
1523 690 1571 762 qui
1588 691 1646 745 solo
1666 693 1841 745 sacramento
1855 694 1901 743 eut
1923 743 1929 749 ,

215 799 298 838 unam
327 799 424 838 vocare
460 798 605 853 possumus
637 781 793 837 absolutam
822 781 857 836 de
882 778 1046 847 substantia,
1072 783 1324 834 sacramentotenus
1346 777 1595 841 manducaverunt,
1617 781 1734 848 possunt
1759 776 1833 831 enim
1853 775 1902 830 hoe

214 869 320 924 scilicet
341 874 369 924 et
391 870 548 940 praesentia
572 869 694 940 corporis
718 886 751 924 ac
771 868 913 940 sanguinis
935 864 1045 932 Christi,
1071 863 1162 919 iacere
1182 864 1265 918 etiam
1283 863 1369 934 impii,
1386 864 1436 919 sed
1453 864 1502 935 qui
1519 865 1548 917 in
1565 861 1621 917 fide
1639 862 1743 918 Christi
1763 877 1902 933 perserre·

214 956 283 1010 haec
314 974 345 1010 ex
374 973 463 1026 aequo
496 955 616 1026 pertinet
643 955 678 1008 ad
703 971 798 1009 omnes
821 970 908 1008 coena
930 957 1046 1019 utentes,
1071 954 1141 1004 rant
1166 948 1211 1004 De
1230 948 1366 1021 spirituali
1384 948 1469 1021 igitur
1487 948 1599 1015 etutili,
1618 966 1674 1003 non
1692 948 1728 1003 de
1748 964 1900 1004 sacramen·

214 1041 315 1097 rectius
333 1048 424 1096 antem
444 1049 561 1096 vocatur
579 1041 681 1095 Christi
701 1040 837 1095 institutio
854 1045 882 1094 et
900 1037 1045 1105 ordinatio,
1071 1035 1121 1090 tali
1141 1037 1351 1091 manducatione
1368 1042 1484 1104 mactat,
1510 1053 1563 1092 nec
1584 1035 1767 1090 substantiam
1783 1034 1842 1090 cibi
1859 1051 1903 1088 sa·

215 1134 246 1182 ut
263 1127 419 1182 monuimus
436 1128 576 1199 superius,
594 1126 682 1181 altera
701 1132 744 1181 est
762 1125 877 1181 relativa
894 1123 1047 1196 promissio,
1072 1122 1258 1190 crementalis,
1286 1123 1335 1178 sed
1359 1123 1470 1177 modum
1496 1122 1665 1177 solummodo
1684 1120 1941 1177 manducationisn

214 1213 319 1268 scilieet
341 1215 459 1286 gratiae,
486 1231 558 1285 quae
585 1213 696 1282 quidem
718 1213 824 1268 ratione
848 1211 920 1281 juris
944 1212 989 1280 (nt
1006 1209 1046 1264 ite
1071 1208 1101 1262 in
1118 1209 1160 1263 his
1178 1214 1207 1264 et
1224 1209 1360 1263 similibus
1379 1208 1461 1263 dictis
1479 1208 1634 1280 distinguit,
1652 1212 1684 1262 ut
1701 1226 1733 1261 ex
1745 1207 1904 1262 clarissimis

214 1299 321 1370 loquar)
347 1300 403 1354 sive
422 1301 510 1354 meriti
531 1300 632 1354 Christi
651 1301 801 1354 communis
820 1299 917 1353 itidem
933 1298 970 1352 ad
990 1314 1046 1351 om·
1072 1294 1195 1366 ejusdem
1214 1294 1406 1365 pronuntiatis,
1425 1311 1496 1364 quaa
1513 1294 1640 1367 superius
1660 1294 1844 1363 adduximus,
1861 1309 1904 1348 aa·

214 1402 262 1440 nes
283 1401 316 1438 ex
335 1403 424 1457 aequo
439 1386 565 1456 pertinet,
584 1386 633 1440 sed
645 1386 751 1440 ratione
767 1384 842 1454 iacti,
861 1402 911 1440 seu
924 1390 1047 1451 eventus,
1071 1380 1108 1436 tis
1127 1381 1272 1437 manifeste
1290 1382 1388 1437 elucet.

214 1488 262 1526 seu
293 1473 419 1543 propriae
450 1472 549 1542 culpae
574 1471 758 1526 excluduntur
784 1471 821 1525 ab
846 1487 879 1525 ea
904 1469 1047 1533 increduli,

213 1558 318 1628 quippe
338 1559 385 1629 qui
403 1557 610 1628 promissionem
629 1557 705 1611 illam
723 1556 828 1626 gratiae
845 1553 901 1610 fide
919 1555 972 1611 sibi
992 1572 1048 1610 non

142 1700 149 1722 ⁹
213 1644 363 1713 applicant.
400 1644 445 1699 Sic
471 1661 538 1714 ergo
563 1648 737 1697 sacramenta
755 1658 805 1712 pro
824 1641 951 1697 omnibus
971 1638 1068 1694 Chri.

215 1730 312 1784 stianis
330 1736 395 1784 sunt
406 1729 542 1796 instituta,
562 1728 610 1783 sed
625 1744 681 1783 non
694 1728 820 1783 omnibus
833 1727 1047 1783 suntselutaria.
1300 1724 1321 1784 C
1338 1723 1450 1784 APU
1468 1724 1492 1782 Τ
1527 1722 1667 1783 xx111.

216 1816 455 1882 Quemadmodum
487 1814 631 1886 promissio
661 1814 798 1885 evangelii
824 1815 920 1869 eadem
946 1817 1047 1876 manet,

216 1900 721 1973 sivequisfideeamamplectatur,
747 1900 925 1968 siveminus;
948 1900 1048 1977 siccat
1074 1880 1140 1946 DE
1178 1880 1317 1945 VERA
1352 1881 1416 1946 ΕΤ
1454 1880 1717 1947 SALUTARI
1751 1878 1901 1946 PRAE-

215 1988 288 2044 idem
312 1994 527 2054 sacramentum,
555 1985 1046 2059 sivedignuscoutatur,sivein-
1074 1983 1384 2051 PARATIONE
1433 1983 1498 2049 AD
1552 1980 1768 2048 DIGNUM
1820 1981 1899 2048 SA·

215 2074 324 2145 dignus
503 2162 510 2174 θ
597 2161 603 2174 .
756 2109 761 2119 ·
1209 2084 1341 2151 CRAE
1375 2084 1588 2151 COENAE
1621 2082 1770 2151 USUM.

88 2174 155 2216 orsu
252 2167 310 2216 216.
329 2162 371 2215 Ex
391 2162 548 2233 Augustino
567 2166 650 2217 stram
668 2160 804 2232 quaedam
822 2164 918 2214 conus
934 2159 1048 2213 mandu-

88 2233 174 2317 {titt
218 2249 352 2303 neonem
370 2248 548 2320 indignorum
566 2246 718 2317 proferunt,
737 2247 785 2302 nu
804 2263 876 2319 qnae
892 2262 990 2318 pamm
1007 2261 1049 2299 ro·
1110 2258 1167 2308 ιιι.
1193 2253 1261 2308 eun
1282 2253 1337 2321 illi,
1366 2254 1414 2324 qui
1437 2253 1553 2324 indigns
1571 2251 1945 2308 manumiserimus*

88 2329 202 2419 affin
217 2335 293 2389 boris
313 2335 432 2403 habent,
460 2334 482 2388 si
502 2334 682 2389 attendantur
699 2350 746 2402 ca,
769 2349 842 2404 quac
860 2349 894 2388 cx
911 2332 972 2403 ipso
990 2331 1048 2385 Au·
1073 2337 1102 2392 in
1127 2356 1206 2394 saera
1225 2357 1324 2410 nonna,
1350 2340 1390 2396 rei
1410 2339 1480 2394 fiant
1498 2338 1619 2409 semoris
1636 2344 1664 2393 et
1684 2338 1828 2410 sanguinis
1846 2310 1945 2397 Doffi

89 2431 193 2522 ffirm-
216 2419 327 2490 guetino
357 2438 406 2490 pro
432 2427 527 2476 nostra
557 2420 694 2476 sententia
718 2419 845 2491 superius
872 2419 1046 2474 adduximus·
1074 2426 1153 2492 mini,
1177 2427 1303 2499 adeoque
1325 2426 1462 2498 judicium
1487 2425 1538 2480 sibi
1562 2425 1730 2480 manducent
1751 2442 1784 2479 ac
1807 2424 1901 2480 hibent

138 2511 144 2521 '
219 2506 344 2562 l.Trsct.
362 2515 401 2562 59.
422 2507 451 2560 in
468 2507 533 2563 doh.
552 2523 608 2561 non
624 2507 707 2578 longe
726 2523 745 2560 a
764 2506 882 2578 princip.
900 2505 976 2574 dicit,
994 2507 1046 2559 Jeu
1076 2518 1099 2568 1,
1126 2511 1188 2570 cor,
1221 2518 1267 2582 11,
1295 2532 1321 2567 v.
1351 2519 1391 2569 27,
1419 2518 1447 2567 et
1471 2519 1518 2580 293
1545 2512 1608 2568 ideo
1633 2528 1698 2566 vera
1722 2518 1751 2565 et
1774 2511 1901 2567 muteris

216 2595 283 2645 dem
300 2595 483 2647 manducasse
498 2610 604 2662 panem
623 2593 748 2656 Domini,
765 2593 889 2661 reliquos
904 2589 1047 2662 apostolos
1072 2599 1246 2669 praeparatio
1268 2603 1334 2654 ante
1350 2616 1433 2654 usum
1450 2616 1545 2655 enom
1563 2611 1665 2653 coemo
1685 2613 1793 2653 summe
1811 2615 1900 2655 Μ..

215 2680 399 2732 manducasse
427 2695 528 2747 pcnem
558 2678 720 2734 Dominum.
765 2678 989 2750 Respondemus:
1017 2678 1046 2733 ui
1073 2685 1147 2739 sana
1169 2685 1236 2751 crit,
1261 2703 1297 2742 ne
1320 2685 1404 2755 illud,
1429 2685 1504 2757 quod
1522 2686 1558 2740 ad
1576 2685 1659 2739 viam
1679 2681 1837 2739 institutum
1853 2691 1900 2749 est,

214 2767 387 2818 munducare
408 2781 509 2832 punem
528 2762 647 2818 Domini
667 2763 795 2834 exprimit
821 2765 1046 2820 sacramentalem
1074 2771 1111 2825 ad
1137 2777 1252 2826 mortem
1276 2778 1305 2827 et
1328 2772 1440 2826 exitium
1461 2770 1542 2825 nobis
1561 2767 1656 2834 cedat,
1681 2783 1752 2824 nere
1767 2771 1902 2827 medidus

216 2850 456 2904 manducationem
480 2850 574 2919 phrasi
602 2850 722 2905 deducte
747 2866 780 2904 ex
809 2856 831 2905 1.
855 2849 978 2905 Corinth.
1007 2857 1046 2921 11,
1073 2862 1251 2912 eonvertatur
1274 2857 1354 2913 nobis
1375 2858 1402 2911 in
1422 2871 1566 2913 venenum.
1602 2855 1683 2908 Hane
1701 2872 1796 2911 veram
1816 2863 1846 2914 et
1862 2874 1900 2912 ea·

216 2955 241 2991 v.
260 2943 305 2991 27:
327 2934 490 3005 Quicunque
510 2936 724 2990 manducaverit
737 2953 841 3006 punem
858 2937 930 2991 bunc
945 2938 989 2991 oei
1008 2938 1047 2992 bi·
1074 2941 1191 2997 luterem
1217 2943 1455 3014 praeparationem
1487 2939 1550 2993 neni
1580 2955 1674 2995 sacrae
1698 2958 1802 2998 coenae
1824 2960 1901 3015 pree·

216 3024 286 3077 berit
304 3022 418 3077 calicem
434 3023 550 3077 Domini
569 3023 684 3091 indicae
700 3027 751 3078 etc
788 3023 829 3080 Ut
845 3022 987 3094 apostolus
999 3042 1047 3095 po·
1074 3029 1234 3085 mittendam
1253 3030 1336 3084 unico
1355 3023 1489 3079 rocabulo
1507 3026 1650 3095 apostolus
1667 3027 1797 3098 exprimit
1815 3047 1842 3086 r,
1857 3035 1900 3087 28:

216 3111 309 3165 culum
341 3104 562 3164 eucharisticum'
587 3115 670 3165 vocet
699 3109 818 3164 calicem
845 3111 983 3180 Domini,-
1008 3111 1048 3166 its
1075 3117 1178 3170 Probet
1200 3133 1229 3171 re
1252 3117 1342 3184 ipsum
1359 3111 1454 3178 bomo,
1481 3111 1649 3180 δοκιμαζέιω
1672 3110 1824 3186 ἄνθρωπος
1843 3116 1900 3171 ἑαυ-

215 3197 389 3268 Augustinus
410 3213 511 3267 penem
534 3195 747 3252 eucharisticum
770 3202 852 3252 vocat
864 3214 969 3268 porram
988 3201 1048 3253 Do·
1074 3201 1130 3257 riu.
1169 3195 1315 3256 Indefinite
1337 3197 1512 3267 pronuntiat,
1535 3199 1616 3253 homo
1635 3217 1665 3255 se
1684 3199 1777 3271 ipsum
1796 3203 1899 3274 probet,

215 3285 291 3338 mini.
316 3282 347 3338 sd
380 3285 554 3337 manducare
577 3300 680 3353 penem
710 3285 863 3338 Dominum
888 3289 968 3339 notat
994 3284 1048 3355 spi·
1074 3295 1106 3344 ut
1122 3284 1259 3351 ostendat,
1285 3281 1322 3336 ab
1343 3282 1471 3337 omnibus
1488 3285 1598 3339 omnino
1615 3284 1807 3355 probationem
1827 3289 1899 3344 illam

215 3371 342 3427 ritualem
374 3377 400 3426 et
429 3371 577 3426 salutarem
608 3371 848 3427 manducationem
877 3371 973 3442 phrasi
1002 3373 1047 3427 de·
1073 3366 1188 3437 requiri,
1210 3368 1257 3439 qui
1275 3368 1372 3423 volunt
1389 3385 1448 3424 esse
1468 3370 1593 3446 coquus
1613 3370 1696 3442 hujus
1712 3374 1836 3428 convivii
1855 3373 1897 3431 ho

217 3456 301 3512 ducta
324 3473 357 3511 ex
380 3456 499 3512 Johann.
522 3462 550 3523 6,
576 3475 602 3510 v.
630 3462 671 3513 32.
698 3457 748 3511 ubi
769 3456 894 3512 Christus
920 3475 950 3513 ee
967 3462 1048 3512 vocat
1071 3453 1171 3522 spites,
1197 3468 1286 3524 neque
1313 3471 1477 3526 quemquam
1503 3456 1540 3510 sd
1565 3456 1634 3511 illud
1660 3458 1818 3515 sanctitatis
1845 3460 1898 3516 cul·

216 3561 309 3596 verum
334 3559 437 3610 panem
460 3554 488 3597 et
512 3561 537 3598 v,
562 3548 603 3599 35,
626 3560 731 3612 panem
745 3543 827 3598 vitae,
865 3545 1045 3610 Quemadmo·
1071 3555 1133 3593 men
1151 3540 1321 3610 pervenisse,
1347 3542 1376 3594 in
1400 3558 1455 3612 quo
1481 3542 1643 3612 probatione
1661 3543 1711 3600 illu
1729 3544 1845 3602 minime
1861 3547 1900 3602 in·

217 3628 283 3682 dum
311 3628 398 3699 igitur
422 3627 563 3699 apostolus
587 3645 637 3699 per
658 3629 772 3683 calicem
795 3629 906 3685 Domini
930 3638 984 3674 non
1004 3620 1044 3675 in·
1071 3624 1173 3695 digest.
1220 3624 1271 3680 Est
1296 3634 1388 3682 autem
1414 3628 1572 3698 δοκιμάζειν
1593 3635 1689 3687 exacte
1714 3631 1900 3702 explorasset

216 3714 319 3786 telligit
335 3714 441 3768 nudum
457 3715 567 3773 vinum,
587 3715 636 3769 sed
655 3721 743 3770 totum
761 3716 842 3780 illud,
859 3706 934 3775 quod
953 3707 982 3760 in
1000 3725 1044 3762 ca·
1071 3711 1203 3784 singulari
1241 3713 1333 3769 studio
1368 3715 1507 3786 inquirere
1539 3721 1679 3785 naturam,
1716 3720 1899 3791 proprietates

215 3801 268 3856 lice
298 3800 480 3856 eucharistico
507 3800 586 3855 nobis
612 3801 774 3864 exhibetur,
802 3815 818 3848 s
849 3807 903 3861 quo
931 3795 1044 3865 sanguis
1071 3814 1221 3869 omnesque
1250 3799 1320 3855 adeo
1346 3817 1469 3856 recessus
1494 3801 1568 3855 illius
1588 3801 1705 3873 objecti,
1736 3805 1812 3861 circa
1828 3806 1899 3878 qnod

216 3887 280 3943 novi
310 3887 467 3942 testamenti
501 3904 556 3942 non
581 3891 671 3956 potest
700 3873 824 3944 meleti,
860 3876 900 3932 ita
933 3896 1044 3950 quoque
1069 3883 1197 3953 probatio
1220 3891 1347 3939 venatur
1395 3885 1442 3941 Sic
1460 3886 1536 3941 Deus
1556 3887 1656 3943 dicitur
1668 3891 1794 3958 probem
1812 3895 1900 3947 cordo

216 3973 391 4045 Augustinus
409 3991 460 4045 per
473 3990 576 4044 panem
593 3969 713 4025 Domini
729 3978 782 4019 non
794 3959 926 4033 intelligit
938 3965 1043 4021 nudum
1070 3971 1223 4034 bominum,
1246 3973 1371 4040 probare
1388 3975 1477 4027 corda
1495 3981 1521 4027 ct
1539 3991 1634 4042 rena,
1659 3974 1711 4030 hoc
1730 3984 1775 4033 est
1791 3978 1900 4036 inca-io·

214 4077 328 4131 panem,
350 4061 398 4117 ,ed
415 4061 493 4116 illum
512 4067 627 4120 penem,
651 4049 698 4121 qui
716 4052 757 4105 est
772 4055 904 4104 κοινωνία
922 4053 1043 4122 corporis
1069 4073 1126 4111 rem
1150 4057 1240 4111 cordis
1264 4058 1380 4113 fundum
1404 4059 1537 4130 perspicit
1560 4066 1646 4132 atquc
1663 4069 1762 4125 exacte
1778 4065 1899 4121 intuetm

214 4147 325 4202 Christi.
366 4148 468 4192 &neus
490 4154 556 4208 ergo
580 4136 647 4192 dicti
664 4135 707 4190 hic
726 4140 782 4189 est:
808 4135 907 4208 reliqui
926 4141 1043 4208 apostoli
1069 4142 1243 4198 abditissima
1260 4161 1387 4216 quaeque
1415 4145 1443 4199 in
1471 4145 1553 4200 corde
1576 4145 1709 4216 hominis,
1735 4151 1802 4221 qnia
1821 4167 1899 4207 renes

214 4228 255 4283 ita
271 4222 479 4279 manducabant
497 4239 596 4293 panem
616 4221 835 4290 eucharisticum,
854 4229 886 4277 ut
904 4223 1041 4282 Christum
1069 4229 1152 4283 etiam
1173 4236 1268 4299 aperto
1286 4230 1415 4287 inferiore
1432 4239 1528 4287 ventre
1545 4249 1601 4287 non
1617 4241 1681 4290 sunt
1698 4237 1785 4291 oculis
1799 4237 1899 4294 norea

214 4313 305 4383 ipsum
325 4324 425 4380 penem
441 4309 524 4378 sitae,
543 4310 591 4381 qui
609 4311 644 4366 de
663 4309 739 4365 coelo
760 4308 914 4379 descendit,
931 4309 988 4367 fide
1007 4314 1041 4368 si·
1069 4315 1159 4383 obvii,
1177 4315 1226 4370 sed
1244 4316 1334 4370 latent
1351 4318 1433 4387 adipe
1446 4318 1519 4374 tecti.
1551 4319 1651 4374 Pselm.
1676 4327 1720 4391 ll,
1741 4340 1767 4377 r.
1788 4332 1820 4381 5:
1840 4328 1898 4381 Do-

215 4397 272 4452 mul
301 4395 532 4466 amplecterentur
560 4400 588 4450 et
617 4394 810 4452 sacramentali
840 4396 1042 4455 manducationi
1068 4402 1161 4455 minus
1175 4404 1279 4472 prohat
1289 4404 1413 4472 justum,¹
1431 4403 1459 4458 in
1478 4404 1563 4459 Hebr.
1578 4412 1620 4462 est
1637 4409 1706 4481 11111,
1728 4411 1804 4481 qnod
1823 4429 1900 4468 usur·

216 4482 388 4554 spiritualem
412 4482 620 4553 conjungerent.
666 4481 756 4537 Judas
782 4496 847 4535 vero
868 4483 1043 4540 manducarit
1068 4494 1151 4557 patnr
1169 4488 1204 4543 de
1222 4489 1383 4559 probatione
1403 4491 1470 4558 auri,
1489 4490 1571 4547 Zach.
1594 4498 1638 4557 13,
1657 4512 1683 4547 v.
1703 4501 1733 4552 9:
1769 4497 1900 4554 thaio

214 4585 315 4640 panem
339 4567 465 4636 Domini,
496 4568 525 4623 id
551 4573 593 4623 est
620 4585 720 4639 panem
742 4566 964 4634 eucharisticum,
994 4573 1042 4643 qni
1069 4591 1124 4639 eos,
1146 4576 1218 4628 sicut
1237 4577 1361 4644 potant
1378 4594 1488 4633 aarum.
1515 4577 1588 4634 unde
1607 4579 1690 4635 LXX
1707 4581 1841 4641 Proverb.
1862 4592 1901 4654 11,

215 4672 279 4710 curn
297 4659 404 4710 constet
421 4671 451 4710 re
470 4660 579 4711 terrena
595 4659 624 4709 et
642 4652 769 4719 coelesti,
789 4652 852 4707 ideo
868 4670 923 4708 non
941 4662 982 4711 est
1000 4676 1042 4712 so·
1067 4678 1093 4714 r.
1121 4667 1144 4716 3.
1175 4667 1292 4715 utuntur
1314 4647 1473 4737 deripitur
1498 4684 1549 4736 pro
1571 4667 1646 4739 η’]ξ,
1671 4669 1747 4739 quod
1771 4676 1815 4726 ast
1840 4690 1900 4744 pro

214 4741 271 4796 lum
299 4742 396 4813 panis,
425 4741 473 4795 sed
502 4740 584 4796 etiam
605 4738 707 4795 Christi
731 4755 846 4809 corpus,
878 4756 927 4794 nec
950 4748 1041 4799 tamen
1067 4746 1134 4801 bare
1159 4747 1284 4814 metalla,
1311 4748 1375 4819 igne
1400 4767 1433 4805 ea
1456 4767 1607 4824 excoquere
1631 4761 1660 4808 et
1680 4769 1698 4807 a
1721 4755 1818 4811 scoriis
1836 4774 1899 4830 pur-

214 4827 270 4884 fide
294 4828 436 4899 amplexus
460 4833 503 4882 est
526 4824 679 4893 Christum,
704 4829 736 4878 ut
755 4827 945 4881 sacramentali
965 4846 1041 4884 man·
1067 4850 1142 4905 gare.
1181 4832 1283 4887 Psalm.
1305 4840 1345 4904 11,
1364 4854 1389 4889 v.
1413 4842 1441 4891 3:
1471 4839 1605 4893 Proiecit
1623 4856 1671 4893 cor
1689 4858 1787 4904 meum,
1804 4845 1901 4898 ennu-

215 4914 356 4970 ducationi
384 4913 507 4984 exemplo
532 4911 698 4983 reliquorum
715 4909 901 4982 apostolorum
916 4911 1043 4982 spiritua·
1068 4921 1104 4970 sn·
1129 4927 1224 4983 noem,
1252 4922 1383 5005 captasti
1399 4941 1456 4992 me,
1480 4943 1534 4978 non
1554 4926 1683 4982 inuenies.
1721 4925 1825 4983 Psalm.
1843 4934 1902 4995 1311,

214 5001 267 5057 lem
287 5004 476 5073 conjungeret.
519 5005 541 5053 2.
561 4997 637 5054 Libr.
663 5003 703 5054 11.
729 4998 765 5053 de
788 4997 841 5054 cir.
864 4997 917 5052 Dei
948 5016 970 5052 c.
994 5003 1044 5053 25:
1068 5017 1094 5051 r.
1115 5006 1142 5055 l:
1162 5007 1283 5061 Domine
1301 5008 1473 5078 inanimam·
1490 5029 1539 5080 me,
1558 5013 1634 5080 opo,
1651 5020 1903 5082 perscrutatorem,

215 5090 280 5143 Non
301 5096 365 5143 eunt
389 5087 506 5143 dicendi
527 5089 697 5140 manducare
722 5105 824 5157 corpus
848 5085 965 5149 Ulmeti,
995 5062 1174 5152 quiiremota
1196 5091 1224 5142 et
1248 5094 1374 5149 abstrusa
1396 5097 1557 5167 exploravit.
1588 5063 1729 5155 'P'roverh
1754 5105 1803 5170 11,
1828 5118 1854 5157 v.
1874 5106 1904 5158 tr

216 5193 270 5228 non
293 5177 324 5229 in
343 5175 472 5230 membris
492 5174 596 5228 corea
613 5175 796 5244 computandi
813 5178 884 5226 sunt.
921 5170 1042 5241 Respon-
1071 5172 1149 5226 Sicut
1179 5175 1373 5243 conflatorium
1405 5194 1519 5248 arpenta
1547 5193 1574 5238 et
1598 5185 1724 5239 cuminas
1745 5202 1833 5255 arere,
1863 5189 1905 5242 eie

216 5261 326 5315 demus:
345 5261 456 5317 disserit
473 5267 570 5315 contra
587 5276 648 5324 eos,
666 5261 715 5332 qui
733 5259 785 5314 sibi
803 5257 992 5313 liberationem
1007 5256 1042 5311 ab
1070 5261 1159 5312 corda
1175 5262 1301 5336 probans
1319 5264 1467 5321 Dominus.
1498 5264 1599 5322 ierem.
1617 5277 1655 5339 17,
1668 5277 1740 5327 no:
1760 5272 1907 5344 Sappina-

216 5352 328 5402 aeterno
352 5349 417 5420 igne
437 5345 648 5419 promittebant,
671 5346 733 5402 ideo
752 5345 819 5416 quia
836 5344 871 5399 de
887 5359 998 5414 corpore
1015 5350 1044 5399 ct
1069 5347 1183 5399 iaticum
1209 5354 1250 5400 eet
1273 5365 1322 5403 cor
1346 5366 1420 5418 prce
1444 5352 1569 5405 omnibus
1594 5362 1620 5407 et
1637 5371 1814 5423 perenm,
1840 5360 1908 5430 qais

215 5432 349 5505 sanguine
376 5431 478 5488 Christi
503 5433 714 5504 participarunt,
743 5430 951 5502 quomodolibet
972 5428 1043 5486 vixe-
1069 5441 1212 5502 copnoecet
1230 5433 1327 5488 insidi
1346 5453 1371 5489 r.
1393 5441 1438 5491 lo:
1458 5439 1520 5504 nno
1540 5440 1681 5494 Dominae
1697 5453 1829 5502 semmae
1847 5464 1908 5516 cor,

216 5519 271 5575 rint
294 5524 323 5574 et
345 5519 375 5574 in
397 5535 564 5593 quacunque
584 5518 728 5591 impietate
743 5517 863 5587 fuerint,
896 5517 962 5589 quia
980 5517 1041 5572 uri-
1053 5514 1057 5572 i
1066 5520 1194 5587 probans
1210 5535 1299 5586 rensc,
1316 5521 1364 5576 uhi
1383 5524 1591 5594 conjunguntur
1610 5529 1678 5602 'ipo
1700 5526 1734 5578 ct
1752 5532 1823 5604 3¹33.
1856 5524 1908 5583 Sic
