4004 6022
770 116 823 175 DE
840 110 1032 176 amasam.
1685 130 1746 191 sta

52 272 129 327 moto
158 278 353 344 orounostrun
378 290 434 329 noa
457 274 660 346 morantium
708 273 743 329 Id
766 274 946 360 declaratlet
970 275 1029 331 sine
1049 288 1106 348 qua
1119 280 1185 331 sunt
1198 275 1278 334 arida
1295 282 1324 334 et
1342 274 1468 351 putrida,
1490 274 1521 332 id
1541 281 1585 334 est
1598 278 1750 352 ”quium

52 366 153 426 postea
177 357 345 431 quibusdam
368 361 508 432 exemplis.
544 362 692 415 Hominem
716 361 814 431 illum,
843 363 892 432 pn·
917 362 993 417 dicta
1011 360 1147 429 membra;
1173 363 1252 434 quia,
1280 364 1408 437 inquam,
1429 360 1500 419 tides
1516 362 1565 419 illa
1583 364 1693 422 interna
1708 366 1749 421 vi·

53 455 99 498 eut
115 445 241 500 Christus
261 448 321 500 Dei
336 447 439 513 Filius,
457 440 583 516 apostoli
597 449 730 501 oidctuut
751 458 777 501 et
798 455 891 503 tumea
917 449 976 505 deri
1000 450 1111 521 nequit,
1137 450 1199 505 ideo
1223 452 1306 507 etiam
1323 467 1416 507 veram
1434 451 1592 520 ecclesiam,
1619 459 1751 525 quaeest

54 530 138 584 illum
156 549 216 585 esso
235 531 374 587 Chrutrcm
395 534 455 587 Dei
471 534 577 587 Filium
597 553 654 588 aori
671 535 816 599 nutabunt,
840 537 892 588 sed
917 553 982 592 vere
1004 536 1174 592 credentium
1196 543 1224 592 et
1241 546 1397 593 sanctorum
1416 539 1608 612 congregatio,
1632 555 1692 596 esso
1709 539 1750 595 in·

54 619 215 673 credebaut.
260 621 299 674 Et
321 621 351 672 in
376 620 499 689 symbolo
526 621 661 688 dicimus,
693 622 785 676 uem
808 640 891 675 uuum
917 623 1073 679 visibilem?
1094 622 1163 686 uoce
1174 632 1250 677 certo
1263 626 1339 679 nouit
1352 625 1459 695 (scribit
1471 626 1652 681 Bellarminus
1667 642 1692 684 a.
1711 630 1750 683 10.

55 704 209 774 hoptrirsao,
242 706 307 760 licet
339 709 484 761 uideamus
513 716 538 762 et
565 709 715 761 sentiomua
745 708 891 778 baptimo,
919 706 1092 784 §.adhaec
1109 724 1222 765 necesse
1238 713 1308 779 est),
1325 712 1354 765 in
1375 712 1475 781 quibus
1491 713 1526 765 ait
1544 712 1601 766 ista
1614 713 1690 779 fidas
1707 712 1750 766 in·

55 792 107 845 loc
129 800 170 846 cot
194 810 286 863 opica
309 795 519 862 crispersioucm
545 802 570 848 ct
592 795 735 849 uerborum
749 795 890 864 prolatio·
918 796 1022 849 torua!

58 897 125 947 neu,
143 896 201 932 noa
219 880 293 932 onim
309 880 451 949 uidemus,
469 883 521 935 scd
542 883 681 936 cadmus
698 882 780 935 illum
800 898 890 952 oquae
954 886 995 935 tt.
1035 880 1130 952 Atque
1152 880 1220 936 haec
1248 887 1312 937 sunt
1332 888 1496 954 argumenta
1514 887 1620 946 nosue,
1649 881 1749 953 quibus
1762 891 1831 932 rinna

59 966 269 1034 adopertionem
284 974 311 1020 ot
322 969 465 1021 cortonam
477 968 666 1037 prolationem
680 985 738 1021 esse
751 969 889 1037 boptcbma
918 965 1102 1021 Bellarminus
1124 968 1291 1039 respondere
1314 969 1416 1039 voluit,
1442 974 1591 1039 supersunt
1609 984 1674 1024 vero
1695 969 1750 1024 alia
1763 943 1890 1037 {imm

59 1050 174 1122 tltrirti,
188 1052 239 1107 too
259 1061 298 1106 cst
315 1061 519 1107 sacromentum
538 1055 689 1125 quoddam.
725 1054 830 1110 Eodem
849 1071 890 1109 re·
918 1055 1006 1124 plura
1053 1054 1125 1110 Nam
1164 1063 1185 1110 1.
1216 1055 1270 1110 huc
1300 1056 1438 1128 pertinent
1469 1056 1560 1113 omnia
1590 1054 1748 1125 Scripturas
1763 1057 1829 1097 “⁸⁰¹

59 1155 160 1208 sponso
184 1138 273 1193 utitur
288 1136 417 1194 Costerus
439 1140 467 1194 in
488 1141 591 1195 enchir.
610 1158 632 1196 c.
654 1140 688 1195 de
709 1140 774 1197 eccl.
813 1140 890 1196 Idem
918 1140 1001 1209 dicta,
1020 1140 1121 1212 quibus
1139 1142 1265 1212 superius
1284 1147 1309 1213 t.
1329 1151 1369 1200 50.
1388 1141 1642 1211 demonstravimus,
1662 1141 1749 1198 ecclc·
1763 1102 1878 1191 misit·-

58 1225 139 1279 etiam
167 1226 269 1295 repetit
294 1226 420 1282 Becanus
447 1227 482 1281 de
507 1227 624 1282 ecclesia
652 1245 678 1297 q.
709 1233 730 1283 1.
755 1227 843 1281 conci.
869 1207 985 1297 tisiam
1011 1228 1121 1299 proprie
1142 1244 1202 1284 esse
1223 1231 1463 1299 concrepationem
1482 1238 1653 1296 sauctorum,
1676 1229 1751 1285 unde
1764 1202 1867 1303 {lidii}

56 1327 82 1380 p.
105 1317 155 1365 24:
190 1311 269 1365 Licet
291 1311 401 1383 (inquit)
420 1314 646 1367 eororm'socolio
663 1314 806 1367 uideamus
823 1316 890 1368 mul·
917 1315 956 1368 sic
981 1314 1152 1386 colligimus:
1187 1315 1233 1370 Ad
1253 1317 1396 1373 ecclesiam
1414 1317 1527 1389 proprie
1547 1324 1574 1372 et
1591 1324 1691 1386 κυρίως
1708 1316 1748 1370 sic
1763 1321 1802 1363 ¹1·
1812 1319 1846 1364 ⁰¹·

58 1398 207 1452 titudinem
231 1414 328 1452 aonam
351 1399 507 1467 hominum,
538 1418 570 1453 ea
593 1400 691 1470 quibua
709 1401 832 1470 conflato
850 1401 1020 1456 condictam
1041 1418 1097 1455 non
1120 1403 1259 1472 pertinent
1284 1404 1336 1458 nisi
1360 1404 1448 1459 sancti
1467 1411 1496 1458 et
1513 1419 1578 1459 vere
1597 1403 1750 1460 credentes.
1765 1390 1890 1482 {imm

56 1484 174 1538 oicibs'lin
198 1484 331 1555 ccclesia,-
357 1493 450 1539 tomen
470 1489 547 1555 quood
566 1488 595 1540 iu
614 1506 646 1541 co
660 1487 837 1541 multitudino
856 1489 892 1540 ait
903 1466 906 1537 l
918 1486 982 1541 lam
1002 1503 1067 1542 vero
1086 1489 1198 1559 quinam
1219 1489 1275 1544 sint
1291 1507 1354 1545 vere
1373 1491 1515 1546 credentes
1532 1498 1560 1544 et
1576 1488 1678 1558 saneti,
1695 1506 1751 1544 non
1764 1490 1860 1526 ΒΜ·

55 1587 121 1624 ocra
143 1569 251 1625 Christi
275 1579 300 1625 ot
324 1573 515 1640 apostolorum
541 1575 687 1638 doctrino,
710 1573 761 1628 hoc
780 1591 835 1628 noa
852 1574 892 1627 oi·
918 1579 960 1626 est
991 1573 1078 1627 oculis
1109 1573 1235 1629 humanis
1264 1576 1383 1633 obvium.
1426 1575 1502 1649 Ergo
1525 1577 1608 1633 etiam
1633 1591 1698 1631 vera
1722 1580 1752 1630 et

56 1659 169 1725 domuc,
194 1659 246 1712 rod
268 1660 407 1713 dedimus
432 1660 547 1730 (addme
572 1661 693 1716 debebat
712 1660 839 1715 Becanus
859 1677 891 1715 ex
918 1659 1029 1730 proprie
1055 1661 1095 1715 sic
1123 1661 1200 1716 dicta
1227 1662 1343 1718 ecclesia
1365 1663 1453 1718 oculis
1479 1661 1607 1717 humanis
1630 1680 1685 1717 uon
1710 1667 1752 1718 est

56 1743 239 1808 Bellarmino,
265 1747 342 1814 pand
370 1748 421 1800 illc
449 1755 555 1812 codice,
584 1749 640 1802 ciue
668 1748 722 1801 illa
751 1748 891 1802 homiuum
917 1745 1008 1803 obvia.
1045 1752 1067 1802 2.
1087 1746 1120 1801 In
1146 1747 1246 1820 quibus
1270 1748 1402 1820 splendor
1425 1755 1454 1804 et
1476 1756 1588 1804 ornatus
1606 1764 1688 1804 verae
1707 1748 1783 1804 ‹rc-2
1797 1751 1852 1791 ΡΝ·

56 1832 196 1886 multiudo
213 1833 251 1885 cit
268 1833 400 1897 ecclesio,
420 1851 476 1887 ooo
496 1837 628 1899 uideinue,
649 1834 698 1889 sed
717 1834 833 1907 quilibet
852 1834 891 1888 ri·
917 1833 1017 1889 etesiae
1044 1833 1146 1889 dicitur
1170 1833 1285 1891 interior
1311 1842 1340 1890 et
1364 1835 1552 1891 absconditus.
1584 1834 1688 1891 Psalm.
1709 1842 1751 1900 45,
1763 1812 1877 1895 ilelistu

57 1918 112 1986 det,
131 1933 188 1989 quo
208 1917 321 1973 consilio
338 1919 407 1973 illud
420 1920 561 1981 omiserit).
594 1920 817 1992 Respondemus:
836 1938 891 1976 non
916 1937 942 1975 v.
966 1927 1012 1976 tr:
1041 1922 1137 1975 Omnis
1154 1923 1247 1990 plocio
1260 1922 1343 1993 fllioo
1364 1923 1440 1992 repis
1457 1931 1499 1978 cst
1516 1923 1642 1977 interior.
1672 1906 1884 1998 Haecsssslffl

55 2005 192 2076 potuisset
215 2004 397 2061 Bellarminus
424 2006 522 2060 melius
542 2024 654 2063 causam
669 2014 791 2062 nostram
808 2024 891 2079 agere
916 2004 974 2061 filia
1000 2007 1074 2078 regis
1101 2007 1228 2063 coelestis
1257 2015 1284 2063 et
1308 2024 1410 2080 sponsa
1437 2007 1539 2063 Christi
1566 2014 1608 2064 est
1625 2008 1750 2074 ccclesia,
1763 2018 1816 2052 ¹¹¹¹·

54 2099 84 2149 et
106 2092 208 2147 clarius
228 2093 392 2148 sententiam
412 2099 535 2149 nostram
556 2110 705 2165 exponere,
727 2094 801 2148 idem
818 2095 890 2149 enirn
917 2099 1028 2146 ornatus
1046 2093 1120 2148 illius
1138 2094 1240 2148 dicitur
1257 2094 1378 2163 interior,
1395 2093 1503 2150 scilicet
1519 2093 1547 2148 in
1559 2094 1709 2150 virtutibus
1722 2099 1750 2149 et

55 2196 105 2250 per
129 2179 224 2234 omnia
247 2179 371 2234 dicimus.
414 2178 547 2235 Videmus
572 2180 650 2235 illum
679 2186 788 2235 coetum
804 2180 889 2234 homi·
918 2178 995 2233 donis
1023 2177 1141 2248 Spiritus
1171 2178 1267 2235 sancti.
1312 2180 1340 2236 Si
1368 2197 1434 2251 ergo
1461 2196 1542 2236 verus
1570 2187 1598 2236 et
1622 2181 1750 2252 proprius

54 2283 136 2330 num,
166 2265 214 2337 qui
231 2272 273 2322 est
292 2265 422 2331 eculeus,
448 2266 496 2320 sed
517 2282 552 2319 an
571 2265 611 2319 illi
628 2265 751 2320 homines
774 2265 830 2320 sint
848 2283 890 2321 oc·
917 2263 1048 2318 ecclesiae
1076 2263 1206 2334 splendor
1230 2271 1272 2320 est
1290 2264 1403 2321 interior
1422 2272 1450 2321 ct
1468 2265 1626 2336 invisibilis,
1653 2267 1750 2338 utique

55 2353 153 2423 closis,
181 2370 236 2409 non
264 2352 397 2407 videmus.
442 2352 483 2408 Ut
510 2351 648 2407 Christum
671 2351 809 2408 hominem
834 2368 889 2407 non
916 2350 999 2405 etiam
1018 2349 1135 2405 ecclesia
1148 2350 1283 2406 hactenus
1302 2358 1330 2406 et
1349 2351 1403 2406 hoc
1420 2360 1549 2423 respectu
1567 2359 1610 2408 est
1627 2350 1750 2407 invisibi·

55 2441 107 2495 soli
125 2439 253 2511 apostoli,
273 2438 321 2494 sed
340 2448 432 2494 omncs
450 2440 604 2509 promiscue
624 2438 770 2515 videbant,
785 2440 825 2494 sic
842 2439 890 2494 ho·
916 2435 958 2492 lis.
995 2434 1171 2508 Augustinus
1190 2437 1237 2492 lib.
1258 2444 1282 2493 5.
1302 2437 1337 2493 de
1355 2438 1432 2510 bapt.
1450 2445 1548 2493 contra
1560 2436 1656 2493 Donat
1667 2455 1691 2494 c.
1704 2442 1750 2493 2¹1:

55 2527 143 2581 mines
169 2525 301 2581 ecclesiae
325 2523 397 2580 filios
419 2525 575 2595 promiscue
593 2542 687 2580 omnes
704 2525 814 2595 rident,
840 2526 888 2581 sed
918 2522 1015 2576 Omnis
1028 2524 1213 2593 pulchritudo
1225 2525 1310 2592 filice
1328 2525 1405 2594 repis
1418 2526 1593 2591 intrinsecus,
1611 2526 1641 2578 iu
1653 2524 1752 2595 quibus

55 2611 185 2667 utillum
209 2612 346 2667 hominem
374 2611 511 2666 Christum
537 2628 596 2667 esse
615 2611 669 2666 Dei
687 2611 789 2681 filium,
816 2611 889 2668 oculi
916 2617 956 2663 eat
992 2626 1123 2664 uumerus
1162 2618 1254 2664 certus
1285 2619 1445 2665 sanctorum
1473 2612 1751 2681 praedestinatorum

55 2718 110 2755 non
134 2699 332 2769 ostendebant,
363 2699 402 2753 sic
429 2698 491 2752 illos
519 2697 642 2754 homines
671 2717 731 2755 esse
757 2700 889 2756 ecclesiae
916 2704 981 2750 onte
1006 2697 1107 2749 mundi
1129 2696 1359 2754 corstitutionum.
1392 2696 1470 2753 Rom.
1499 2703 1529 2769 2,
1553 2714 1578 2751 v.
1600 2704 1649 2755 28:
1686 2699 1752 2752 Noc

54 2788 143 2857 tilios,
167 2805 218 2842 nec
240 2804 336 2843 sensus
354 2804 404 2842 nec
422 2787 494 2842 oculi
518 2787 684 2843 renuntiant.
722 2789 820 2860 Aquae
842 2789 889 2842 ad·
917 2783 967 2851 qui
984 2784 1014 2836 io
1032 2782 1199 2848 manifesto,
1218 2784 1351 2837 Judocur
1370 2793 1424 2854 est,
1447 2800 1535 2853 neque
1556 2801 1628 2854 quac
1646 2784 1676 2838 iu
1694 2802 1751 2839 mo·

55 2874 224 2946 sparsionem
248 2874 277 2928 in
300 2873 410 2927 nomine
434 2872 578 2928 Trinitatis
603 2872 706 2928 factam
732 2891 826 2928 omnes
850 2874 889 2927 ri·
915 2870 1030 2937 oifcsto,
1049 2870 1079 2923 ia
1097 2885 1192 2934 carne,
1211 2877 1252 2924 cst
1272 2871 1446 2925 circumcisio
1453 2890 1465 2934 ,-
1481 2887 1506 2927 u.
1527 2875 1573 2927 29:
1591 2872 1643 2925 ssd
1661 2871 1751 2940 quiin

56 2962 137 3025 dent,
163 2959 211 3015 sed
239 2959 313 3015 illam
330 2959 534 3030 adspersionem
552 2976 612 3015 esse
630 2959 767 3030 baptisma
789 2959 891 3014 Christi
917 2955 1094 3024 abscondito,
1123 2955 1255 3008 Judccus
1281 2964 1324 3009 cat
1347 2964 1373 3009 et
1402 2956 1576 3009 circumcisio
1600 2957 1697 3010 cordia
1720 2957 1750 3009 ia

56 3055 84 3106 et
108 3053 234 3102 sanctam
257 3047 368 3119 aliquod
386 3046 601 3115 sacramentum,
625 3046 697 3100 oculi
716 3062 771 3099 non
791 3062 890 3101 renun-
918 3041 1042 3111 Spiritu,
1066 3059 1122 3094 aon
1145 3041 1243 3112 litero,
1270 3042 1352 3112 cujus
1378 3042 1442 3095 loun
1463 3059 1519 3095 uon
1537 3058 1570 3095 cu
1587 3043 1751 3113 bominibus,

55 3135 142 3202 tiant3
168 3133 208 3188 sic
227 3133 365 3201 homines,
385 3134 432 3203 qui
449 3132 485 3187 ad
504 3131 649 3187 ecclesiam
670 3131 823 3202 pertinent,
848 3132 888 3185 vi·
916 3129 968 3181 sed
985 3143 1018 3180 ca
1035 3128 1100 3182 Deo
1119 3135 1166 3182 est.
1203 3125 1284 3191 Quod
1303 3131 1345 3182 est
1366 3127 1395 3181 in
1415 3125 1537 3197 occulto,
1560 3127 1589 3181 id
1607 3127 1691 3183 etiam
1710 3129 1750 3181 in·

56 3224 158 3277 dentur
187 3226 215 3275 et
238 3219 379 3290 conspicui
403 3225 484 3286 sunt,
514 3219 563 3273 sed
591 3217 714 3272 homines
742 3218 804 3273 illos
831 3236 889 3275 esse
916 3212 1031 3268 visibile.
1066 3212 1190 3269 Ecclesia
1208 3215 1275 3266 κατὰ
1294 3212 1506 3284 πρῶτονλόγον
1524 3212 1612 3268 estin
1631 3213 1749 3278 occulto,

55 3327 122 3365 sera
148 3315 177 3364 et
199 3307 263 3362 viva
288 3306 422 3362 ecclesiae
446 3304 583 3369 membra,
617 3304 737 3360 exterius
763 3323 817 3360 non
843 3322 889 3377 ap·
917 3300 982 3372 quia
995 3306 1028 3355 ut
1041 3300 1181 3371 apostolus
1192 3301 1362 3373 pronuntiat,
1383 3317 1445 3356 eum
1458 3301 1569 3355 demum
1582 3316 1641 3356 esse
1655 3316 1749 3356 verum

54 3400 145 3468 paret.
189 3393 277 3450 Notat
302 3392 432 3448 Pererius
462 3393 490 3446 in
522 3409 618 3447 comm.
663 3391 778 3447 Roman.
806 3397 829 3448 8.
857 3408 891 3446 ex
916 3388 1071 3456 Judaeum,
1095 3387 1143 3458 qui
1164 3387 1193 3441 in
1212 3388 1321 3443 occulto
1338 3387 1396 3443 sire
1417 3388 1580 3443 abscondito
1598 3387 1690 3443 cordis
1708 3387 1749 3443 sui

55 3483 207 3552 cajetano,
238 3482 294 3534 duo
317 3497 374 3533 csso
398 3480 427 3532 in
447 3480 522 3548 fidei
544 3480 649 3547 objecto
671 3481 890 3547 consideranda,
915 3474 979 3530 talis
997 3480 1050 3544 est,
1069 3481 1153 3548 atque
1173 3492 1233 3531 eam
1254 3475 1365 3531 demum
1383 3492 1443 3533 esse
1458 3492 1552 3532 veram
1567 3476 1749 3532 circumcisio·

56 3587 176 3640 quorum
202 3568 321 3621 alterum
352 3567 390 3619 sit
415 3566 577 3632 oratoriolo,
612 3566 732 3619 alterum
752 3566 890 3635 formale.
916 3580 993 3632 nem,
1019 3578 1090 3635 quae
1115 3570 1158 3618 est
1180 3563 1208 3617 in
1233 3563 1315 3618 corde
1340 3570 1369 3618 et
1386 3561 1506 3635 Spiritu,
1533 3564 1635 3619 nonin
1654 3580 1749 3634 carnc3

58 3655 215 3711 dictericis
239 3654 372 3722 objectum
392 3653 461 3716 fidoi
473 3653 564 3706 uideri
576 3669 675 3722 pocae,
700 3654 753 3705 sed
761 3652 891 3721 formale
916 3650 956 3704 ita
975 3649 1036 3721 puri
1054 3649 1135 3705 modo
1147 3650 1327 3720 pronuntiare
1344 3664 1497 3721 possumus,
1517 3666 1573 3704 non
1590 3666 1659 3716 eam,
1678 3666 1750 3722 quae

57 3743 194 3810 objectum
223 3757 282 3793 csse
312 3739 458 3793 invisibile.
507 3737 658 3793 Subsumo:
694 3738 820 3794 Ecclesia
851 3757 891 3795 re·
917 3754 947 3792 se
975 3735 1003 3790 in
1032 3736 1179 3792 manifesto
1210 3755 1260 3808 pro
1290 3737 1408 3792 ecclesia
1435 3734 1560 3790 venditat
1587 3752 1620 3789 ac
1649 3736 1749 3791 visibili

57 3836 157 3900 spectu
174 3827 217 3881 sui
235 3826 384 3881 materialis
402 3826 490 3881 videri
508 3833 608 3898 potest,
627 3826 676 3881 sed
697 3833 832 3897 quatenus
850 3833 892 3882 est
903 3858 906 3877 ι
917 3824 1065 3895 splendore
1086 3825 1181 3881 oculos
1199 3824 1341 3880 bominum
1360 3821 1521 3894 perstingit,
1546 3822 1749 3893 agnoscendam

55 3915 172 3971 formale
199 3913 263 3968 fidei
288 3914 428 3985 objectum
458 3931 512 3967 non
536 3912 658 3983 videtur,
689 3912 738 3967 sed
761 3913 890 3967 creditur.
918 3926 977 3966 csse
996 3927 1047 3982 pro
1066 3927 1133 3967 vera
1151 3912 1275 3979 ecclesia,
1298 3911 1346 3966 sed
1365 3927 1425 3978 eos,
1445 3907 1539 3980 quiin
1557 3909 1666 3963 occulto
1685 3915 1750 3964 sunt

58 4002 151 4055 Firmo
171 4000 256 4071 igitur
273 4001 330 4056 talo
348 4007 404 4055 stat
422 4008 546 4055 nostrum
566 4002 776 4072 argumentum:
805 3999 891 4054 eccle·
917 3996 1074 4063 Christiani,
1093 4013 1153 4052 esse
1172 4014 1250 4053 veros
1263 3994 1434 4051 Christianos
1453 4003 1585 4051 etveram
1598 3995 1749 4051 ecclesiam.

56 4088 127 4140 siam
146 4087 289 4141 credimus.
325 4085 401 4157 Ergo
419 4103 473 4140 non
492 4086 630 4154 videmus,
653 4101 724 4157 quae
742 4085 815 4141 eninr
833 4102 890 4140 cre·
917 4081 991 4153 Ergo
1026 4082 1142 4139 ecclesia
1173 4082 1241 4136 ruri
1271 4084 1383 4151 πρῶτον
1414 4079 1498 4151 λόγον
1527 4086 1569 4137 est
1596 4080 1748 4136 invisibilis.

57 4174 163 4242 dimus,
181 4188 238 4227 non
256 4173 356 4241 oculis,
372 4173 421 4228 sed
438 4172 492 4227 tide
513 4173 716 4244 percipiuntur,
742 4170 828 4226 Hebr.
850 4177 890 4239 rt,
918 4173 942 4225 3.
958 4168 990 4222 ln
1009 4168 1111 4240 quibus
1127 4168 1178 4223 soli
1192 4167 1254 4223 Deo
1271 4167 1435 4223 vendicetur
1452 4167 1552 4222 notitia
1568 4167 1685 4233 illorum,
1702 4170 1749 4240 qui
1762 4176 1782 4220 a
1796 4176 1844 4220 sou

57 4279 84 4316 v.
105 4266 132 4315 1:
153 4260 243 4314 otoo
260 4269 301 4314 ou
320 4262 430 4331 ruppe
448 4262 503 4313 ror
517 4259 555 4333 μὴ
574 4265 761 4328 strumam.
789 4268 813 4314 2.
828 4256 889 4313 cor.
917 4261 981 4310 sunt
1000 4272 1066 4310 vero
1088 4260 1117 4310 u
1142 4255 1206 4310 uva
1224 4255 1356 4311 eceterae
1374 4254 1505 4310 membra.
1541 4253 1691 4309 uranus
1708 4231 1876 4322 scatit&

57 4354 83 4415 5,
106 4365 132 4402 v.
152 4353 179 4401 τε
208 4348 265 4400 Per
284 4349 367 4412 fidem
385 4348 554 4416 incedimus,
579 4364 635 4400 nou
649 4364 705 4416 per
721 4348 890 4416 subpactum,
917 4341 1043 4410 ecclesia,
1064 4341 1092 4396 id
1111 4347 1152 4397 est
1173 4340 1353 4413 congregatio
1370 4345 1537 4412 sanctornm,
1554 4356 1610 4396 uon
1622 4340 1650 4394 in
1662 4340 1749 4396 oculis
1763 4343 1853 4426 zm

57 4432 107 4487 ubi
143 4431 212 4488 fides
244 4439 273 4488 et
302 4434 449 4507 adspectus
476 4431 529 4486 sibi
560 4432 678 4487 invicem
706 4435 889 4504 opponuntur.
915 4429 1065 4499 hominum,
1081 4428 1130 4484 sed
1142 4428 1171 4482 in
1182 4429 1269 4484 oculis
1282 4428 1336 4483 Dei
1349 4427 1499 4483 clarissime
1511 4433 1596 4499 patet.
1625 4427 1869 4484 Ecclesiamnnnru

57 4520 232 4591 Augustinus
255 4526 335 4576 dact.
358 4526 397 4576 10.
416 4520 445 4574 in
462 4518 538 4575 Jon:
557 4518 621 4573 Hoc
637 4528 676 4573 est
688 4521 758 4583 rides
776 4521 889 4573 declaro
916 4516 1069 4571 israelitica
1093 4514 1188 4571 decem
1212 4516 1336 4571 tribuum
1355 4514 1524 4586 temporibus
1544 4512 1622 4568 Elias
1640 4514 1670 4569 in
1686 4528 1749 4584 pro·

57 4609 137 4676 quod
163 4625 218 4661 nou
246 4607 331 4662 vidos.
380 4604 530 4677 Gregorius
555 4603 628 4658 hom.
656 4610 698 4660 26.
727 4606 756 4658 in
779 4621 890 4676 evang.:
918 4604 1022 4657 misena
1043 4601 1252 4657 idololatrarum
1278 4601 1362 4658 turim
1383 4601 1423 4656 sic
1441 4599 1560 4665 latebat,
1587 4607 1671 4655 utne
1689 4601 1747 4672 qui-

61 4693 137 4756 Quoc
155 4702 302 4764 apparent,
314 4693 378 4762 jam
397 4712 452 4746 oon
469 4692 552 4755 fidem
564 4691 671 4756 labent,
690 4693 742 4745 aad
758 4691 892 4761 copositio·
919 4690 981 4745 dem
1006 4688 1172 4744 sanctissimi
1196 4686 1482 4761 perspicacissimique
1500 4684 1651 4757 prophetae
1669 4686 1749 4742 Elias

58 4799 128 4834 nem.
160 4779 261 4835 Homil
280 4784 319 4835 32.
339 4779 368 4833 in
386 4795 496 4850 aranga
521 4775 604 4839 Quod
618 4776 820 4846 oidors'potast,
837 4794 892 4831 mc·
919 4776 1005 4833 oculis
1021 4783 1095 4832 esset
1113 4775 1203 4832 obvia.
1223 4775 1292 4831 Cum
1311 4775 1384 4831 enim
1404 4779 1626 4845 conquereretur,
1644 4790 1674 4828 se
1693 4789 1751 4829 osce

59 4868 116 4920 lius
138 4867 240 4919 dicitur
263 4865 333 4918 sciri
355 4884 439 4935 prom
459 4864 546 4918 medi.
587 4860 771 4918 Bellurminus
796 4880 899 4931 conce
917 4864 1046 4918 relictum
1066 4862 1158 4917 solum
1176 4859 1327 4917 interfectis
1345 4859 1472 4916 omnibus
1490 4858 1548 4914 veri
1565 4856 1621 4913 Dei
1639 4858 1750 4915 cultori-

60 4952 115 5020 dit,
139 4970 195 5006 uon
217 4952 324 5021 uideri,
351 4953 403 5005 sed
420 4951 514 5015 medi,
540 4950 617 5020 quod
633 4949 684 5003 illc
698 4958 789 5004 coetus
806 4950 891 5004 homi·
918 4951 984 5019 bus,
1016 4948 1204 5021 respondebat
1235 4948 1260 5004 ei
1290 4947 1412 5002 divinum
1442 4945 1602 5002 oraculum:
1635 4946 1752 5019 Reliqui

58 5057 133 5104 uum,
152 5039 200 5107 qui
213 5039 362 5108 profitetur
379 5039 463 5101 fidem
483 5036 600 5105 Christi,
621 5035 661 5089 sit
680 5051 747 5089 cera
767 5034 893 5107 ecclesio,
919 5039 989 5093 ouili
1004 5038 1034 5092 ἐπ
1048 5035 1143 5091 Isroil
1163 5044 1266 5109 septem
1285 5035 1379 5090 millia
1397 5036 1530 5104 uirorum,
1548 5035 1598 5106 qui
1615 5052 1670 5089 nou
1688 5052 1750 5090 cur·

59 5127 128 5196 quia
145 5124 251 5179 scilicet
270 5123 411 5178 euidenter
430 5124 506 5192 sciri,
525 5123 613 5176 idest
630 5121 725 5176 uideri
740 5120 894 5193 nequitus
919 5132 1051 5180 onomat
1068 5141 1161 5194 pecua
1178 5143 1230 5179 rua
1249 5141 1344 5178 coram
1362 5122 1442 5176 Bcal
1462 5127 1484 5177 l.
1503 5120 1573 5193 Reg.
1595 5127 1641 5192 19,
1662 5138 1688 5177 r.
1711 5127 1750 5179 18.

59 5214 114 5267 illa
132 5213 201 5277 fidos
218 5210 380 5265 sitC'luicti.
418 5210 459 5264 At
476 5215 580 5283 quanto
597 5208 695 5264 fortius
707 5210 895 5281 argumentari
918 5210 972 5266 fuit
993 5228 1059 5283 ergo
1086 5215 1180 5266 coetus
1202 5209 1249 5266 ille
1272 5209 1381 5282 piorum
1403 5206 1483 5263 Elias
1503 5206 1662 5279 invisibilis,
1688 5206 1749 5264 Deo

59 5316 218 5373 possumus,
241 5298 307 5371 qnia
324 5297 394 5352 fides
412 5295 520 5355 interna
536 5303 565 5354 et
580 5296 717 5363 salvifica,
743 5312 894 5369 perquam
920 5299 1044 5355 cordium
1068 5296 1214 5354 scrutatori
1239 5295 1406 5352 notissimus.
1443 5294 1520 5353 Neve
1540 5294 1603 5369 quis
1622 5293 1748 5368 excipiat,

60 5387 184 5445 homines
208 5386 360 5443 redduntur
382 5396 449 5437 vera
470 5390 498 5441 et
519 5384 584 5442 vira
607 5383 741 5442 ecclesiae
763 5342 1009 5455 membrs,lolioro
1028 5401 1086 5441 csse
1103 5384 1239 5440 rotimum
1256 5382 1390 5439 ecclcsiae
1407 5381 1438 5438 in
1460 5382 1491 5438 V.
1511 5381 1600 5439 olsbm
1615 5380 1647 5436 io
1663 5382 1700 5437 Ν.
1717 5380 1750 5441 T.
