4004 6022
210 307 257 366 aa
456 365 457 368 Ν
807 274 932 361 nocue
947 296 1154 358 numnius
1172 297 1316 359 ramus

212 456 306 527 piant,
325 463 375 511 eut
394 457 431 511 ab
449 457 565 526 integris
583 464 741 521 ammana,
761 456 830 526 guia
847 457 949 513 dianio
966 459 1048 511 unius
1076 455 1257 524 abstinebant,
1283 456 1380 525 areales
1399 465 1478 511 erant
1495 466 1551 511 mm
1568 456 1747 526 Manichaei,
1769 465 1826 511 tum
1844 457 1910 516 Pri-

216 551 243 597 et
265 546 391 614 eiusdem
414 546 541 613 mysterii
560 563 617 599 non
638 552 731 615 potest
753 545 813 598 eine
838 547 945 616 prandi
960 546 1047 600 secri-
1073 541 1267 597 scillranietae.
1291 542 1460 614 Responsio:
1476 542 1555 598 Haec
1564 543 1664 598 solutio
1672 543 1772 598 everfit
1780 543 1909 614 priorem.

216 630 290 698 lepia
304 631 464 699 prevenire.
492 629 685 698 (Bellarminus
704 631 774 684 duas
791 629 873 687 affert
883 631 1047 688 solutiones:
1074 625 1104 682 si
1129 629 1203 682 enim
1230 647 1320 685 canon
1343 629 1465 700 loquitur
1487 630 1522 685 de
1546 628 1729 698 Manicheam,
1758 647 1823 701 ergo
1852 634 1949 684 non1·
1965 631 1993 675 ⁷⁸

216 720 239 769 1.
259 718 337 784 qued
367 717 499 786 loquatur
533 717 664 771 Celusius
697 720 733 771 de
759 719 829 773 salis
856 720 1048 774 smmdotibus
1076 714 1111 768 de
1133 715 1199 769 solis
1223 717 1421 772 sacerdotibus.
1455 715 1620 786 Superstitio
1637 716 1752 782 dicitur,
1770 733 1826 772 non
1843 715 1909 771 hae-

215 803 453 872 eacridcantihus,
480 804 529 872 pui
549 803 629 857 nulla
650 805 733 857 modo
758 806 857 858 dehent
881 823 966 859 unam
985 822 1046 875 spe-
1073 800 1150 874 resia,
1178 804 1223 860 cui
1250 804 1296 858 hic
1322 819 1410 858 canon
1432 802 1575 872 oppositus
1602 806 1652 856 est
1689 801 1764 874 Ergo
1790 818 1846 857 nan
1872 801 1910 856 de

214 887 284 941 erm
311 886 371 943 em
397 890 490 942 azara
512 905 627 943 mmet.
674 888 843 960 Responsio:
872 891 947 946 nuno
976 875 1242 959 msteleichseis
1259 889 1423 960 haereticis,
1441 889 1491 944 res
1509 889 1545 944 ss
1561 888 1758 960 superstitiosis
1776 886 1910 943 amnas-

213 972 326 1042 probari
349 980 455 1044 potest,
479 975 637 1029 sacerdotes
660 981 718 1029 tum
742 976 872 1046 temporis
899 976 1114 1063 utrumqnelnis
1146 978 1276 1048 loquitur.
1330 975 1477 1031 Praeterea
1506 975 1593 1030 rerba
1620 975 1734 1029 canonis
1766 972 1911 1046 generalia

214 1059 334 1129 speciem
364 1059 475 1131 quidem
502 1075 690 1129 consecrasse,
721 1060 835 1116 alteram
863 1068 957 1118 tamen
985 1071 1045 1118 tan·
1072 1072 1145 1134 sunt,
1164 1082 1228 1119 eum
1247 1079 1303 1118 non
1321 1063 1443 1133 recipere
1460 1062 1600 1133 integrum
1618 1065 1833 1126 sacramentum,
1859 1059 1910 1131 qui

116 1213 118 1216 Α
213 1146 354 1200 tummodo
372 1145 510 1201 sumsisse.
541 1144 662 1202 sienim
680 1153 825 1218 utramque
838 1149 1044 1218 consecrabant,
1072 1168 1155 1207 unam
1179 1156 1287 1204 tantum
1310 1149 1431 1220 speciem
1456 1148 1552 1218 sumit,
1579 1154 1629 1202 aut
1647 1152 1821 1202 samamenta
1837 1145 1909 1200 inte-

213 1231 280 1303 quid
297 1230 384 1286 fiebat
402 1232 438 1287 de
456 1231 562 1289 alterat
579 1233 628 1287 ubi
645 1233 748 1288 inventi
768 1241 833 1289 sunt
844 1243 1044 1305 consecrantes,
1071 1256 1123 1311 gre
1139 1236 1334 1308 percipienda,
1353 1242 1402 1290 sut
1420 1237 1457 1290 ab
1476 1234 1594 1305 integris
1611 1233 1822 1299 abstinendum,
1841 1233 1910 1303 quia

212 1317 261 1388 qui
294 1335 350 1372 non
383 1324 495 1373 sumant
530 1325 675 1392 utramque
702 1322 842 1391 speciem?
896 1321 1044 1378 Praeterea
1071 1324 1169 1379 divisio
1188 1322 1270 1377 unius
1286 1320 1466 1392 ejusdemque
1484 1320 1608 1390 mysterii
1627 1321 1686 1382 sine
1704 1319 1806 1392 grandi
1823 1318 1908 1374 sacri-

211 1402 297 1460 rerba
321 1403 371 1458 illa
396 1413 446 1458 aut
469 1407 505 1458 ab
530 1407 648 1475 integris
671 1416 823 1461 arceantur
844 1408 985 1464 evidenter
1002 1427 1043 1464 re·
1070 1411 1221 1483 legionen
1244 1409 1330 1479 possit
1354 1408 1519 1478 provenire.)
1556 1406 1709 1479 Gregorius
1730 1406 1778 1463 lib.
1793 1412 1818 1462 t.
1840 1404 1907 1460 dial
1922 1402 1993 1502 Q<

210 1489 332 1562 spiciunt
349 1496 497 1560 sumentes,
515 1508 570 1547 non
590 1497 682 1547 autem
695 1492 899 1558 distribuentes,
919 1495 959 1550 sic
971 1494 1043 1551 enim
1071 1514 1094 1551 c.
1114 1501 1160 1551 ὀὓς
1181 1497 1257 1565 Ejus
1276 1495 1316 1548 ihi
1333 1512 1434 1563 corpus
1454 1495 1581 1562 sumitur,
1599 1495 1660 1563 ejus
1676 1494 1787 1548 careia
1805 1492 1911 1562 populi

209 1575 240 1631 in
260 1575 313 1632 hoe
336 1576 396 1649 ipso
420 1595 443 1634 c.
463 1583 505 1634 it.
526 1596 597 1650 resp.
626 1578 662 1633 ad
686 1578 763 1633 dicta
789 1578 921 1651 Cypriani
939 1581 1043 1636 Bellar·
1070 1583 1189 1637 salutem
1211 1582 1349 1651 partitur,
1378 1582 1440 1650 ejus
1466 1581 1583 1651 sanquis
1612 1598 1668 1634 non
1694 1581 1756 1649 jam
1779 1579 1909 1634 manitas

209 1662 300 1718 minus
326 1662 462 1735 loquitur:
484 1665 540 1717 Jas
565 1665 703 1719 laicorum
726 1668 766 1720 ad
784 1668 1044 1721 communicandum
1072 1669 1241 1738 infidelium,
1270 1669 1323 1721 secl
1346 1668 1376 1721 in
1401 1686 1454 1721 ara
1472 1667 1604 1736 fidelium
1629 1667 1768 1728 fundetur.
1806 1665 1910 1721 Hamil.

209 1765 229 1801 a
259 1749 452 1804 sacertotibus
482 1752 568 1803 datur
599 1759 625 1803 et
655 1768 674 1803 a
704 1753 898 1807 cacerdotibus
923 1753 1043 1808 tollitur.
1071 1756 1106 1809 de
1122 1755 1231 1825 pasche
1252 1755 1328 1818 Quid
1340 1757 1378 1808 eit
1389 1755 1507 1823 sanguis
1519 1754 1596 1824 agni,
1613 1771 1670 1807 non
1681 1754 1743 1822 jam
1753 1754 1908 1822 sudando,

209 1835 292 1892 Adde
316 1836 391 1907 qnod
415 1852 504 1891 canon
527 1838 777 1908 transgressoribus
801 1855 919 1910 poenam
938 1856 1044 1896 excom·
1070 1843 1122 1894 sed
1140 1842 1257 1894 bibendo
1277 1841 1435 1907 didicistis,
1455 1841 1506 1910 qui
1522 1841 1639 1909 sanpuis
1655 1857 1741 1909 super
1760 1847 1909 1909 masque

210 1921 404 1978 nutricationis
427 1921 552 1994 imponit
598 1922 638 1977 At
661 1923 756 1978 clerici
781 1932 929 1996 peccantes
955 1926 1045 1981 solent
1068 1935 1176 1996 postem
1200 1929 1327 1997 pontem,
1354 1928 1468 1996 quando
1496 1945 1551 1981 non
1579 1928 1670 1982 salum
1698 1944 1747 1982 ore
1769 1929 1909 1997 corporis,

209 2009 246 2066 ab
275 2010 371 2064 ordine
400 2008 509 2081 deponi.
560 2008 647 2066 Recte
676 2028 742 2083 ergo
768 2011 913 2067 Lindanus
941 2013 991 2069 lib.
1017 2022 1042 2069 a.
1071 2017 1122 2069 sed
1144 2015 1229 2069 etiam
1254 2033 1301 2068 ore
1328 2016 1424 2068 cordis
1448 2015 1589 2068 haurdur.
1633 2014 1667 2068 In
1690 2013 1763 2085 psal.
1789 2013 1910 2084 poenit:

209 2095 321 2168 panopl.
340 2111 439 2165 evang.
458 2113 482 2150 c.
505 2100 545 2151 to.
565 2114 593 2168 p.
611 2103 669 2153 ³40.
685 2097 802 2163 fatetur,
828 2101 912 2155 etiam
931 2102 971 2154 ad
990 2099 1043 2154 lai·
1071 2102 1196 2156 Pretiosa·
1221 2101 1368 2169 serrpuinis
1392 2102 1526 2171 effusione
1548 2117 1635 2171 penus
1659 2101 1808 2155 humanum
1828 2102 1908 2154 rede·

209 2201 257 2238 eos
281 2183 354 2236 hanc
377 2198 511 2235 canonem
534 2185 685 2252 pertinere.
726 2185 803 2240 idem
827 2185 926 2241 statuit
944 2186 1045 2241 Petrus
1071 2190 1157 2242 mitet
1175 2195 1384 2242 sacrosanctum
1403 2187 1508 2254 vindici
1524 2188 1747 2257 suicorporieet
1760 2187 1909 2255 sanguinis

209 2286 228 2325 a
243 2269 311 2326 Soto
327 2267 415 2326 instit.
443 2267 587 2340 Dillingae
603 2271 746 2340 praelecta
763 2278 792 2328 et
808 2272 950 2344 impressa.
982 2274 1043 2325 Do·
1072 2276 1232 2343 mysterium
1250 2274 1376 2328 membris
1393 2273 1454 2327 suis
1471 2275 1575 2341 tribuit,
1593 2275 1674 2343 cujas
1683 2272 1910 2343 participatione

209 2374 304 2412 umas
327 2357 400 2421 illes,
424 2355 529 2426 inquit,
552 2357 643 2422 fuisse
669 2376 749 2413 usrrm
768 2359 914 2428 utriusque
932 2358 1044 2428 speciei,
1071 2379 1174 2434 corpus
1189 2378 1276 2425 saum,
1294 2362 1372 2431 arrad
1388 2368 1429 2414 est
1447 2360 1575 2429 ecclesia,
1588 2360 1721 2429 pascitur
1739 2368 1765 2413 et
1781 2367 1909 2429 potatur,

208 2445 286 2515 guod
310 2444 497 2498 testimonium
523 2443 600 2498 illud
625 2443 739 2500 Galerii
763 2463 860 2517 papae
889 2446 1043 2514 confirmat.
1071 2448 1196 2502 abluitur
1229 2454 1255 2502 et
1292 2447 1493 2511 sanctificatur.
1543 2445 1630 2501 Liber
1670 2451 1908 2501 sacramentorum

207 2527 287 2585 Idem
305 2527 441 2601 ⁴agnoscit
469 2528 624 2586 Cassander
655 2532 690 2586 de
721 2549 818 2588 comm.
848 2531 899 2587 sub
926 2538 1043 2603 unaque
1071 2533 1212 2607 Gregorii:
1242 2535 1320 2588 Dum
1347 2515 1526 2588 Dominicum
1551 2551 1654 2604 corpus
1685 2534 1820 2587 socnam
1847 2534 1908 2601 dat,

208 2617 300 2688 specie
317 2616 365 2672 rol.
386 2622 432 2671 15:
455 2615 620 2686 Quanquam
644 2619 869 2687 antiquissimae,
897 2635 967 2687 quas
984 2635 1042 2671 ma·
1071 2624 1162 2676 dcet:
1184 2622 1293 2690 C'orpas
1312 2621 1433 2674 Domini
1450 2620 1542 2674 nosci
1553 2620 1624 2673 Jesu
1638 2617 1747 2673 Christi
1765 2617 1908 2672 aaudiat

206 2703 367 2772 nmcriptaa
393 2700 456 2753 aidi
479 2701 510 2754 in
536 2703 653 2756 eundem
676 2721 823 2773 canonem,
848 2704 959 2772 glossae
981 2722 1042 2758 eum
1070 2716 1095 2762 te
1123 2709 1164 2761 ad
1190 2708 1277 2760 uitam
1303 2714 1462 2775 aeternam,
1490 2707 1584 2761 Amen.
1634 2706 1786 2775 Accipient
1811 2704 1906 2760 duat.-

209 2791 245 2844 de
262 2787 470 2858 conficientibus
495 2785 670 2858 intelligunt,
698 2797 791 2860 nmen
806 2807 867 2843 eum
885 2791 931 2842 sui
949 2791 1043 2844 adlruc
1071 2794 1178 2846 Panem
1200 2793 1346 2846 coelestem
1369 2792 1510 2860 accipiam
1530 2799 1556 2844 et
1573 2781 1671 2845 nornen
1690 2792 1812 2845 Domini
1828 2792 1905 2846 inuo-

208 2877 342 2947 temperis
359 2889 464 2930 mnam
479 2875 572 2941 faisse
590 2877 739 2942 manifeste
750 2877 906 2942 declarant,
920 2885 951 2930 at
964 2885 1042 2931 entra
1069 2879 1146 2932 cabo.
1186 2877 1258 2931 Item
1277 2879 1411 2931 sacerdos
1432 2876 1521 2930 calice
1540 2878 1637 2930 ἀαηάο
1658 2876 1752 2932 dica:
1779 2876 1906 2946 &spuis

207 2964 397 3019 necessitatem
415 2963 486 3018 laici
502 2963 581 3018 haud
596 2979 675 3017 secus
694 2972 776 3035 atque
795 2964 955 3018 sacerdotes
974 2964 1041 3017 inte·
1070 2965 1189 3019 Domini
1211 2965 1303 3019 nostri
1323 2964 1396 3018 Jesu
1421 2962 1530 3018 Christi
1551 2965 1691 3018 custodiat
1713 2973 1738 3018 te
1756 2966 1905 3020 advitam

206 3070 262 3122 pra
277 3061 455 3106 sacramenta
468 3053 656 3121 perciperent.
691 3051 742 3106 Ita
761 3052 834 3106 enim
849 3051 946 3121 plesse
960 3051 1041 3105 habet
1069 3060 1217 3120 adanam,
1234 3053 1333 3105 Amen.
1369 3051 1521 3120 decipiens
1540 3052 1632 3106 dicat:
1652 3049 1776 3106 Calicem
1795 3053 1905 3106 salma

205 3140 248 3194 ad
269 3139 359 3208 illud,
384 3146 434 3193 aut
453 3140 578 3210 intepra,
602 3139 635 3192 id
653 3147 692 3192 est
710 3139 831 3209 integre,
853 3139 904 3192 sah
921 3146 1040 3208 meaque
1068 3154 1127 3191 rem
1152 3138 1291 3208 accipiam
1315 3142 1367 3193 etc.
1412 3136 1537 3192 Isidorus
1565 3137 1614 3192 lib.
1634 3143 1659 3193 2.
1689 3137 1724 3192 de
1747 3137 1803 3192 dir.
1829 3136 1904 3194 offic.
1919 3145 1993 3186 ¹¹¹⁶oe

205 3227 279 3280 enim
295 3226 388 3296 specie
401 3225 529 3281 Christus
546 3226 654 3295 integer
664 3227 791 3292 sumitur,
808 3225 897 3280 ethec
910 3224 1039 3293 intelligo
1067 3242 1091 3281 o.
1108 3230 1153 3279 15:
1175 3224 1284 3288 Quarta
1298 3232 1364 3294 pest
1381 3224 1451 3278 haec
1468 3225 1720 3294 (oratio)s’nsertur
1733 3243 1789 3295 pro
1805 3227 1904 3279 osculo
1931 3235 1939 3256 ⁹

204 3314 241 3370 de
256 3314 431 3384 conficiente,
458 3332 525 3368 nam
542 3313 671 3381 infirmus
687 3315 732 3369 rel
748 3331 834 3368 sanus
851 3313 911 3366 sine
929 3314 992 3366 uino
1009 3313 1039 3365 in
1063 3313 1161 3381 pacs's,
1185 3319 1217 3365 ut
1234 3311 1354 3366 cordae
1376 3327 1470 3366 omnes
1487 3311 1666 3367 reconciliati
1681 3312 1798 3366 inuicem
1816 3314 1904 3382 digne

177 3443 179 3448 -
203 3402 366 3458 saumas
384 3418 487 3473 corpus
504 3418 614 3456 sumere
626 3409 729 3472 potest.
764 3399 867 3456 Postea
884 3398 1039 3453 Cassander
1066 3406 1241 3453 sacramenta
1260 3398 1388 3468 corporis
1407 3407 1434 3453 et
1451 3399 1599 3470 sanguinis
1621 3397 1729 3453 Christi
1744 3402 1904 3454 emoden-

203 3506 323 3546 errorem
350 3489 434 3544 istum
457 3488 642 3561 glossatarum
667 3488 794 3560 corrigit:
825 3487 881 3550 Qui
905 3488 946 3540 ad
962 3487 1039 3540 solos
1066 3494 1120 3543 tur.
1161 3485 1240 3540 Beda
1262 3485 1291 3539 in
1314 3484 1386 3541 hom.
1412 3484 1494 3540 hiem.
1516 3485 1551 3540 de
1567 3491 1654 3540 sanct.
1671 3503 1698 3555 p.
1718 3490 1784 3541 tlt:
1810 3488 1904 3540 laem
1917 3488 1993 3530 Νι·

203 3577 378 3642 conficientes
398 3574 569 3630 Gratiansm
585 3578 630 3631 vel
648 3576 710 3647 ejus
726 3575 904 3629 autumares
923 3581 948 3627 et
965 3573 1038 3641 plae-
1066 3592 1116 3626 nos
1137 3571 1262 3627 Christus
1280 3591 1299 3624 a
1314 3573 1439 3641 peccetis
1455 3573 1561 3626 nostres
1575 3571 1701 3641 quotidie
1717 3572 1747 3625 in
1764 3573 1904 3640 sanguine

203 3670 312 3716 satores
344 3663 433 3716 amati
454 3663 527 3715 hane
551 3681 685 3717 canonem
708 3661 883 3730 referebant,
910 3660 945 3713 ab
970 3659 1039 3713 aliis
1066 3678 1130 3729 suo,
1153 3677 1216 3713 cum
1241 3660 1366 3728 ejusdem
1394 3659 1492 3712 heatae
1507 3659 1654 3728 passionis
1672 3660 1714 3712 ad
1733 3660 1828 3713 altare
1846 3675 1902 3714 me·

204 3749 361 3803 eruditione
375 3749 602 3818 praestantibus,
623 3750 673 3818 qai
690 3756 843 3816 temporum
859 3747 1038 3800 circumtan-
1067 3746 1157 3800 moria
1173 3746 1337 3816 replicatur,
1355 3763 1417 3800 cum
1431 3745 1518 3814 panes
1535 3753 1562 3798 et
1579 3744 1640 3798 cini
1658 3753 1791 3799 nectura
1809 3746 1841 3799 in
1856 3764 1903 3801 ea·

204 3837 261 3889 tias
293 3843 321 3889 et
353 3836 493 3889 dictorum
522 3852 623 3888 causas
654 3834 820 3902 diligentius
850 3832 1038 3899 observarunt,
1066 3841 1236 3888 maerentum
1254 3832 1350 3885 carnis
1368 3840 1394 3886 et
1411 3831 1795 3901 sanpuinisejusineffabilis
1808 3831 1904 3903 Spiri-

205 3929 302 3990 aperte
319 3922 502 3988 refelluntur.
544 3919 622 3974 Hier.
646 3918 800 3975 Schurflius
824 3919 1038 3991 jurisconsultus
1064 3930 1109 3974 tus
1127 3920 1350 3989 reedificatione
1368 3920 1551 3986 transfertur,
1566 3918 1660 3986 sicque
1680 3936 1782 3988 cerpus
1798 3926 1904 3975 asan-

204 4006 321 4063 cclebris
345 4012 417 4062 cent.
439 4015 460 4064 l.
479 4024 553 4062 cons.
572 4013 613 4062 51.
639 4004 746 4078 aliquot
770 4005 924 4061 rationibus
944 4005 1039 4060 contio
1065 4010 1127 4076 pass
1157 4008 1236 4061 illius
1261 4024 1317 4060 non
1344 4007 1500 4076 infidelium
1525 4004 1653 4057 manibus
1681 4007 1723 4058 ad
1744 4007 1902 4075 pemiciem

203 4092 383 4167 glossatorem
411 4093 526 4165 probat,
552 4108 688 4148 canonem
709 4092 788 4146 illum
819 4093 854 4148 de
872 4092 950 4147 laicis
967 4092 1037 4148 acci-
1066 4097 1190 4166 ipsorum
1206 4096 1346 4162 madian,
1364 4095 1417 4147 secl
1428 4091 1560 4162 fidelium
1577 4107 1719 4145 metuam
1730 4094 1902 4149 sumiturad

201 4181 334 4252 piendum
364 4197 440 4246 esse,
473 4187 494 4236 1.
526 4180 593 4251 quia
620 4188 687 4233 tunc
717 4179 837 4234 durabat
869 4180 1037 4236 consuetudo
1064 4183 1190 4237 addens.
1226 4179 1424 4248 (Bellarminus
1451 4178 1568 4248 excipit,
1593 4186 1705 4232 sanctos
1721 4179 1788 4233 illos
1800 4188 1903 4251 patres

203 4268 299 4324 utendi
318 4267 428 4338 integro
445 4273 633 4335 sacramento,
663 4271 687 4321 2.
708 4283 771 4321 cum
790 4272 881 4322 textus
901 4268 977 4322 dicat
996 4285 1038 4320 ar-
1066 4271 1174 4332 dicere,
1198 4270 1275 4336 quod
1291 4275 1418 4321 sumatur
1437 4265 1543 4320 Christi
1560 4264 1677 4331 sanpuis
1697 4282 1747 4320 ore
1764 4269 1903 4336 corporea

202 4361 332 4424 ceantur,
357 4352 479 4425 loquitur
502 4353 537 4407 de
561 4351 655 4420 laicis,
680 4359 712 4406 ut
734 4360 895 4408 arcerentur
916 4370 967 4424 per
988 4352 1037 4406 mi·
1066 4372 1239 4425 nequaquam
1256 4370 1321 4408 uere
1339 4354 1447 4422 dicere,
1469 4353 1546 4420 quod
1562 4351 1621 4404 bibi
1637 4352 1753 4405 deheim
1771 4369 1820 4406 cre
1839 4372 1901 4408 cor·

201 4440 302 4496 nistros
329 4440 516 4511 porrigentes,
553 4447 576 4494 3.
603 4439 755 4493 communis
781 4448 823 4494 est
849 4439 957 4494 theoria
982 4439 1037 4494 Dd.
1062 4442 1144 4511 poris
1166 4449 1215 4494 aut
1238 4440 1289 4493 sub
1311 4438 1403 4509 specie
1423 4437 1481 4491 cini
1497 4437 1579 4493 mni.
1615 4437 1783 4509 Responsio:
1807 4455 1901 4495 recur-

202 4528 278 4599 quod
301 4526 428 4582 rubricae
453 4543 508 4581 non
530 4525 586 4580 sint
608 4525 795 4595 authenticae,
821 4543 885 4580 cum
910 4543 966 4581 non
984 4527 1039 4581 sint
1064 4529 1101 4583 rit
1127 4525 1357 4583 concomitantise
1388 4521 1564 4595 hypothesis,
1593 4541 1666 4595 quas
1683 4524 1850 4594 ,notamini
1871 4526 1901 4580 in

201 4613 294 4670 iactae
327 4611 363 4667 ab
396 4612 516 4668 habente
557 4618 722 4685 potestatem
758 4613 919 4668 condendae
954 4612 1037 4686 legis,
1063 4617 1117 4671 hoc
1141 4614 1283 4669 damase
1306 4611 1399 4684 capita
1423 4626 1506 4683 prora
1529 4617 1557 4665 et
1581 4612 1691 4683 puppis.
1729 4609 1900 4683 Sanguinem

201 4708 227 4760 4.
248 4699 324 4756 istud
354 4698 469 4755 rubrum
499 4708 542 4754 est
564 4717 693 4770 expresse
715 4708 813 4756 contra
836 4699 972 4757 rationem
995 4718 1037 4754 as·
1066 4701 1167 4757 Christi
1191 4700 1221 4755 in
1246 4717 1294 4755 ora
1311 4697 1436 4754 fidelium
1452 4699 1548 4768 sarsdi
1565 4697 1675 4768 dicunt,
1702 4697 1732 4752 id
1749 4697 1825 4769 quad
1844 4716 1900 4755 non

200 4785 339 4859 signatam
363 4785 392 4839 in
417 4785 511 4858 nigro,
541 4803 612 4858 quae
634 4787 715 4852 dicit,
739 4788 814 4859 quod
840 4787 939 4843 divisio
956 4788 1037 4842 anius
1063 4793 1157 4860 potest
1181 4787 1216 4843 de
1238 4785 1452 4843 manducatione
1471 4786 1615 4858 sanguinis
1633 4786 1686 4841 sub
1704 4785 1798 4857 specie
1816 4786 1900 4856 panis

200 4872 382 4944 ejusdemque
399 4871 525 4942 mysterii
542 4873 602 4929 sine
619 4874 720 4946 grandi
738 4875 884 4947 sacrilegio
901 4892 957 4929 non
974 4892 1036 4946 pos·
1063 4873 1202 4945 intelligi.)
1237 4872 1315 4928 Idem
1331 4871 1361 4926 in
1378 4871 1442 4928 Joh.
1459 4888 1483 4928 c.
1497 4878 1543 4928 22:
1564 4873 1599 4927 Si
1615 4872 1645 4926 in
1664 4873 1756 4927 oetaei
1773 4873 1835 4926 diei
1844 4873 1900 4927 cir·

200 4956 237 5014 sit
260 4959 415 5029 provenire.
450 4958 528 5026 Quae
555 4961 627 5015 ratio
652 4978 708 5016 non
728 4960 818 5015 minus
835 4963 864 5016 in
880 4961 950 5016 laico
969 4962 1036 5016 diri·
1063 4960 1229 5014 cnmcisr'one
1255 4959 1408 5029 baptisma,
1431 4959 1461 5012 in
1488 4958 1646 5028 mesanum
1671 4959 1784 5013 diuinae
1804 4975 1901 5014 ressa·

200 5044 283 5100 dente
299 5062 384 5117 quam
401 5046 543 5102 sacmdote
562 5046 670 5102 militat.
695 5047 724 5105 Si
743 5065 809 5120 ergo
830 5066 886 5103 una
898 5056 927 5105 et
939 5049 1035 5104 eadem
1062 5046 1193 5101 rectionis
1217 5064 1236 5099 a
1256 5039 1439 5116 peccatorum
1457 5063 1509 5100 noe
1527 5052 1615 5100 morte
1632 5046 1765 5113 redenit,
1790 5043 1900 5100 intelli·

200 5133 270 5186 ratio
289 5148 417 5203 expressa
434 5133 462 5188 in
483 5133 558 5189 dicta
574 5134 776 5200 constitutione,
795 5135 897 5190 militat
914 5136 943 5190 in
961 5141 1034 5190 utro·
1062 5134 1106 5202 pis
1124 5138 1178 5189 etc.
1193 5133 1294 5199 fideles
1311 5149 1419 5202 guoque
1437 5134 1473 5186 de
1491 5132 1656 5202 baptisteria
1675 5133 1716 5185 ad
1727 5133 1899 5187 altarescn·

200 5235 270 5290 que,
306 5235 372 5290 ergo
394 5219 466 5274 idem
492 5219 640 5292 utrobique
659 5221 708 5291 jus
732 5221 910 5279 statuendum
922 5222 1034 5293 juribus
1061 5229 1135 5275 dum
1165 5208 1281 5291 ingredi
1306 5238 1340 5274 ac
1370 5218 1519 5276 Dcminiei
1543 5220 1672 5286 corporis
1699 5226 1725 5272 et
1749 5219 1900 5288 sanguinis

121 5347 126 5355 .
199 5306 335 5377 vulgatis3
357 5313 381 5362 5.
402 5305 505 5362 dictum
529 5307 644 5362 rubrum
662 5314 705 5363 est
723 5313 821 5365 contra
839 5315 945 5365 tertam
963 5309 1033 5364 hiat-
1060 5309 1173 5362 uictima
1207 5307 1349 5376 sinprslari
1383 5307 1481 5361 delen
1511 5321 1682 5359 consecrare.
1730 5303 1834 5361 Homil
1861 5306 1898 5363 de

198 5391 287 5461 thaei,
307 5392 409 5462 Marci,
433 5392 528 5450 Lucae
544 5400 596 5451 etc.
629 5393 723 5450 Aliam
743 5395 907 5450 solutionem
925 5397 1033 5469 quaerit
1061 5393 1175 5471 muliere
1201 5392 1281 5450 forti:
1307 5395 1417 5448 Panem
1446 5406 1553 5462 guoque
1575 5391 1667 5446 eliasu
1690 5409 1747 5446 non
1767 5394 1898 5465 eomedit,

197 5477 380 5535 Bellarminus
397 5478 500 5550 dicens,
519 5483 558 5538 t.
579 5481 726 5537 (telesim
744 5482 1030 5551 reprehenderentur
1058 5500 1120 5537 enm
1141 5483 1313 5552 saenflcs'um
1334 5479 1481 5536 Dominioi
1505 5479 1634 5550 corperis
1655 5479 1820 5550 percipiens
1837 5490 1898 5536 stu·

198 5566 347 5639 meat,
369 5567 420 5640 gui
446 5582 480 5622 ea
504 5581 600 5624 errore
628 5567 865 5625 Manichaeorum
892 5587 912 5623 a
938 5572 1027 5627 calme
1057 5570 1105 5626 det
1130 5569 1240 5626 indari
1262 5577 1342 5638 aaa,
1362 5567 1440 5638 quod
1456 5564 1587 5636 ardema
1605 5565 1752 5638 mahat,
1777 5566 1897 5626 madeus
