3998 6024
113 197 119 207 “
159 189 161 191 ’
254 197 272 253 6
849 185 971 244 LOCUS
988 182 1193 242 VIOESIMUS
1212 184 1356 242 PRIMUS

254 341 294 396 sic
315 339 429 393 dictum.
467 342 490 392 2.
515 338 634 403 Quidam
660 340 743 393 missa
766 357 880 395 numero
904 338 1088 394 multitudinis
1116 338 1275 393 remissione
1300 345 1493 409 peccatorum,
1520 353 1592 409 quas
1617 334 1797 390 annuntiatur
1816 334 1956 389 credenti·

255 443 272 479 a
298 423 439 478 mittendis
467 429 495 477 et
523 425 695 479 conferendis
721 425 748 479 iu
775 427 895 480 medium
921 425 1088 491 muneribus,
1115 424 1167 478 bus
1187 426 1469 494 communicantibus,
1490 425 1601 478 missam
1620 441 1685 477 vere
1704 422 1954 493 papisticamudi·

254 527 326 582 quae
345 510 373 562 in
394 526 475 562 usum
495 510 677 563 eucharistiae
695 518 722 564 et
740 513 966 567 sustentationem
985 528 1087 582 paupe·
1114 511 1195 565 vinae
1214 511 1395 565 iustitutionis
1424 511 1569 565 omissione
1599 516 1683 579 atque
1709 525 1728 561 a
1751 507 1953 561 nundinatione

253 616 314 651 rum
337 613 370 650 ac
394 596 578 650 ministrorum
602 597 734 651 ecclesiae
761 599 909 666 cedebant,
934 600 1009 653 dicta
1029 613 1088 651 esse
1115 596 1330 650 sacrificulorum
1365 603 1393 650 et
1419 595 1515 667 populi
1543 593 1735 656 multitudiue,
1769 593 1859 663 qualis
1893 609 1952 646 esse

254 690 369 754 putant,
396 700 429 736 ca
455 682 527 736 enim
552 701 606 735 uon
632 683 719 736 solum
745 686 973 754 apraesentibus
994 685 1088 738 offere·
1115 683 1185 737 solet
1204 684 1232 736 in
1250 683 1396 749 nundinis,
1416 700 1485 752 quas
1505 680 1671 735 Germanice
1690 687 1790 732 vocant
1809 680 1916 748 wellen.

254 767 364 828 bantur.
384 768 433 821 sed
451 768 534 822 etiam
551 768 586 821 ab
603 767 671 836 illis,
691 770 737 838 qiri
757 770 887 833 aberunt.
907 772 1088 825 mittebantur
1153 775 1191 822 lh.
1223 770 1317 840 Atque
1341 768 1394 823 hae
1417 774 1482 821 sunt
1506 768 1626 837 potiores
1649 784 1743 820 sacrae
1770 783 1874 820 coenae
1902 777 1995 833 ap-rs

255 855 283 908 in
302 855 439 921 illavasa,
458 871 564 924 quasa
584 855 708 908 diaconis
728 858 918 925 portabantur.
952 857 992 912 Ut
1003 855 1089 927 igitur
1115 853 1290 922 pollutiones,
1317 873 1385 926 quas
1413 853 1513 908 Graeci
1539 863 1566 907 et
1585 852 1678 905 Latini
1697 851 1844 922 scriptores
1863 838 1995 917 eccle-22

255 946 315 994 teta
339 941 387 994 illa
414 941 485 994 actio
517 940 611 1010 ἀγάπη
639 939 769 1007 Graecis,
799 942 838 996 ita
870 942 979 996 Latinis
1006 943 1090 994 missa
1115 940 1218 993 siastici
1239 941 1327 994 eidem
1346 940 1485 1006 tribuunt,
1512 956 1567 1008 que
1593 938 1753 992 referendae
1779 938 1861 992 etiam
1879 937 1999 1021 peri-¹⁰2

257 1028 456 1095 συνεκδοχικῶς
476 1026 551 1080 dicta
568 1026 629 1081 fuit.
666 1028 720 1081 Sed
735 1045 799 1080 cum
812 1028 910 1082 missae
924 1045 1022 1081 nemen
1034 1046 1089 1081 uon
1101 1028 1103 1042 ⁸
1115 1025 1229 1093 phrases
1247 1034 1275 1080 et
1292 1026 1425 1092 encomia,
1445 1025 1545 1095 quibus
1563 1025 1616 1078 hoc
1629 1025 1790 1095 mysterium
1807 1031 1951 1078 exornant.

152 1106 192 1162 χΧ.
211 1115 398 1185 ll·iugenere
417 1119 522 1180 neutro,
541 1113 589 1166 sed
608 1112 1090 1184 femininoaveteribususurpetur,
1115 1111 1242 1182 Ignatius
1266 1112 1345 1182 epist.
1373 1111 1473 1181 Ephes.
1498 1128 1569 1183 quae
1599 1118 1640 1164 est
1666 1117 1703 1165 ll.
1727 1119 1808 1164 vocat
1835 1110 1953 1181 ιιιὶρμιι-

256 1201 319 1265 idee
336 1198 508 1269 probabilius
528 1204 584 1266 est,
605 1200 680 1269 qued
699 1207 722 1254 3.
744 1201 858 1270 quidam
876 1208 1009 1267 statuunt,
1027 1200 1089 1252 mis·
1116 1218 1166 1248 κον
1186 1199 1356 1266 ἀθανασίας,
1381 1199 1527 1250 aindoma
1552 1201 1598 1250 ιοῡ
1621 1196 1660 1269 μὴ
1685 1195 1849 1260 ἀποθανεῖν,
1879 1193 1952 1249 ἀλλὰ

256 1305 313 1341 sam
332 1303 349 1338 a
368 1285 525 1338 dimissione
546 1302 605 1338 esse
624 1285 734 1338 dietam.
771 1285 886 1341 Veteres
907 1287 980 1341 euim
995 1285 1087 1338 remia·
1116 1287 1162 1349 ζῆν
1183 1286 1212 1337 ἰν
1231 1289 1286 1355 tieqi
1306 1286 1353 1336 did
1369 1283 1459 1350 Ἰησοῦ
1484 1285 1620 1356 Χριστοῦ,
1650 1281 1837 1354 eudrtprrjprov
1861 1282 1954 1344 ἀλεξί-

255 1393 315 1427 aam
340 1372 468 1427 dixerunt
490 1390 540 1440 pro
564 1371 738 1440 remissione,
765 1379 796 1425 ut
824 1379 902 1442 patet
926 1391 958 1427 ex
984 1372 1088 1426 irenaei
1117 1389 1215 1435 κακον,
1236 1373 1467 1423 medicamentum
1483 1388 1613 1439 purqana
1630 1370 1716 1422 vitum
1737 1378 1762 1422 et
1782 1372 1875 1422 emnia
1891 1368 1953 1438 pet-

254 1459 380 1515 versione
408 1458 511 1512 Latina
541 1459 590 1511 lib.
616 1465 640 1513 4.
666 1477 689 1512 c.
713 1465 755 1513 45.
791 1458 924 1529 Cypriani
949 1476 1029 1514 serm.
1053 1460 1089 1512 de
1116 1457 1175 1508 tens
1202 1458 1288 1511 mata.
1324 1457 1412 1527 Epist.
1435 1465 1473 1512 lt.
1490 1462 1572 1510 vocat
1589 1473 1692 1525 panem
1711 1456 1777 1510 Dei.
1804 1455 1893 1524 Epist.
1911 1462 1951 1509 15.

171 1548 327 1603 suborto
353 1546 503 1616 patientiae
528 1554 556 1600 et
575 1545 622 1599 lib.
642 1551 666 1600 3.
689 1547 768 1615 epist.
790 1553 828 1601 ts.
848 1555 899 1600 etc.
920 1563 985 1617 ergo
1006 1546 1088 1600 etiam
1113 1561 1216 1612 panem
1246 1545 1398 1596 coetestem.
1448 1543 1600 1612 Dionysius
1631 1540 1782 1596 ecclesiast.
1816 1541 1951 1596 hierarch.

254 1638 338 1689 missa
374 1650 423 1703 pro
460 1633 619 1686 remissione
658 1638 793 1702 usurpata
829 1639 904 1686 recte
936 1633 1088 1702 judicatur.
1116 1647 1138 1683 c.
1167 1635 1190 1683 3.
1221 1630 1329 1696 τελετὴν
1357 1630 1472 1682 τελετῶν
1499 1630 1704 1697 perfectionem
1731 1628 1951 1697 perfectionum.

253 1722 289 1778 D.
310 1719 461 1773 Rhenanus
480 1718 508 1770 in
528 1719 607 1789 epist.
630 1717 665 1770 ad
685 1717 910 1772 Hettmeisterum
936 1725 1029 1789 (quam
1048 1735 1087 1772 re·
1118 1713 1183 1768 Can.
1210 1713 1332 1770 Nicenus
1361 1715 1487 1787 ἐφόδιον.
1528 1714 1719 1769 Damascenus
1747 1714 1794 1767 lib.
1825 1720 1849 1768 4.
1879 1713 1949 1771 orth.

256 1808 325 1862 citat
347 1804 459 1858 Flacius
487 1803 516 1857 iu
539 1804 620 1858 reiut.
646 1804 744 1858 invect.
771 1803 858 1857 Bruni
882 1823 909 1874 p.
931 1809 998 1866 155.)
1018 1804 1087 1857 illud
1115 1801 1160 1855 fid.
1189 1820 1212 1855 c.
1242 1809 1280 1857 lt.
1316 1801 1421 1869 βλάπης
1465 1802 1661 1860 παντοδαποῡς
1700 1798 1871 1873 ιῖμννιήριον
1905 1805 1951 1853 καὶ

254 1892 356 1964 prebat
374 1904 406 1945 ex
426 1888 611 1954 Tertullinus,
630 1887 778 1960 Cypriane,
796 1890 952 1958 Ambrosie,
970 1890 1088 1960 Chryso·
1115 1886 1204 1959 ῥύπου
1223 1889 1326 1947 mauric
1341 1886 1544 1956 κιιθιιρτήριον,
1574 1888 1663 1940 emnia
1691 1904 1780 1938 nouae
1799 1889 1952 1941 amuletum

253 1986 341 2033 stome
363 1984 390 2031 et
407 1976 469 2029 aliis
482 1974 621 2028 veteribus
641 1992 674 2028 ac
694 1976 785 2043 decet,
804 1977 944 2046 duplicem
964 1978 1029 2030 elim
1048 1976 1088 2029 di·
1108 1966 1295 2043 *maculaeque
1319 1976 1466 2027 uniuersae
1486 1975 1695 2043 purpatorium.
1731 1974 1860 2029 *³²Sacra
1878 1975 1952 2028 enirn

253 2064 409 2119 missionem
433 2062 462 2115 in
487 2061 671 2115 eucharistiae
695 2061 881 2117 celebratione
899 2063 984 2117 fuisse
1005 2065 1088 2116 usita-
1115 2077 1201 2114 coena
1218 2067 1260 2114 est
1279 2061 1458 2114 redemtionis
1480 2067 1686 2114 monumentum
1707 2066 1734 2112 et
1755 2061 1871 2115 redemti
1892 2080 1950 2115 mu·

252 2159 323 2218 tam,
352 2149 472 2220 primum
498 2147 757 2201 catechumenorum
779 2134 847 2202 'ante
869 2149 1088 2217 celebrationem,
1114 2147 1319 2201 nimentum.iiii
1354 2147 1463 2201 Ibidem
1488 2163 1521 2200 ex
1545 2146 1656 2213 iustine
1679 2151 1761 2198 vocat
1784 2147 1951 2219 μετάληψιν,

255 2237 355 2292 deinde
373 2234 493 2290 omnium
511 2233 635 2286 fidelium
652 2235 710 2287 sive
729 2235 813 2288 totius
833 2235 929 2305 pepuli
956 2241 1018 2306 pest
1045 2253 1087 2289 ce·
1115 2235 1181 2305 quia
1199 2252 1254 2302 per
1278 2234 1330 2286 hec
1348 2234 1406 2298 steti
1425 2235 1556 2285 deitatem
1575 2250 1757 2285 asmrmamus.
1794 2233 1829 2289 D.
1854 2234 1951 2288 Chem-

253 2322 441 2378 lebratiencm.
484 2320 609 2373 Adducit
638 2320 721 2373 etiam
749 2321 839 2373 lecum
865 2322 965 2375 Isidori
992 2322 1039 2375 lib.
1064 2328 1087 2376 6.
1115 2320 1202 2373 nicius
1224 2326 1295 2389 part.
1318 2326 1342 2376 2.
1370 2320 1492 2373 locorum
1518 2336 1579 2388 cap.
1606 2318 1641 2372 de
1662 2317 1807 2387 justificat.
1838 2338 1867 2388 p.
1891 2327 1949 2376 699.

167 2414 338 2479 Lttstym.
359 2426 383 2462 c.
406 2413 450 2461 19:
476 2406 571 2458 Μέσσα
593 2413 715 2475 tempore
738 2408 875 2471 sacrificii
893 2416 945 2471 eat,
974 2410 1087 2475 quaudo
1115 2406 1215 2459 recitat
1245 2405 1396 2460 orationem
1421 2405 1517 2459 Basilii
1543 2414 1607 2459 ante
1636 2421 1738 2458 coenae
1765 2406 1950 2475 sumptionem

254 2493 444 2549 catechumeni
466 2492 550 2557 ferus
574 2492 719 2545 mittuntur
747 2493 887 2546 clamante
904 2495 1019 2546 Levita:
1056 2493 1090 2546 Si
1115 2492 1262 2545 dicendam
1282 2509 1315 2545 ex
1332 2491 1475 2562 horologio
1492 2490 1692 2544 eeclesiastico:
1712 2493 1762 2542 Da
1782 2500 1886 2545 utnon
1905 2512 1950 2546 ac·

253 2581 316 2651 quea
340 2579 550 2631 catechumenus
572 2578 719 2645 remansit,
745 2579 830 2642 sorae
849 2581 946 2633 exeat!
970 2587 996 2632 et
1021 2579 1087 2632 inde
1114 2578 1218 2647 cipiam
1238 2579 1279 2629 ad
1296 2579 1449 2646 judicium,
1477 2578 1528 2629 sed
1553 2581 1589 2636 εΙς
1614 2576 1731 2648 tqrtmov
1751 2579 1816 2644 ζωῆς
1835 2583 1950 2633 αἰωνίου

252 2668 351 2733 musa,
376 2665 444 2734 qrtia
468 2665 650 2717 sacramentis
674 2665 777 2716 aitaris
799 2666 932 2719 interesse
949 2684 1005 2720 non
1020 2684 1087 2734 pea-
1115 2668 1216 2724 aelric
1237 2664 1438 2736 εὐπρόσδεκτον
1456 2662 1614 2730 ἀπολογίαν
1633 2662 1682 2731 τὴν
1702 2665 1746 2716 tra
1761 2666 1811 2716 rori
1827 2667 1950 2737 φοβεροῦ

252 2760 330 2821 aunt,
362 2751 411 2820 qui
441 2751 564 2802 nendum
597 2751 757 2816 regenerati
784 2760 943 2807 nesciuntur.
990 2751 1088 2821 Neque
1113 2748 1234 2823 βήματος
1252 2767 1318 2819 σου,
1344 2767 1377 2804 ac
1396 2749 1580 2803 Damasceni:
1610 2752 1742 2819 Dipnore
1763 2761 1792 2804 ut
1812 2754 1949 2821 accipiam

251 2854 317 2892 vero
337 2834 526 2890 catechumeni
547 2834 651 2903 selum,
671 2834 719 2888 sed
738 2834 821 2888 etiam
842 2836 1023 2905 poenitentes,
1042 2837 1087 2890 de·
1114 2842 1150 2896 alc
1164 2836 1310 2911 ιέῤῥιιριῦνιι
1328 2838 1373 2904 τῆς
1390 2836 1544 2910 μελλούσης
1561 2840 1627 2903 ζωῆς
1637 2840 1682 2888 aul
1694 2841 1840 2905 βασιλείας.
1862 2836 1949 2906 Chry-

252 2930 368 2978 sertores
392 2937 424 2973 ac
448 2920 626 2990 energumeni
651 2928 715 2974 ante
738 2922 1004 2978 administrationem
1026 2940 1087 2978 coe·
1113 2930 1249 2977 sestomus
1272 2925 1301 2976 iu
1330 2928 1351 2978 1.
1374 2921 1452 2977 Ceu:
1490 2920 1557 2988 αὑτὴ
1590 2921 1606 2989 ἡ
1635 2922 1753 2993 τράπεζα
1782 2927 1829 2991 τῆς
1860 2925 1950 2992 papie

255 3027 308 3064 nae
336 3007 478 3061 discedere
503 3006 676 3076 jubebantur
699 3025 749 3076 per
772 3008 920 3062 diaconum
945 3009 1087 3064 altavece
1116 3011 1193 3078 ἡμῶν
1211 3010 1242 3063 τὰ
1263 3013 1362 3082 νεῦρα,
1380 3012 1425 3076 τῆς
1446 3009 1572 3069 διανοίας
1591 3008 1606 3060 ὁ
1626 3008 1794 3082 σιινδεσμὸς,
1813 3011 1859 3078 τῆς
1878 3014 1950 3083 παῤ-

252 3095 433 3150 clamantem:
454 3093 581 3147 Exeunto
599 3093 796 3161 catechumeni,
816 3104 929 3148 eueunto
945 3088 1087 3165 peaniten-
1114 3100 1209 3170 ῥησίιις
1227 3097 1241 3166 ἡ
1261 3096 1401 3165 ὑπόθεσις,
1421 3096 1436 3162 ἡ
1458 3098 1542 3161 linig,
1560 3095 1575 3162 ἡ
1591 3103 1719 3172 σωτηρία,
1734 3097 1764 3149 τὸ
1778 3098 1846 3167 φῶς,
1862 3095 1874 3160 ἡ
1889 3095 1948 3163 ζιοὴ.

252 3191 293 3234 tea
312 3189 362 3235 etc.
383 3196 500 3250 querum
518 3196 581 3233 cum
600 3178 676 3232 facta
695 3187 769 3233 esset
792 3182 901 3235 emissio
920 3181 977 3236 sive
995 3183 1088 3237 dimis-
1115 3183 1288 3254 Nicephorus
1312 3185 1359 3239 lib.
1382 3195 1403 3240 t.
1428 3184 1491 3238 hist
1516 3183 1613 3238 eccles.
1639 3201 1662 3236 c.
1690 3188 1731 3237 30.
1756 3190 1837 3235 vocat
1864 3181 1951 3254 εἴριον

252 3268 307 3336 sie,
330 3273 389 3319 turn
412 3266 522 3319 demum
545 3265 581 3318 ad
607 3264 788 3320 eucharistiae
812 3267 1023 3323 celebrationem
1044 3288 1087 3324 ac·
1115 3268 1234 3333 ζιοτικόν,
1252 3288 1353 3340 panem
1371 3269 1524 3338 vivificum,
1544 3270 1601 3323 sive
1620 3268 1745 3333 vitalem,
1764 3274 1796 3321 ut
1814 3268 1952 3338 interpres

252 3352 410 3418 cedebatur,
432 3368 488 3422 qua
507 3351 586 3406 finita
604 3351 705 3405 iterum
718 3352 857 3406 clamabat
870 3354 1015 3409 diaconus:
1035 3359 1087 3424 Ite,
1115 3358 1205 3412 vertit.
1241 3356 1371 3410 Costsrus
1390 3356 1438 3410 lib.
1460 3363 1481 3413 1.
1502 3356 1589 3410 instit.
1611 3355 1704 3409 Christ
1730 3372 1753 3407 c.
1773 3360 1797 3410 6.
1818 3373 1851 3409 ex
1866 3355 1953 3408 Beru-

253 3439 340 3491 miasa
358 3440 414 3490 eat!
433 3437 507 3508 quod
526 3437 663 3491 Alcuinus
680 3439 946 3509 sicexplicatzjam
959 3443 1087 3496 dimissio
1114 3444 1201 3497 harde
1228 3451 1257 3497 et
1279 3442 1341 3496 aliis
1367 3442 1505 3498 veteribus
1531 3442 1628 3497 recitat
1653 3441 1735 3495 haec:
1766 3442 1954 3495 Eucharistiae

252 3533 292 3579 est
315 3524 555 3592 conprepatienis,
578 3525 657 3576 adire
682 3526 807 3577 omnibus
831 3527 903 3581 ticet.
939 3528 1003 3582 Huc
1027 3547 1087 3600 per·
1116 3531 1253 3583 medicina
1271 3538 1313 3582 est
1331 3531 1470 3599 depretia,
1490 3528 1737 3597 percprinantibua
1758 3528 1820 3594 uia,
1846 3530 1954 3581 debiles

251 3609 322 3664 tinet
341 3611 417 3663 locus
438 3607 573 3678 Polydori
585 3609 696 3680 Virgilii
715 3609 763 3664 lib.
785 3618 808 3666 5.
828 3611 862 3666 de
882 3630 934 3666 rer.
952 3615 1087 3670 inventor.
1115 3618 1271 3684 confortat,
1288 3617 1412 3668 ualentes
1431 3615 1564 3681 delectat,
1585 3614 1749 3681 ianpuorcm
1765 3622 1856 3681 sanat,
1876 3617 1954 3667 sani·

251 3713 275 3750 c.
302 3701 340 3749 12.
357 3693 423 3777 'ubi
451 3693 590 3762 disputat,
617 3694 785 3749 vocabulum
810 3697 909 3753 missae
934 3717 967 3753 ex
1000 3701 1086 3754 ethni·
1114 3711 1198 3755 tatem
1216 3710 1325 3768 seruat,·
1342 3703 1378 3770 fit
1396 3701 1475 3754 hemo
1494 3700 1665 3752 manuretior
1682 3701 1723 3750 ad
1740 3701 1950 3769 correctionem,

253 3798 347 3836 eorum
380 3779 541 3834 ceremoniis
570 3784 660 3832 ortum
689 3780 805 3851 ducere,
837 3783 903 3852 quia
931 3786 1087 3840 sacerdotes
1112 3788 1266 3857 patientior
1285 3788 1325 3839 ad
1344 3787 1474 3850 laborem,
1493 3785 1642 3838 ardentior
1660 3786 1701 3837 ad
1718 3802 1849 3848 eruorem,
1867 3805 1954 3855 sapa·

253 3866 355 3923 ethnici
384 3865 468 3919 finitis
494 3865 579 3918 sacris
608 3865 780 3921 clamabant:
809 3874 865 3927 τοῖς
889 3874 964 3929 λιτοῖς
987 3869 1089 3942 ἄφεσις
1115 3875 1175 3926 cier
1199 3874 1239 3926 ad
1264 3873 1417 3941 cautelam,
1445 3874 1485 3924 ad
1507 3872 1693 3926 obedientiam
1707 3873 1882 3941 promptior,
1912 3877 1955 3927 ad

249 3954 367 4024 populis
386 3953 497 4021 missio,
517 3952 591 4022 quod
611 3952 711 4024 probat
730 3970 763 4007 ex
784 3954 905 4025 Apulejo
925 3955 971 4010 lib.
994 3965 1032 4012 ll.
1053 3959 1088 4013 de
1114 3961 1275 4028 pretiorum
1293 3960 1416 4013 actiones
1435 3959 1576 4021 deuoti0r;
1601 3958 1646 4009 hie
1667 3957 1842 4010 dimittuntur
1861 3960 1954 4027 queti-

254 4040 331 4094 asiue
360 4054 443 4092 auree
470 4043 499 4092 et
523 4038 615 4092 addit:
645 4038 728 4091 Idem
752 4040 840 4107 ipitur
863 4060 923 4094 moa
944 4061 962 4095 a
985 4045 1088 4096 nostrie
1116 4049 1206 4101 diana
1220 4054 1346 4116 peccata,
1366 4045 1543 4113 expelluntur
1556 4050 1710 4114 potestates
1727 4043 1861 4114 Satanae,
1879 4048 1954 4098 dan·

254 4127 338 4178 etium
362 4131 505 4190 seruatur,
534 4132 564 4176 ut
586 4125 714 4193 peractis
742 4127 833 4179 sacris
858 4146 911 4196 per
936 4128 1088 4184 diaconum
1115 4143 1161 4187 tur
1189 4133 1263 4187 uires
1291 4134 1332 4185 ad
1355 4133 1446 4201 ipsum
1470 4132 1554 4185 etiam
1578 4131 1743 4199 martyrium
1767 4133 1953 4201 subcundum,

247 4211 454 4280 pronuntietur,
472 4210 516 4273 ite,
537 4210 622 4262 misso
640 4219 690 4277 cet,
709 4213 785 4280 qrted
802 4213 877 4264 idem
896 4223 935 4266 cat
947 4217 1006 4268 aci
1016 4218 1088 4281 iicet,
1115 4220 1249 4274 minuitur
1270 4219 1299 4272 in
1318 4217 1440 4271 minimis
1457 4219 1582 4286 peccatis
1599 4235 1704 4281 senum,
1725 4218 1753 4270 in
1772 4219 1952 4285 pravioribus
1968 4231 1995 4273 Χ.

252 4298 304 4352 hoc
328 4304 368 4349 cst
392 4297 433 4349 ire
459 4296 532 4348 iicet,
569 4295 650 4358 Quod
676 4296 711 4349 de
736 4297 840 4367 duplici
857 4299 941 4353 missa
957 4318 1006 4356 seu
1024 4302 1087 4356 mis·
1115 4315 1206 4360 autem
1223 4305 1333 4358 tollitur
1351 4303 1462 4358 omnino
1482 4322 1638 4372 coriscusus,
1657 4303 1774 4374 denique
1793 4307 1955 4373 afferrentur

252 4383 327 4438 sione
358 4381 489 4450 diximus,
522 4381 667 4435 confirmat
699 4382 781 4437 etiam
807 4384 956 4440 Duraudus
981 4387 1010 4440 in
1033 4396 1086 4446 rat.
1115 4393 1209 4448 omnia
1228 4393 1313 4455 tona,
1333 4391 1400 4459 quia
1417 4391 1497 4444 hemo
1518 4391 1724 4444 communicans
1743 4391 1772 4442 in
1790 4391 1823 4443 id
1841 4394 1954 4456 transit,

251 4469 306 4524 div.
326 4468 397 4523 osfic.
417 4465 464 4520 lib.
485 4473 509 4521 4.
529 4483 552 4521 c.
575 4474 600 4521 t:
627 4468 722 4521 Missa
747 4470 859 4540 (iuquit)
882 4473 1087 4529 catechumeno·
1115 4481 1192 4550 qued
1208 4478 1298 4532 sumit.

250 4575 313 4608 mern
339 4563 377 4607 est
403 4555 438 4605 ab
461 4554 578 4607 introitu
601 4573 687 4624 usque
712 4563 778 4624 poet
804 4558 991 4628 offertorium,
1015 4579 1087 4630 quae

251 4642 337 4694 missa
355 4640 390 4691 ab
409 4633 558 4692 emittendo'
576 4640 690 4710 dicitur,
713 4642 846 4711 queniam
863 4647 977 4712 quando
996 4665 1087 4701 aucer-

251 4729 304 4781 doa
331 4725 430 4794 incepit
458 4742 621 4779 consecrare
647 4729 863 4797 eucharistiam,
899 4734 1088 4788 catechumeni

248 4814 326 4878 for-ie
344 4813 379 4865 de
399 4812 518 4865 ecclesia
535 4813 691 4869 mittuntur.
727 4813 822 4866 Missa
840 4815 968 4884 fidetium
992 4827 1031 4872 est
1051 4823 1086 4873 ab

251 4900 396 4968 offertorio
425 4915 511 4965 reaque
538 4900 579 4950 ad
599 4901 904 4967 postcommunionem
928 4912 955 4955 et
981 4906 1086 4959 dieitur
1387 4902 1407 4965 0
1428 4903 1587 4962 APUT
1621 4901 1669 4962 11.

250 4986 336 5037 misae
359 4984 412 5037 itia
436 5003 455 5036 a
480 4984 659 5053 dimittenda,
684 4986 753 5053 quia
777 5004 812 5040 eo
835 4989 945 5056 captata
963 4992 1003 5042 ad
1017 5009 1085 5059 pro-

246 5070 317 5138 pria
345 5072 459 5139 quiaque
478 5070 610 5137 fidelium
629 5070 787 5129 dimittetur,
823 5080 848 5129 4Ι
869 5075 1026 5130 Apugiones
1041 5080 1086 5147 ju,
1113 5043 1179 5107 DE
1217 5041 1517 5107 VATIOINIIS
1560 5042 1622 5106 AC
1668 5041 1768 5106 TYP
1777 5042 1825 5108 IS
1862 5041 1950 5107 SA·

250 5154 386 5209 dicandae
406 5162 484 5219 suut,
505 5156 708 5226 quodquidam
724 5158 836 5214 missam
858 5160 1044 5216 Christianam
1059 5171 1086 5218 et
1336 5159 1465 5227 ORAE
1503 5159 1720 5226 COENAE.

250 5240 403 5311 legitimam
421 5241 461 5307 (id
476 5250 518 5295 est
535 5257 632 5296 sacrae
647 5258 749 5298 coenae
761 5246 843 5315 juxta
859 5246 961 5301 Christi
975 5248 1084 5302 institu-
1280 5268 1289 5287 ·
1964 5280 1997 5320 v.

249 5325 352 5382 tionem
373 5327 595 5397 celebrationem,
617 5343 672 5400 quo
692 5347 775 5385 sensu
793 5333 923 5403 apologia
940 5334 1085 5404 Augusta·
1148 5338 1187 5387 rt.
1212 5330 1300 5385 Perre
1324 5347 1388 5387 cum
1405 5346 1485 5384 sacra
1501 5346 1587 5383 coena
1604 5329 1640 5382 sit
1656 5329 1773 5384 alterum
1794 5328 1829 5385 N.
1850 5328 1884 5385 T.
1905 5348 1949 5384 sa·
1962 5332 1987 5374 V·

248 5422 306 5467 nas'
331 5414 525 5475 confesssienis
545 5415 656 5471 nominc
682 5415 779 5485 utitur)
808 5424 909 5489 putant
933 5414 1039 5473 dictam
1067 5434 1085 5471 e
1110 5425 1289 5482 crumentum,
1308 5435 1341 5472 cx
1360 5415 1583 5486 cointelligitur,
1602 5416 1677 5487 qued
1699 5415 1834 5471 divinitus
1853 5416 1890 5470 sit
1908 5417 1948 5471 iu·
1962 5396 1999 5477 ὀἶ
