<?xml version="1.0" encoding="UTF-8"?>
<!DOCTYPE html PUBLIC "-//W3C//DTD XHTML 1.0 Transitional//EN"
    "http://www.w3.org/TR/xhtml1/DTD/xhtml1-transitional.dtd">
<html xmlns="http://www.w3.org/1999/xhtml" xml:lang="en" lang="en">
 <head>
  <title>
</title>
<meta http-equiv="Content-Type" content="text/html;charset=utf-8" />
  <meta name='ocr-system' content='tesseract 3.04.00' />
  <meta name='ocr-capabilities' content='ocr_page ocr_carea ocr_par ocr_line ocrx_word'/>
</head>
<body>
  <div class='ocr_page' id='page_1' title='image "./locitheologicit03gerhgoog_0218.png"; bbox 0 0 4004 6022; ppageno 0'>
   <div class='ocr_carea' id='block_1_1' title="bbox 811 224 1825 315">
    <p class='ocr_par' dir='ltr' id='par_1_1' title="bbox 811 224 1825 315">
     <span class='ocr_line' id='line_1_1' title="bbox 811 224 1825 315; baseline 0.002 -33"><span class='ocrx_word' id='word_1_1' title='bbox 811 225 863 282; x_wconf 83' lang='lat' dir='ltr'><strong><em>us</em></strong></span> <span class='ocrx_word' id='word_1_2' title='bbox 881 225 1004 283; x_wconf 77' lang='lat' dir='ltr'><strong><em>sucas</em></strong></span> <span class='ocrx_word' id='word_1_3' title='bbox 1024 224 1160 315; x_wconf 67' lang='lat' dir='ltr'><strong><em>conus.</em></strong></span> <span class='ocrx_word' id='word_1_4' title='bbox 1764 236 1825 295; x_wconf 76' lang='lat'><strong><em>207.</em></strong></span> 
     </span>
    </p>
   </div>
   <div class='ocr_carea' id='block_1_2' title="bbox 140 379 1827 583">
    <p class='ocr_par' dir='ltr' id='par_1_2' title="bbox 140 379 1827 583">
     <span class='ocr_line' id='line_1_2' title="bbox 141 379 1827 467; baseline 0.001 -33"><span class='ocrx_word' id='word_1_5' title='bbox 141 380 170 434; x_wconf 89' lang='lat' dir='ltr'><strong><em>in</em></strong></span> <span class='ocrx_word' id='word_1_6' title='bbox 191 390 307 437; x_wconf 87' lang='lat' dir='ltr'><strong><em>martem</em></strong></span> <span class='ocrx_word' id='word_1_7' title='bbox 326 383 415 439; x_wconf 91' lang='lat' dir='ltr'><strong><em>dedit.</em></strong></span> <span class='ocrx_word' id='word_1_8' title='bbox 450 381 573 439; x_wconf 86' lang='lat' dir='ltr'><strong><em>Venator</em></strong></span> <span class='ocrx_word' id='word_1_9' title='bbox 592 379 713 452; x_wconf 80' lang='lat' dir='ltr'><strong>theolog.</strong></span> <span class='ocrx_word' id='word_1_10' title='bbox 732 397 814 435; x_wconf 82' lang='lat' dir='ltr'><strong><em>verae</em></strong></span> <span class='ocrx_word' id='word_1_11' title='bbox 834 389 862 436; x_wconf 91' lang='lat' dir='ltr'><strong><em>et</em></strong></span> <span class='ocrx_word' id='word_1_12' title='bbox 879 398 983 464; x_wconf 60' lang='lat' dir='ltr'><strong><em>merse:</em></strong></span> <span class='ocrx_word' id='word_1_13' title='bbox 996 382 1229 437; x_wconf 85' lang='lat' dir='ltr'><strong><em>conseruationem</em></strong></span> <span class='ocrx_word' id='word_1_14' title='bbox 1247 382 1352 450; x_wconf 83' lang='lat' dir='ltr'><strong><em>tendat,</em></strong></span> <span class='ocrx_word' id='word_1_15' title='bbox 1371 381 1572 436; x_wconf 88' lang='lat' dir='ltr'><strong><em>incommodum</em></strong></span> <span class='ocrx_word' id='word_1_16' title='bbox 1586 382 1827 467; x_wconf 74' lang='lat' dir='ltr'><strong><em>quodoispropul·¹</em></strong></span> 
     </span>
     <span class='ocr_line' id='line_1_3' title="bbox 140 468 1827 583; baseline -0.001 -59"><span class='ocrx_word' id='word_1_17' title='bbox 140 486 167 538; x_wconf 88' lang='lat' dir='ltr'><strong><em>p.</em></strong></span> <span class='ocrx_word' id='word_1_18' title='bbox 190 474 233 524; x_wconf 84' lang='lat' dir='ltr'><strong><em>io:</em></strong></span> <span class='ocrx_word' id='word_1_19' title='bbox 253 468 359 526; x_wconf 84' lang='lat' dir='ltr'><strong><em>Coenos</em></strong></span> <span class='ocrx_word' id='word_1_20' title='bbox 377 469 498 522; x_wconf 88' lang='lat' dir='ltr'><strong><em>Domini</em></strong></span> <span class='ocrx_word' id='word_1_21' title='bbox 517 475 557 523; x_wconf 86' lang='lat' dir='ltr'><strong><em>est</em></strong></span> <span class='ocrx_word' id='word_1_22' title='bbox 575 468 734 521; x_wconf 70' lang='lat' dir='ltr'><strong><em>exercitium</em></strong></span> <span class='ocrx_word' id='word_1_23' title='bbox 754 471 795 521; x_wconf 84' lang='lat' dir='ltr'><strong><em>ed</em></strong></span> <span class='ocrx_word' id='word_1_24' title='bbox 813 468 1036 583; x_wconf 43' lang='lat' dir='ltr'><strong><em>sequanicae-qast</em></strong></span> <span class='ocrx_word' id='word_1_25' title='bbox 1060 485 1174 537; x_wconf 87' lang='lat' dir='ltr'><strong><em>eamque</em></strong></span> <span class='ocrx_word' id='word_1_26' title='bbox 1196 469 1252 521; x_wconf 81' lang='lat' dir='ltr'><strong><em>eim</em></strong></span> <span class='ocrx_word' id='word_1_27' title='bbox 1279 475 1418 536; x_wconf 79' lang='lat' dir='ltr'><strong><em>exerceat,</em></strong></span> <span class='ocrx_word' id='word_1_28' title='bbox 1442 476 1472 521; x_wconf 89' lang='lat' dir='ltr'><strong><em>ut</em></strong></span> <span class='ocrx_word' id='word_1_29' title='bbox 1501 469 1702 522; x_wconf 72' lang='lat' dir='ltr'><strong><em>immunditiem</em></strong></span> <span class='ocrx_word' id='word_1_30' title='bbox 1720 485 1827 537; x_wconf 82' lang='lat' dir='ltr'><strong><em>ornnem</em></strong></span> 
     </span>
    </p>
   </div>
   <div class='ocr_carea' id='block_1_3' title="bbox 17 552 1975 5553">
    <p class='ocr_par' dir='ltr' id='par_1_3' title="bbox 17 552 1975 5553">
     <span class='ocr_line' id='line_1_4' title="bbox 142 552 1829 624; baseline 0.001 -17"><span class='ocrx_word' id='word_1_31' title='bbox 142 556 207 608; x_wconf 88' lang='lat' dir='ltr'><strong><em>dam</em></strong></span> <span class='ocrx_word' id='word_1_32' title='bbox 225 556 441 610; x_wconf 87' lang='lat' dir='ltr'><strong><em>communionem</em></strong></span> <span class='ocrx_word' id='word_1_33' title='bbox 452 563 624 619; x_wconf 87' lang='lat' dir='ltr'><strong><em>sanctorum,</em></strong></span> <span class='ocrx_word' id='word_1_34' title='bbox 643 554 695 609; x_wconf 83' lang='lat' dir='ltr'><strong><em>boc</em></strong></span> <span class='ocrx_word' id='word_1_35' title='bbox 708 562 747 608; x_wconf 85' lang='lat' dir='ltr'><strong><em>est</em></strong></span> <span class='ocrx_word' id='word_1_36' title='bbox 762 557 802 608; x_wconf 86' lang='lat' dir='ltr'><strong><em>ad</em></strong></span> <span class='ocrx_word' id='word_1_37' title='bbox 813 569 972 607; x_wconf 89' lang='lat' dir='ltr'><strong><em>commemo·</em></strong></span> <span class='ocrx_word' id='word_1_38' title='bbox 996 552 1152 623; x_wconf 80' lang='lat' dir='ltr'><strong><em>absterpat,</em></strong></span> <span class='ocrx_word' id='word_1_39' title='bbox 1176 570 1280 608; x_wconf 90' lang='lat' dir='ltr'><strong><em>omnem</em></strong></span> <span class='ocrx_word' id='word_1_40' title='bbox 1304 552 1394 607; x_wconf 87' lang='lat' dir='ltr'><strong><em>labem</em></strong></span> <span class='ocrx_word' id='word_1_41' title='bbox 1418 562 1530 624; x_wconf 76' lang='lat' dir='ltr'><strong><em>emerat,</em></strong></span> <span class='ocrx_word' id='word_1_42' title='bbox 1555 571 1648 609; x_wconf 87' lang='lat' dir='ltr'><strong><em>omnes</em></strong></span> <span class='ocrx_word' id='word_1_43' title='bbox 1670 555 1779 611; x_wconf 88' lang='lat' dir='ltr'><strong><em>morbos</em></strong></span> <span class='ocrx_word' id='word_1_44' title='bbox 1801 560 1829 609; x_wconf 86' lang='lat' dir='ltr'><strong><em>et</em></strong></span> 
     </span>
     <span class='ocr_line' id='line_1_5' title="bbox 141 592 1831 713; baseline -0.001 -18"><span class='ocrx_word' id='word_1_45' title='bbox 141 644 276 698; x_wconf 88' lang='lat' dir='ltr'><strong><em>rationem</em></strong></span> <span class='ocrx_word' id='word_1_46' title='bbox 303 643 451 698; x_wconf 86' lang='lat' dir='ltr'><strong><em>dilectonis</em></strong></span> <span class='ocrx_word' id='word_1_47' title='bbox 468 645 542 697; x_wconf 87' lang='lat' dir='ltr'><strong><em>Jesu</em></strong></span> <span class='ocrx_word' id='word_1_48' title='bbox 565 660 634 712; x_wconf 83' lang='lat' dir='ltr'><strong><em>erpa</em></strong></span> <span class='ocrx_word' id='word_1_49' title='bbox 659 660 752 697; x_wconf 88' lang='lat' dir='ltr'><strong><em>omnes</em></strong></span> <span class='ocrx_word' id='word_1_50' title='bbox 768 641 870 706; x_wconf 72' lang='lat' dir='ltr'><strong><em>fideles</em></strong></span> <span class='ocrx_word' id='word_1_51' title='bbox 888 592 1170 712; x_wconf 77' lang='lat' dir='ltr'><strong><em>atqueicalamitates</em></strong></span> <span class='ocrx_word' id='word_1_52' title='bbox 1191 640 1288 704; x_wconf 86' lang='lat' dir='ltr'><strong><em>tollat,</em></strong></span> <span class='ocrx_word' id='word_1_53' title='bbox 1311 657 1414 710; x_wconf 90' lang='lat' dir='ltr'><strong><em>nosque</em></strong></span> <span class='ocrx_word' id='word_1_54' title='bbox 1433 637 1558 704; x_wconf 73' lang='lat' dir='ltr'><strong><em>Christo,</em></strong></span> <span class='ocrx_word' id='word_1_55' title='bbox 1583 641 1634 694; x_wconf 86' lang='lat' dir='ltr'><strong><em>hoc</em></strong></span> <span class='ocrx_word' id='word_1_56' title='bbox 1656 648 1696 695; x_wconf 87' lang='lat' dir='ltr'><strong><em>est</em></strong></span> <span class='ocrx_word' id='word_1_57' title='bbox 1713 626 1831 713; x_wconf 74' lang='lat' dir='ltr'><strong><em>spiritui</em></strong></span> 
     </span>
     <span class='ocr_line' id='line_1_6' title="bbox 142 726 1829 821; baseline 0 -40"><span class='ocrx_word' id='word_1_58' title='bbox 142 730 182 781; x_wconf 87' lang='lat' dir='ltr'><strong><em>ud</em></strong></span> <span class='ocrx_word' id='word_1_59' title='bbox 199 729 422 798; x_wconf 70' lang='lat' dir='ltr'><strong><em>praestationem</em></strong></span> <span class='ocrx_word' id='word_1_60' title='bbox 440 730 532 796; x_wconf 79' lang='lat' dir='ltr'><strong><em>officii</em></strong></span> <span class='ocrx_word' id='word_1_61' title='bbox 550 729 639 784; x_wconf 84' lang='lat' dir='ltr'><strong><em>debiti</em></strong></span> <span class='ocrx_word' id='word_1_62' title='bbox 657 737 683 782; x_wconf 87' lang='lat' dir='ltr'><strong><em>et</em></strong></span> <span class='ocrx_word' id='word_1_63' title='bbox 703 729 833 782; x_wconf 87' lang='lat' dir='ltr'><strong><em>caritatis</em></strong></span> <span class='ocrx_word' id='word_1_64' title='bbox 850 733 1023 821; x_wconf 58' lang='lat' dir='ltr'><strong><em>mutuae&#39;et</em></strong></span> <span class='ocrx_word' id='word_1_65' title='bbox 1046 727 1161 796; x_wconf 81' lang='lat' dir='ltr'><strong><em>corpori</em></strong></span> <span class='ocrx_word' id='word_1_66' title='bbox 1178 726 1281 796; x_wconf 88' lang='lat' dir='ltr'><strong><em>ipsius,</em></strong></span> <span class='ocrx_word' id='word_1_67' title='bbox 1304 727 1459 780; x_wconf 72' lang='lat' dir='ltr'><strong><em>arctissime</em></strong></span> <span class='ocrx_word' id='word_1_68' title='bbox 1484 726 1576 793; x_wconf 86' lang='lat' dir='ltr'><strong><em>uniat,</em></strong></span> <span class='ocrx_word' id='word_1_69' title='bbox 1602 727 1657 782; x_wconf 90' lang='lat' dir='ltr'><strong><em>imo</em></strong></span> <span class='ocrx_word' id='word_1_70' title='bbox 1681 744 1733 781; x_wconf 89' lang='lat' dir='ltr'><strong><em>nos</em></strong></span> <span class='ocrx_word' id='word_1_71' title='bbox 1750 726 1829 782; x_wconf 84' lang='lat' dir='ltr'><strong><em>nobis</em></strong></span> 
     </span>
     <span class='ocr_line' id='line_1_7' title="bbox 142 800 1835 885; baseline -0.001 -17"><span class='ocrx_word' id='word_1_72' title='bbox 142 812 227 869; x_wconf 72' lang='lat' dir='ltr'><strong><em>ibid:</em></strong></span> <span class='ocrx_word' id='word_1_73' title='bbox 248 816 302 869; x_wconf 85' lang='lat' dir='ltr'><strong><em>Est</em></strong></span> <span class='ocrx_word' id='word_1_74' title='bbox 324 817 397 870; x_wconf 88' lang='lat' dir='ltr'><strong><em>ritus</em></strong></span> <span class='ocrx_word' id='word_1_75' title='bbox 422 819 464 870; x_wconf 88' lang='lat' dir='ltr'><strong><em>od</em></strong></span> <span class='ocrx_word' id='word_1_76' title='bbox 480 816 695 885; x_wconf 77' lang='lat' dir='ltr'><strong><em>sipnificandam</em></strong></span> <span class='ocrx_word' id='word_1_77' title='bbox 714 823 740 869; x_wconf 85' lang='lat' dir='ltr'><strong><em>et</em></strong></span> <span class='ocrx_word' id='word_1_78' title='bbox 758 810 1067 885; x_wconf 56' lang='lat' dir='ltr'><strong><em>commemoras-{ipsis</em></strong></span> <span class='ocrx_word' id='word_1_79' title='bbox 1086 813 1170 866; x_wconf 87' lang='lat' dir='ltr'><strong><em>etiam</em></strong></span> <span class='ocrx_word' id='word_1_80' title='bbox 1190 814 1298 882; x_wconf 73' lang='lat' dir='ltr'><strong><em>niujore</em></strong></span> <span class='ocrx_word' id='word_1_81' title='bbox 1315 830 1387 865; x_wconf 82' lang='lat' dir='ltr'><strong><em>neau</em></strong></span> <span class='ocrx_word' id='word_1_82' title='bbox 1405 812 1503 882; x_wconf 87' lang='lat' dir='ltr'><strong><em>societ,</em></strong></span> <span class='ocrx_word' id='word_1_83' title='bbox 1531 814 1606 866; x_wconf 88' lang='lat' dir='ltr'><strong><em>unde</em></strong></span> <span class='ocrx_word' id='word_1_84' title='bbox 1625 820 1651 866; x_wconf 85' lang='lat' dir='ltr'><strong><em>et</em></strong></span> <span class='ocrx_word' id='word_1_85' title='bbox 1668 800 1835 885; x_wconf 67' lang='grc' dir='ltr'><strong><em>μετάληψις,</em></strong></span> 
     </span>
     <span class='ocr_line' id='line_1_8' title="bbox 142 892 1835 1019; baseline 0 -66"><span class='ocrx_word' id='word_1_86' title='bbox 142 903 208 954; x_wconf 88' lang='lat' dir='ltr'><strong><em>dam</em></strong></span> <span class='ocrx_word' id='word_1_87' title='bbox 231 901 407 957; x_wconf 85' lang='lat' dir='ltr'><strong><em>dilectionem</em></strong></span> <span class='ocrx_word' id='word_1_88' title='bbox 424 901 531 957; x_wconf 77' lang='lat' dir='ltr'><strong><em>Christi</em></strong></span> <span class='ocrx_word' id='word_1_89' title='bbox 559 920 627 971; x_wconf 84' lang='lat' dir='ltr'><strong><em>erpa</em></strong></span> <span class='ocrx_word' id='word_1_90' title='bbox 649 917 742 956; x_wconf 89' lang='lat' dir='ltr'><strong><em>omnes</em></strong></span> <span class='ocrx_word' id='word_1_91' title='bbox 760 901 857 965; x_wconf 76' lang='lat' dir='ltr'><strong><em>fideles</em></strong></span> <span class='ocrx_word' id='word_1_92' title='bbox 881 908 907 954; x_wconf 83' lang='lat' dir='ltr'><strong><em>et</em></strong></span> <span class='ocrx_word' id='word_1_93' title='bbox 931 899 1075 1019; x_wconf 52' lang='lat' dir='ltr'><strong><em>adtquod</em></strong></span> <span class='ocrx_word' id='word_1_94' title='bbox 1095 899 1251 966; x_wconf 83' lang='lat' dir='ltr'><strong><em>participes</em></strong></span> <span class='ocrx_word' id='word_1_95' title='bbox 1268 899 1425 951; x_wconf 81' lang='lat' dir='ltr'><strong><em>reddamur</em></strong></span> <span class='ocrx_word' id='word_1_96' title='bbox 1445 897 1600 952; x_wconf 83' lang='lat' dir='ltr'><strong><em>diuinitatis</em></strong></span> <span class='ocrx_word' id='word_1_97' title='bbox 1618 897 1707 968; x_wconf 87' lang='lat' dir='ltr'><strong><em>Jesu,</em></strong></span> <span class='ocrx_word' id='word_1_98' title='bbox 1733 907 1759 952; x_wconf 87' lang='lat' dir='ltr'><strong><em>et</em></strong></span> <span class='ocrx_word' id='word_1_99' title='bbox 1775 892 1835 953; x_wconf 52' lang='lat' dir='ltr'><strong><em>sos-⁵</em></strong></span> 
     </span>
     <span class='ocr_line' id='line_1_9' title="bbox 143 980 1830 1057; baseline -0.001 -17"><span class='ocrx_word' id='word_1_100' title='bbox 143 988 262 1041; x_wconf 86' lang='lat' dir='ltr'><strong><em>debitum</em></strong></span> <span class='ocrx_word' id='word_1_101' title='bbox 289 988 451 1043; x_wconf 83' lang='lat' dir='ltr'><strong><em>dilectionis</em></strong></span> <span class='ocrx_word' id='word_1_102' title='bbox 476 989 602 1055; x_wconf 78' lang='lat' dir='ltr'><strong><em>officium</em></strong></span> <span class='ocrx_word' id='word_1_103' title='bbox 621 1006 689 1057; x_wconf 81' lang='lat' dir='ltr'><strong><em>erpa</em></strong></span> <span class='ocrx_word' id='word_1_104' title='bbox 708 1007 760 1042; x_wconf 85' lang='lat' dir='ltr'><strong><em>nos</em></strong></span> <span class='ocrx_word' id='word_1_105' title='bbox 779 995 872 1042; x_wconf 84' lang='lat' dir='ltr'><strong><em>mutuo</em></strong></span> <span class='ocrx_word' id='word_1_106' title='bbox 888 1004 971 1057; x_wconf 87' lang='lat' dir='ltr'><strong><em>prae·</em></strong></span> <span class='ocrx_word' id='word_1_107' title='bbox 984 1046 986 1053; x_wconf 33' lang='grc' dir='ltr'>Ι</span> <span class='ocrx_word' id='word_1_108' title='bbox 999 988 1084 1037; x_wconf 79' lang='lat' dir='ltr'><strong><em>rasta</em></strong></span> <span class='ocrx_word' id='word_1_109' title='bbox 1112 984 1145 1037; x_wconf 93' lang='lat' dir='ltr'><strong><em>ob</em></strong></span> <span class='ocrx_word' id='word_1_110' title='bbox 1171 984 1253 1037; x_wconf 91' lang='lat' dir='ltr'><strong><em>illam</em></strong></span> <span class='ocrx_word' id='word_1_111' title='bbox 1275 985 1407 1053; x_wconf 87' lang='lat' dir='ltr'><strong><em>fidelium</em></strong></span> <span class='ocrx_word' id='word_1_112' title='bbox 1430 983 1502 1037; x_wconf 88' lang='lat' dir='ltr'><strong><em>inter</em></strong></span> <span class='ocrx_word' id='word_1_113' title='bbox 1527 1001 1557 1038; x_wconf 89' lang='lat' dir='ltr'><strong><em>se</em></strong></span> <span class='ocrx_word' id='word_1_114' title='bbox 1581 992 1608 1038; x_wconf 89' lang='lat' dir='ltr'><strong><em>et</em></strong></span> <span class='ocrx_word' id='word_1_115' title='bbox 1631 1002 1694 1038; x_wconf 88' lang='lat' dir='ltr'><strong><em>cum</em></strong></span> <span class='ocrx_word' id='word_1_116' title='bbox 1719 980 1830 1039; x_wconf 79' lang='lat' dir='ltr'><strong><em>Christo</em></strong></span> 
     </span>
     <span class='ocr_line' id='line_1_10' title="bbox 142 1066 1835 1156; baseline -0.002 -28"><span class='ocrx_word' id='word_1_117' title='bbox 142 1066 284 1129; x_wconf 74' lang='lat' dir='ltr'><strong><em>nandum</em></strong></span> <span class='ocrx_word' id='word_1_118' title='bbox 317 1074 412 1131; x_wconf 86' lang='lat' dir='ltr'><strong><em>Simon</em></strong></span> <span class='ocrx_word' id='word_1_119' title='bbox 430 1076 595 1149; x_wconf 83' lang='lat' dir='ltr'><strong><em>Episcopius</em></strong></span> <span class='ocrx_word' id='word_1_120' title='bbox 619 1076 690 1146; x_wconf 86' lang='lat' dir='ltr'><strong><em>disp.</em></strong></span> <span class='ocrx_word' id='word_1_121' title='bbox 713 1076 812 1148; x_wconf 88' lang='lat' dir='ltr'><strong><em>privat.</em></strong></span> <span class='ocrx_word' id='word_1_122' title='bbox 831 1074 866 1130; x_wconf 90' lang='lat' dir='ltr'><strong><em>de</em></strong></span> <span class='ocrx_word' id='word_1_123' title='bbox 886 1069 1126 1129; x_wconf 66' lang='lat' dir='ltr'><strong><em>coenaffunr&#39;onem</em></strong></span> <span class='ocrx_word' id='word_1_124' title='bbox 1151 1070 1303 1125; x_wconf 81' lang='lat' dir='ltr'><strong><em>rectissime</em></strong></span> <span class='ocrx_word' id='word_1_125' title='bbox 1329 1070 1490 1140; x_wconf 79' lang='lat' dir='ltr'><strong><em>appelletur</em></strong></span> <span class='ocrx_word' id='word_1_126' title='bbox 1518 1078 1544 1124; x_wconf 92' lang='lat' dir='ltr'><strong><em>et</em></strong></span> <span class='ocrx_word' id='word_1_127' title='bbox 1567 1070 1605 1123; x_wconf 88' lang='lat' dir='ltr'><strong><em>sit</em></strong></span> <span class='ocrx_word' id='word_1_128' title='bbox 1628 1070 1764 1126; x_wconf 80' lang='lat' dir='ltr'><strong><em>delibatio</em></strong></span> <span class='ocrx_word' id='word_1_129' title='bbox 1787 1071 1835 1156; x_wconf 76' lang='lat' dir='ltr'><strong><em>ael¹</em></strong></span> 
     </span>
     <span class='ocr_line' id='line_1_11' title="bbox 142 1153 1832 1228; baseline -0.004 -13"><span class='ocrx_word' id='word_1_130' title='bbox 142 1159 221 1216; x_wconf 89' lang='lat' dir='ltr'><strong><em>Dom.</em></strong></span> <span class='ocrx_word' id='word_1_131' title='bbox 245 1160 285 1216; x_wconf 87' lang='lat' dir='ltr'><strong><em>th.</em></strong></span> <span class='ocrx_word' id='word_1_132' title='bbox 315 1167 359 1217; x_wconf 90' lang='lat'><strong><em>10:</em></strong></span> <span class='ocrx_word' id='word_1_133' title='bbox 388 1163 470 1217; x_wconf 82' lang='lat' dir='ltr'><strong><em>Finis</em></strong></span> <span class='ocrx_word' id='word_1_134' title='bbox 497 1163 694 1217; x_wconf 84' lang='lat' dir='ltr'><strong><em>celebrationis</em></strong></span> <span class='ocrx_word' id='word_1_135' title='bbox 719 1180 821 1217; x_wconf 87' lang='lat' dir='ltr'><strong><em>coenae</em></strong></span> <span class='ocrx_word' id='word_1_136' title='bbox 845 1170 887 1216; x_wconf 89' lang='lat' dir='ltr'><strong><em>est</em></strong></span> <span class='ocrx_word' id='word_1_137' title='bbox 909 1162 972 1216; x_wconf 87' lang='lat' dir='ltr'><strong><em>sola</em></strong></span> <span class='ocrx_word' id='word_1_138' title='bbox 999 1153 1125 1225; x_wconf 70' lang='grc' dir='ltr'><strong><em>ἀπαρχὴ,</em></strong></span> <span class='ocrx_word' id='word_1_139' title='bbox 1145 1156 1270 1225; x_wconf 86' lang='lat' dir='ltr'><strong><em>initium,</em></strong></span> <span class='ocrx_word' id='word_1_140' title='bbox 1283 1157 1384 1225; x_wconf 85' lang='lat' dir='ltr'><strong><em>saturi</em></strong></span> <span class='ocrx_word' id='word_1_141' title='bbox 1395 1157 1498 1228; x_wconf 73' lang='lat' dir='ltr'><strong><em>panib,</em></strong></span> <span class='ocrx_word' id='word_1_142' title='bbox 1516 1155 1565 1225; x_wconf 89' lang='lat' dir='ltr'><strong><em>qui</em></strong></span> <span class='ocrx_word' id='word_1_143' title='bbox 1579 1157 1611 1210; x_wconf 89' lang='lat' dir='ltr'><strong><em>in</em></strong></span> <span class='ocrx_word' id='word_1_144' title='bbox 1629 1157 1720 1212; x_wconf 87' lang='lat' dir='ltr'><strong><em>altero</em></strong></span> <span class='ocrx_word' id='word_1_145' title='bbox 1738 1156 1832 1212; x_wconf 73' lang='lat' dir='ltr'><strong><em>sensio</em></strong></span> 
     </span>
     <span class='ocr_line' id='line_1_12' title="bbox 142 1240 1835 1318; baseline -0.001 -18"><span class='ocrx_word' id='word_1_146' title='bbox 142 1255 248 1301; x_wconf 90' lang='lat' dir='ltr'><strong><em>tantum</em></strong></span> <span class='ocrx_word' id='word_1_147' title='bbox 266 1249 489 1318; x_wconf 86' lang='lat' dir='ltr'><strong><em>repraesentatio</em></strong></span> <span class='ocrx_word' id='word_1_148' title='bbox 509 1257 535 1302; x_wconf 89' lang='lat' dir='ltr'><strong><em>et</em></strong></span> <span class='ocrx_word' id='word_1_149' title='bbox 554 1248 721 1317; x_wconf 86' lang='lat' dir='ltr'><strong><em>siqnificatio</em></strong></span> <span class='ocrx_word' id='word_1_150' title='bbox 738 1249 837 1301; x_wconf 87' lang='lat' dir='ltr'><strong><em>martis</em></strong></span> <span class='ocrx_word' id='word_1_151' title='bbox 849 1266 883 1303; x_wconf 92' lang='lat' dir='ltr'><strong><em>ac</em></strong></span> <span class='ocrx_word' id='word_1_152' title='bbox 896 1248 973 1301; x_wconf 90' lang='lat' dir='ltr'><strong><em>bene·</em></strong></span> <span class='ocrx_word' id='word_1_153' title='bbox 998 1241 1077 1296; x_wconf 83' lang='lat' dir='ltr'><strong><em>nobis</em></strong></span> <span class='ocrx_word' id='word_1_154' title='bbox 1095 1250 1270 1311; x_wconf 90' lang='lat' dir='ltr'><strong><em>apponetur,·</em></strong></span> <span class='ocrx_word' id='word_1_155' title='bbox 1289 1242 1465 1297; x_wconf 87' lang='lat' dir='ltr'><strong><em>Chemnicius</em></strong></span> <span class='ocrx_word' id='word_1_156' title='bbox 1483 1249 1553 1314; x_wconf 75' lang='lat' dir='ltr'><strong><em>part.</em></strong></span> <span class='ocrx_word' id='word_1_157' title='bbox 1567 1248 1590 1298; x_wconf 84' lang='lat'><strong><em>2.</em></strong></span> <span class='ocrx_word' id='word_1_158' title='bbox 1609 1259 1695 1298; x_wconf 80' lang='lat' dir='ltr'><strong><em>exam</em></strong></span> <span class='ocrx_word' id='word_1_159' title='bbox 1707 1240 1835 1313; x_wconf 72' lang='lat' dir='ltr'><strong><em>&#39;I&#39;rident¹</em></strong></span> 
     </span>
     <span class='ocr_line' id='line_1_13' title="bbox 141 1324 1837 1417; baseline -0.002 -31"><span class='ocrx_word' id='word_1_160' title='bbox 141 1332 202 1397; x_wconf 77' lang='lat' dir='ltr'><strong><em>ficii</em></strong></span> <span class='ocrx_word' id='word_1_161' title='bbox 219 1334 301 1389; x_wconf 79' lang='lat' dir='ltr'><strong><em>illius</em></strong></span> <span class='ocrx_word' id='word_1_162' title='bbox 318 1334 448 1405; x_wconf 78' lang='lat' dir='ltr'><strong><em>inpensis,</em></strong></span> <span class='ocrx_word' id='word_1_163' title='bbox 467 1337 545 1405; x_wconf 87' lang='lat' dir='ltr'><strong><em>quad</em></strong></span> <span class='ocrx_word' id='word_1_164' title='bbox 555 1352 612 1405; x_wconf 87' lang='lat' dir='ltr'><strong><em>per</em></strong></span> <span class='ocrx_word' id='word_1_165' title='bbox 632 1342 746 1388; x_wconf 86' lang='lat' dir='ltr'><strong><em>mortem</em></strong></span> <span class='ocrx_word' id='word_1_166' title='bbox 764 1334 843 1390; x_wconf 70' lang='lat' dir='ltr'><strong><em>nobis</em></strong></span> <span class='ocrx_word' id='word_1_167' title='bbox 858 1342 974 1404; x_wconf 88' lang='lat' dir='ltr'><strong><em>partum</em></strong></span> <span class='ocrx_word' id='word_1_168' title='bbox 999 1344 1058 1399; x_wconf 84' lang='lat' dir='ltr'><strong><em>cap.</em></strong></span> <span class='ocrx_word' id='word_1_169' title='bbox 1086 1328 1121 1382; x_wconf 90' lang='lat' dir='ltr'><strong><em>de</em></strong></span> <span class='ocrx_word' id='word_1_170' title='bbox 1148 1329 1235 1384; x_wconf 86' lang='lat' dir='ltr'><strong><em>instit.</em></strong></span> <span class='ocrx_word' id='word_1_171' title='bbox 1259 1346 1374 1384; x_wconf 89' lang='lat' dir='ltr'><strong><em>sacram.</em></strong></span> <span class='ocrx_word' id='word_1_172' title='bbox 1401 1346 1503 1385; x_wconf 89' lang='lat' dir='ltr'><strong><em>coenae</em></strong></span> <span class='ocrx_word' id='word_1_173' title='bbox 1524 1345 1587 1402; x_wconf 80' lang='lat' dir='ltr'><strong><em>pag.</em></strong></span> <span class='ocrx_word' id='word_1_174' title='bbox 1615 1335 1679 1386; x_wconf 78' lang='lat'>124:</span> <span class='ocrx_word' id='word_1_175' title='bbox 1706 1328 1779 1391; x_wconf 81' lang='lat' dir='ltr'><strong><em>Quia</em></strong></span> <span class='ocrx_word' id='word_1_176' title='bbox 1802 1324 1837 1417; x_wconf 29' lang='grc' dir='ltr'><strong><em>ἐπ,</em></strong></span> 
     </span>
     <span class='ocr_line' id='line_1_14' title="bbox 143 1414 1830 1492; baseline -0.001 -19"><span class='ocrx_word' id='word_1_177' title='bbox 143 1428 225 1491; x_wconf 85' lang='lat' dir='ltr'><strong><em>atque</em></strong></span> <span class='ocrx_word' id='word_1_178' title='bbox 250 1428 440 1492; x_wconf 86' lang='lat' dir='ltr'><strong><em>comparatum</em></strong></span> <span class='ocrx_word' id='word_1_179' title='bbox 459 1430 513 1491; x_wconf 87' lang='lat' dir='ltr'><strong><em>est,</em></strong></span> <span class='ocrx_word' id='word_1_180' title='bbox 536 1439 590 1491; x_wconf 86' lang='lat' dir='ltr'><strong><em>per</em></strong></span> <span class='ocrx_word' id='word_1_181' title='bbox 614 1439 697 1491; x_wconf 90' lang='lat' dir='ltr'><strong><em>qaam</em></strong></span> <span class='ocrx_word' id='word_1_182' title='bbox 715 1422 791 1491; x_wconf 75' lang='lat' dir='ltr'><strong><em>fides</em></strong></span> <span class='ocrx_word' id='word_1_183' title='bbox 810 1422 892 1474; x_wconf 89' lang='lat' dir='ltr'><strong><em>eiiam</em></strong></span> <span class='ocrx_word' id='word_1_184' title='bbox 911 1420 973 1489; x_wconf 78' lang='lat' dir='ltr'><strong><em>ipsa</em></strong></span> <span class='ocrx_word' id='word_1_185' title='bbox 999 1414 1168 1469; x_wconf 77' lang='lat' dir='ltr'><strong><em>eucharistia</em></strong></span> <span class='ocrx_word' id='word_1_186' title='bbox 1187 1416 1341 1487; x_wconf 87' lang='lat' dir='ltr'><strong><em>accipimus</em></strong></span> <span class='ocrx_word' id='word_1_187' title='bbox 1357 1416 1433 1470; x_wconf 84' lang='lat' dir='ltr'><strong><em>illud</em></strong></span> <span class='ocrx_word' id='word_1_188' title='bbox 1444 1415 1552 1470; x_wconf 76' lang='lat' dir='ltr'><strong><em>Christi</em></strong></span> <span class='ocrx_word' id='word_1_189' title='bbox 1564 1434 1674 1487; x_wconf 83' lang='lat' dir='ltr'><strong><em>corpus,</em></strong></span> <span class='ocrx_word' id='word_1_190' title='bbox 1688 1417 1766 1486; x_wconf 78' lang='lat' dir='ltr'><strong><em>quod</em></strong></span> <span class='ocrx_word' id='word_1_191' title='bbox 1774 1434 1830 1489; x_wconf 86' lang='lat' dir='ltr'><strong><em>pro</em></strong></span> 
     </span>
     <span class='ocr_line' id='line_1_15' title="bbox 142 1492 1836 1578; baseline -0.001 -19"><span class='ocrx_word' id='word_1_192' title='bbox 142 1506 221 1559; x_wconf 85' lang='lat' dir='ltr'><strong><em>nobis</em></strong></span> <span class='ocrx_word' id='word_1_193' title='bbox 240 1507 360 1561; x_wconf 73' lang='lat' dir='ltr'><strong><em>meitari</em></strong></span> <span class='ocrx_word' id='word_1_194' title='bbox 376 1516 402 1561; x_wconf 86' lang='lat' dir='ltr'><strong><em>et</em></strong></span> <span class='ocrx_word' id='word_1_195' title='bbox 419 1506 584 1578; x_wconf 75' lang='lat' dir='ltr'><strong><em>confimari</em></strong></span> <span class='ocrx_word' id='word_1_196' title='bbox 598 1507 680 1572; x_wconf 89' lang='lat' dir='ltr'><strong><em>solet,</em></strong></span> <span class='ocrx_word' id='word_1_197' title='bbox 703 1507 866 1576; x_wconf 74' lang='lat' dir='ltr'><strong><em>animmque</em></strong></span> <span class='ocrx_word' id='word_1_198' title='bbox 882 1515 974 1560; x_wconf 87' lang='lat' dir='ltr'><strong><em>noster</em></strong></span> <span class='ocrx_word' id='word_1_199' title='bbox 1000 1502 1079 1555; x_wconf 68' lang='lat' dir='ltr'><strong><em>nobis</em></strong></span> <span class='ocrx_word' id='word_1_200' title='bbox 1103 1502 1240 1556; x_wconf 85' lang='lat' dir='ltr'><strong><em>traditum</em></strong></span> <span class='ocrx_word' id='word_1_201' title='bbox 1263 1510 1315 1571; x_wconf 87' lang='lat' dir='ltr'><strong><em>est,</em></strong></span> <span class='ocrx_word' id='word_1_202' title='bbox 1338 1511 1364 1557; x_wconf 88' lang='lat' dir='ltr'><strong><em>et</em></strong></span> <span class='ocrx_word' id='word_1_203' title='bbox 1387 1502 1553 1572; x_wconf 79' lang='lat' dir='ltr'><strong><em>sanquinem</em></strong></span> <span class='ocrx_word' id='word_1_204' title='bbox 1580 1503 1647 1558; x_wconf 86' lang='lat' dir='ltr'><strong><em>neni</em></strong></span> <span class='ocrx_word' id='word_1_205' title='bbox 1669 1492 1836 1573; x_wconf 62' lang='lat' dir='ltr'><strong><em>testamenti&#39;</em></strong></span> 
     </span>
     <span class='ocr_line' id='line_1_16' title="bbox 142 1587 1837 1671; baseline -0.003 -25"><span class='ocrx_word' id='word_1_206' title='bbox 142 1592 229 1646; x_wconf 83' lang='lat' dir='ltr'><strong><em>ueluti</em></strong></span> <span class='ocrx_word' id='word_1_207' title='bbox 251 1594 311 1648; x_wconf 88' lang='lat' dir='ltr'><strong><em>cibo</em></strong></span> <span class='ocrx_word' id='word_1_208' title='bbox 335 1602 419 1665; x_wconf 80' lang='lat' dir='ltr'><strong><em>atqrse</em></strong></span> <span class='ocrx_word' id='word_1_209' title='bbox 438 1602 510 1664; x_wconf 87' lang='lat' dir='ltr'><strong><em>potu</em></strong></span> <span class='ocrx_word' id='word_1_210' title='bbox 532 1595 654 1663; x_wconf 65' lang='lat' dir='ltr'><strong><em>modam</em></strong></span> <span class='ocrx_word' id='word_1_211' title='bbox 678 1593 783 1645; x_wconf 88' lang='lat' dir='ltr'><strong><em>nutriri</em></strong></span> <span class='ocrx_word' id='word_1_212' title='bbox 806 1601 830 1646; x_wconf 85' lang='lat' dir='ltr'><strong><em>et</em></strong></span> <span class='ocrx_word' id='word_1_213' title='bbox 855 1594 987 1648; x_wconf 82' lang='lat' dir='ltr'><strong><em>educari:</em></strong></span> <span class='ocrx_word' id='word_1_214' title='bbox 1000 1587 1049 1656; x_wconf 81' lang='lat' dir='ltr'><strong><em>qui</em></strong></span> <span class='ocrx_word' id='word_1_215' title='bbox 1077 1587 1106 1641; x_wconf 83' lang='lat' dir='ltr'><strong><em>in</em></strong></span> <span class='ocrx_word' id='word_1_216' title='bbox 1136 1588 1325 1642; x_wconf 86' lang='lat' dir='ltr'><strong><em>remissionem</em></strong></span> <span class='ocrx_word' id='word_1_217' title='bbox 1345 1597 1525 1658; x_wconf 89' lang='lat' dir='ltr'><strong><em>peccatorum</em></strong></span> <span class='ocrx_word' id='word_1_218' title='bbox 1551 1591 1653 1660; x_wconf 73' lang='lat' dir='ltr'><strong><em>effluens</em></strong></span> <span class='ocrx_word' id='word_1_219' title='bbox 1678 1598 1734 1660; x_wconf 87' lang='lat' dir='ltr'><strong><em>sst;</em></strong></span> <span class='ocrx_word' id='word_1_220' title='bbox 1769 1588 1837 1671; x_wconf 85' lang='lat' dir='ltr'><strong><em>quis</em></strong></span> 
     </span>
     <span class='ocr_line' id='line_1_17' title="bbox 143 1652 1907 1761; baseline 0.003 -36"><span class='ocrx_word' id='word_1_221' title='bbox 143 1696 192 1748; x_wconf 68' lang='lat' dir='ltr'><strong><em>spe</em></strong></span> <span class='ocrx_word' id='word_1_222' title='bbox 212 1679 286 1733; x_wconf 74' lang='lat' dir='ltr'><strong><em>vitae</em></strong></span> <span class='ocrx_word' id='word_1_223' title='bbox 310 1680 489 1734; x_wconf 71' lang='lat' dir='ltr'><strong><em>namnet*</em></strong></span> <span class='ocrx_word' id='word_1_224' title='bbox 528 1678 664 1736; x_wconf 76' lang='lat' dir='ltr'><strong><em>Notanter</em></strong></span> <span class='ocrx_word' id='word_1_225' title='bbox 687 1694 751 1733; x_wconf 78' lang='lat' dir='ltr'><strong><em>vero</em></strong></span> <span class='ocrx_word' id='word_1_226' title='bbox 775 1696 825 1733; x_wconf 67' lang='lat' dir='ltr'><strong><em>nos</em></strong></span> <span class='ocrx_word' id='word_1_227' title='bbox 847 1652 1094 1749; x_wconf 62' lang='lat' dir='ltr'><strong><em>diximus‚itteqei,</em></strong></span> <span class='ocrx_word' id='word_1_228' title='bbox 1121 1676 1263 1728; x_wconf 57' lang='lat' dir='ltr'><strong><em>medentes</em></strong></span> <span class='ocrx_word' id='word_1_229' title='bbox 1289 1675 1332 1729; x_wconf 76' lang='lat' dir='ltr'><strong><em>ibt&#39;</em></strong></span> <span class='ocrx_word' id='word_1_230' title='bbox 1355 1677 1502 1746; x_wconf 73' lang='lat' dir='ltr'><strong><em>percipere</em></strong></span> <span class='ocrx_word' id='word_1_231' title='bbox 1529 1676 1688 1731; x_wconf 63' lang='lat' dir='ltr'><strong><em>thesaurum</em></strong></span> <span class='ocrx_word' id='word_1_232' title='bbox 1710 1677 1836 1761; x_wconf 42' lang='lat' dir='ltr'><strong><em>omniane</em></strong></span> <span class='ocrx_word' id='word_1_233' title='bbox 1901 1678 1907 1693; x_wconf 78' lang='lat'><strong>⁴</strong></span> 
     </span>
     <span class='ocr_line' id='line_1_18' title="bbox 143 1718 1975 1841; baseline -0.001 -23"><span class='ocrx_word' id='word_1_234' title='bbox 143 1763 250 1819; x_wconf 88' lang='lat' dir='ltr'><strong><em>fructus</em></strong></span> <span class='ocrx_word' id='word_1_235' title='bbox 275 1764 337 1821; x_wconf 91' lang='lat' dir='ltr'><strong><em>illos</em></strong></span> <span class='ocrx_word' id='word_1_236' title='bbox 362 1782 395 1821; x_wconf 86' lang='lat' dir='ltr'><strong><em>ex</em></strong></span> <span class='ocrx_word' id='word_1_237' title='bbox 421 1765 536 1820; x_wconf 89' lang='lat' dir='ltr'><strong><em>salutari</em></strong></span> <span class='ocrx_word' id='word_1_238' title='bbox 561 1764 644 1835; x_wconf 88' lang='lat' dir='ltr'><strong><em>hujus</em></strong></span> <span class='ocrx_word' id='word_1_239' title='bbox 662 1763 785 1837; x_wconf 84' lang='lat' dir='ltr'><strong><em>mysterii</em></strong></span> <span class='ocrx_word' id='word_1_240' title='bbox 803 1782 854 1818; x_wconf 84' lang='lat' dir='ltr'><strong><em>usu</em></strong></span> <span class='ocrx_word' id='word_1_241' title='bbox 875 1782 892 1819; x_wconf 90' lang='lat' dir='ltr'><strong><em>a</em></strong></span> <span class='ocrx_word' id='word_1_242' title='bbox 910 1718 987 1821; x_wconf 74' lang='lat' dir='ltr'><strong><em>versi</em></strong></span> <span class='ocrx_word' id='word_1_243' title='bbox 1001 1759 1193 1824; x_wconf 79' lang='lat' dir='ltr'><strong><em>beneficiosum</em></strong></span> <span class='ocrx_word' id='word_1_244' title='bbox 1211 1759 1317 1815; x_wconf 75' lang='lat' dir='ltr'><strong><em>Christi</em></strong></span> <span class='ocrx_word' id='word_1_245' title='bbox 1323 1763 1336 1815; x_wconf 76' lang='lat' dir='ltr'><strong><em>l</em></strong></span> <span class='ocrx_word' id='word_1_246' title='bbox 1362 1762 1515 1833; x_wconf 74' lang='lat' dir='ltr'><strong><em>Accipiunt</em></strong></span> <span class='ocrx_word' id='word_1_247' title='bbox 1532 1765 1604 1816; x_wconf 87' lang='lat' dir='ltr'><strong><em>enim</em></strong></span> <span class='ocrx_word' id='word_1_248' title='bbox 1620 1761 1711 1828; x_wconf 88' lang='lat' dir='ltr'><strong><em>illud,</em></strong></span> <span class='ocrx_word' id='word_1_249' title='bbox 1729 1763 1759 1817; x_wconf 88' lang='lat' dir='ltr'><strong><em>in</em></strong></span> <span class='ocrx_word' id='word_1_250' title='bbox 1777 1780 1831 1834; x_wconf 87' lang='lat' dir='ltr'><strong><em>quo</em></strong></span> <span class='ocrx_word' id='word_1_251' title='bbox 1954 1802 1975 1841; x_wconf 58' lang='lat'>0</span> 
     </span>
     <span class='ocr_line' id='line_1_19' title="bbox 145 1842 1838 1933; baseline -0.001 -28"><span class='ocrx_word' id='word_1_252' title='bbox 145 1849 321 1906; x_wconf 84' lang='lat' dir='ltr'><strong><em>credentibus</em></strong></span> <span class='ocrx_word' id='word_1_253' title='bbox 340 1851 458 1922; x_wconf 88' lang='lat' dir='ltr'><strong><em>percipi,</em></strong></span> <span class='ocrx_word' id='word_1_254' title='bbox 479 1868 571 1923; x_wconf 89' lang='lat' dir='ltr'><strong><em>neque</em></strong></span> <span class='ocrx_word' id='word_1_255' title='bbox 589 1851 660 1906; x_wconf 87' lang='lat' dir='ltr'><strong><em>enim</em></strong></span> <span class='ocrx_word' id='word_1_256' title='bbox 678 1867 780 1916; x_wconf 88' lang='lat' dir='ltr'><strong><em>omnes,</em></strong></span> <span class='ocrx_word' id='word_1_257' title='bbox 798 1849 846 1923; x_wconf 89' lang='lat' dir='ltr'><strong><em>qni</em></strong></span> <span class='ocrx_word' id='word_1_258' title='bbox 864 1868 975 1923; x_wconf 88' lang='lat' dir='ltr'><strong><em>quoquo</em></strong></span> <span class='ocrx_word' id='word_1_259' title='bbox 997 1855 1115 1915; x_wconf 81' lang='lat' dir='ltr'><strong><em>peccata</em></strong></span> <span class='ocrx_word' id='word_1_260' title='bbox 1135 1847 1326 1918; x_wconf 85' lang='lat' dir='ltr'><strong><em>remittuntur,</em></strong></span> <span class='ocrx_word' id='word_1_261' title='bbox 1349 1848 1379 1902; x_wconf 89' lang='lat' dir='ltr'><strong><em>in</em></strong></span> <span class='ocrx_word' id='word_1_262' title='bbox 1402 1867 1456 1919; x_wconf 87' lang='lat' dir='ltr'><strong><em>quo</em></strong></span> <span class='ocrx_word' id='word_1_263' title='bbox 1473 1867 1549 1903; x_wconf 85' lang='lat' dir='ltr'><strong><em>mors</em></strong></span> <span class='ocrx_word' id='word_1_264' title='bbox 1567 1850 1706 1917; x_wconf 76' lang='lat' dir='ltr'><strong><em>aboletm,</em></strong></span> <span class='ocrx_word' id='word_1_265' title='bbox 1729 1851 1759 1903; x_wconf 87' lang='lat' dir='ltr'><strong><em>in</em></strong></span> <span class='ocrx_word' id='word_1_266' title='bbox 1776 1842 1838 1933; x_wconf 32' lang='lat' dir='ltr'><strong><em>qrsoj</em></strong></span> 
     </span>
     <span class='ocr_line' id='line_1_20' title="bbox 144 1932 1832 2008; baseline 0.005 -17"><span class='ocrx_word' id='word_1_267' title='bbox 144 1936 225 1992; x_wconf 91' lang='lat' dir='ltr'><strong><em>modo</em></strong></span> <span class='ocrx_word' id='word_1_268' title='bbox 250 1942 335 2008; x_wconf 89' lang='lat' dir='ltr'><strong><em>atque</em></strong></span> <span class='ocrx_word' id='word_1_269' title='bbox 355 1936 446 1992; x_wconf 91' lang='lat' dir='ltr'><strong><em>animo</em></strong></span> <span class='ocrx_word' id='word_1_270' title='bbox 466 1937 502 1991; x_wconf 86' lang='lat' dir='ltr'><strong><em>sd</em></strong></span> <span class='ocrx_word' id='word_1_271' title='bbox 521 1934 573 1991; x_wconf 92' lang='lat' dir='ltr'><strong><em>hoc</em></strong></span> <span class='ocrx_word' id='word_1_272' title='bbox 592 1954 701 1992; x_wconf 88' lang='lat' dir='ltr'><strong><em>sacrum</em></strong></span> <span class='ocrx_word' id='word_1_273' title='bbox 717 1937 868 2007; x_wconf 88' lang='lat' dir='ltr'><strong><em>accedunt,</em></strong></span> <span class='ocrx_word' id='word_1_274' title='bbox 892 1936 974 1992; x_wconf 89' lang='lat' dir='ltr'><strong><em>bene·</em></strong></span> <span class='ocrx_word' id='word_1_275' title='bbox 1000 1932 1058 1985; x_wconf 71' lang='lat' dir='ltr'><strong><em>vita</em></strong></span> <span class='ocrx_word' id='word_1_276' title='bbox 1076 1933 1155 1986; x_wconf 68' lang='lat' dir='ltr'><strong><em>nobit</em></strong></span> <span class='ocrx_word' id='word_1_277' title='bbox 1173 1934 1401 2000; x_wconf 61' lang='lat' dir='ltr'><strong><em>communicatur,</em></strong></span> <span class='ocrx_word' id='word_1_278' title='bbox 1420 1953 1474 2004; x_wconf 65' lang='grc' dir='ltr'><strong><em>ΨΟ</em></strong></span> <span class='ocrx_word' id='word_1_279' title='bbox 1493 1954 1546 1990; x_wconf 72' lang='lat'><strong><em>¹²0⁸</em></strong></span> <span class='ocrx_word' id='word_1_280' title='bbox 1563 1936 1619 1990; x_wconf 60' lang='lat' dir='ltr'><strong><em>tibi</em></strong></span> <span class='ocrx_word' id='word_1_281' title='bbox 1629 1934 1755 1990; x_wconf 82' lang='lat' dir='ltr'><strong><em>Christus</em></strong></span> <span class='ocrx_word' id='word_1_282' title='bbox 1771 1944 1832 1991; x_wconf 68' lang='lat' dir='ltr'><strong><em>lau·</em></strong></span> 
     </span>
     <span class='ocr_line' id='line_1_21' title="bbox 143 2020 1833 2094; baseline 0 -17"><span class='ocrx_word' id='word_1_283' title='bbox 143 2022 267 2077; x_wconf 86' lang='lat' dir='ltr'><strong><em>liciorum</em></strong></span> <span class='ocrx_word' id='word_1_284' title='bbox 285 2022 394 2078; x_wconf 84' lang='lat' dir='ltr'><strong><em>illoram</em></strong></span> <span class='ocrx_word' id='word_1_285' title='bbox 412 2022 572 2079; x_wconf 85' lang='lat' dir='ltr'><strong><em>coelestium</em></strong></span> <span class='ocrx_word' id='word_1_286' title='bbox 589 2023 740 2094; x_wconf 82' lang='lat' dir='ltr'><strong><em>participes</em></strong></span> <span class='ocrx_word' id='word_1_287' title='bbox 756 2022 834 2092; x_wconf 89' lang='lat' dir='ltr'><strong><em>finnt,</em></strong></span> <span class='ocrx_word' id='word_1_288' title='bbox 853 2021 903 2077; x_wconf 88' lang='lat' dir='ltr'><strong><em>sed</em></strong></span> <span class='ocrx_word' id='word_1_289' title='bbox 916 2030 974 2077; x_wconf 90' lang='lat' dir='ltr'><strong><em>tan·</em></strong></span> <span class='ocrx_word' id='word_1_290' title='bbox 991 2036 1083 2087; x_wconf 73' lang='lat' dir='ltr'><strong><em>puam</em></strong></span> <span class='ocrx_word' id='word_1_291' title='bbox 1109 2020 1231 2073; x_wconf 83' lang='lat' dir='ltr'><strong><em>membra</em></strong></span> <span class='ocrx_word' id='word_1_292' title='bbox 1250 2021 1391 2091; x_wconf 79' lang='lat' dir='ltr'><strong><em>adjunqit.</em></strong></span> <span class='ocrx_word' id='word_1_293' title='bbox 1426 2022 1557 2077; x_wconf 88' lang='lat' dir='ltr'><strong><em>Ceterum</em></strong></span> <span class='ocrx_word' id='word_1_294' title='bbox 1575 2022 1681 2078; x_wconf 75' lang='lat' dir='ltr'><strong><em>hactus</em></strong></span> <span class='ocrx_word' id='word_1_295' title='bbox 1698 2021 1760 2078; x_wconf 89' lang='lat' dir='ltr'><strong><em>illos</em></strong></span> <span class='ocrx_word' id='word_1_296' title='bbox 1777 2039 1833 2079; x_wconf 89' lang='lat' dir='ltr'><strong><em>om·</em></strong></span> 
     </span>
     <span class='ocr_line' id='line_1_22' title="bbox 143 2104 1834 2181; baseline 0.001 -17"><span class='ocrx_word' id='word_1_297' title='bbox 143 2109 284 2164; x_wconf 90' lang='lat' dir='ltr'><strong><em>tummodo</em></strong></span> <span class='ocrx_word' id='word_1_298' title='bbox 305 2126 369 2165; x_wconf 82' lang='lat' dir='ltr'><strong><em>vere</em></strong></span> <span class='ocrx_word' id='word_1_299' title='bbox 394 2109 551 2174; x_wconf 88' lang='lat' dir='ltr'><strong><em>credentes,</em></strong></span> <span class='ocrx_word' id='word_1_300' title='bbox 581 2108 634 2165; x_wconf 92' lang='lat' dir='ltr'><strong><em>hoc</em></strong></span> <span class='ocrx_word' id='word_1_301' title='bbox 659 2117 702 2164; x_wconf 90' lang='lat' dir='ltr'><strong><em>est</em></strong></span> <span class='ocrx_word' id='word_1_302' title='bbox 723 2108 764 2163; x_wconf 89' lang='lat' dir='ltr'><strong><em>illi</em></strong></span> <span class='ocrx_word' id='word_1_303' title='bbox 787 2110 834 2181; x_wconf 89' lang='lat' dir='ltr'><strong><em>qui</em></strong></span> <span class='ocrx_word' id='word_1_304' title='bbox 860 2116 976 2180; x_wconf 88' lang='lat' dir='ltr'><strong><em>peecata</em></strong></span> <span class='ocrx_word' id='word_1_305' title='bbox 1002 2118 1050 2158; x_wconf 77' lang='lat' dir='ltr'><strong><em>nes</em></strong></span> <span class='ocrx_word' id='word_1_306' title='bbox 1069 2108 1097 2158; x_wconf 85' lang='lat' dir='ltr'><strong><em>et</em></strong></span> <span class='ocrx_word' id='word_1_307' title='bbox 1116 2104 1240 2177; x_wconf 86' lang='lat' dir='ltr'><strong><em>singulos</em></strong></span> <span class='ocrx_word' id='word_1_308' title='bbox 1258 2105 1384 2161; x_wconf 88' lang='lat' dir='ltr'><strong><em>miranda</em></strong></span> <span class='ocrx_word' id='word_1_309' title='bbox 1402 2105 1539 2165; x_wconf 85' lang='lat' dir='ltr'><strong><em>brevitate</em></strong></span> <span class='ocrx_word' id='word_1_310' title='bbox 1551 2107 1676 2164; x_wconf 81' lang='lat' dir='ltr'><strong><em>Christus</em></strong></span> <span class='ocrx_word' id='word_1_311' title='bbox 1694 2109 1723 2164; x_wconf 90' lang='lat' dir='ltr'><strong><em>iu</em></strong></span> <span class='ocrx_word' id='word_1_312' title='bbox 1742 2104 1834 2165; x_wconf 82' lang='lat' dir='ltr'><strong><em>verbis</em></strong></span> 
     </span>
     <span class='ocr_line' id='line_1_23' title="bbox 146 2190 1835 2268; baseline 0 -18"><span class='ocrx_word' id='word_1_313' title='bbox 146 2213 197 2251; x_wconf 87' lang='lat' dir='ltr'><strong><em>sua</em></strong></span> <span class='ocrx_word' id='word_1_314' title='bbox 224 2196 336 2268; x_wconf 80' lang='lat' dir='ltr'><strong><em>exlege</em></strong></span> <span class='ocrx_word' id='word_1_315' title='bbox 354 2195 447 2250; x_wconf 85' lang='lat' dir='ltr'><strong><em>divina</em></strong></span> <span class='ocrx_word' id='word_1_316' title='bbox 465 2200 632 2267; x_wconf 84' lang='lat' dir='ltr'><strong><em>agnoscunt,</em></strong></span> <span class='ocrx_word' id='word_1_317' title='bbox 654 2194 727 2250; x_wconf 89' lang='lat' dir='ltr'><strong><em>serio</em></strong></span> <span class='ocrx_word' id='word_1_318' title='bbox 748 2195 783 2250; x_wconf 90' lang='lat' dir='ltr'><strong><em>de</em></strong></span> <span class='ocrx_word' id='word_1_319' title='bbox 800 2196 854 2250; x_wconf 87' lang='lat' dir='ltr'><strong><em>illis</em></strong></span> <span class='ocrx_word' id='word_1_320' title='bbox 873 2195 975 2264; x_wconf 90' lang='lat' dir='ltr'><strong><em>dolent,</em></strong></span> <span class='ocrx_word' id='word_1_321' title='bbox 1002 2190 1182 2246; x_wconf 86' lang='lat' dir='ltr'><strong><em>institutionis</em></strong></span> <span class='ocrx_word' id='word_1_322' title='bbox 1194 2193 1395 2263; x_wconf 86' lang='lat' dir='ltr'><strong><em>complectitur,</em></strong></span> <span class='ocrx_word' id='word_1_323' title='bbox 1413 2195 1523 2264; x_wconf 87' lang='lat' dir='ltr'><strong><em>quando</em></strong></span> <span class='ocrx_word' id='word_1_324' title='bbox 1537 2197 1644 2267; x_wconf 77' lang='lat' dir='ltr'><strong><em>messit,</em></strong></span> <span class='ocrx_word' id='word_1_325' title='bbox 1662 2196 1732 2250; x_wconf 91' lang='lat' dir='ltr'><strong><em>illud</em></strong></span> <span class='ocrx_word' id='word_1_326' title='bbox 1743 2196 1835 2268; x_wconf 84' lang='lat' dir='ltr'><strong><em>ipsum</em></strong></span> 
     </span>
     <span class='ocr_line' id='line_1_24' title="bbox 46 2268 1842 2363; baseline -0.002 -23"><span class='ocrx_word' id='word_1_327' title='bbox 46 2296 72 2341; x_wconf 81' lang='lat' dir='ltr'><strong><em>x.</em></strong></span> <span class='ocrx_word' id='word_1_328' title='bbox 85 2297 131 2342; x_wconf 67' lang='lat' dir='ltr'><strong><em>nt</em></strong></span> <span class='ocrx_word' id='word_1_329' title='bbox 146 2299 211 2337; x_wconf 81' lang='lat' dir='ltr'><strong><em>vers</em></strong></span> <span class='ocrx_word' id='word_1_330' title='bbox 235 2280 289 2336; x_wconf 88' lang='lat' dir='ltr'><strong><em>fide</em></strong></span> <span class='ocrx_word' id='word_1_331' title='bbox 307 2281 448 2337; x_wconf 89' lang='lat' dir='ltr'><strong><em>Christum</em></strong></span> <span class='ocrx_word' id='word_1_332' title='bbox 470 2290 498 2338; x_wconf 91' lang='lat' dir='ltr'><strong><em>et</em></strong></span> <span class='ocrx_word' id='word_1_333' title='bbox 522 2286 582 2347; x_wconf 84' lang='lat' dir='ltr'><strong><em>ejus</em></strong></span> <span class='ocrx_word' id='word_1_334' title='bbox 610 2281 746 2337; x_wconf 86' lang='lat' dir='ltr'><strong><em>beneficia</em></strong></span> <span class='ocrx_word' id='word_1_335' title='bbox 771 2282 977 2353; x_wconf 86' lang='lat' dir='ltr'><strong><em>amplectuntur</em></strong></span> <span class='ocrx_word' id='word_1_336' title='bbox 1002 2295 1102 2349; x_wconf 86' lang='lat' dir='ltr'><strong><em>corpus</em></strong></span> <span class='ocrx_word' id='word_1_337' title='bbox 1128 2296 1208 2332; x_wconf 89' lang='lat' dir='ltr'><strong><em>suum</em></strong></span> <span class='ocrx_word' id='word_1_338' title='bbox 1235 2278 1315 2334; x_wconf 90' lang='lat' dir='ltr'><strong><em>nobis</em></strong></span> <span class='ocrx_word' id='word_1_339' title='bbox 1341 2280 1566 2336; x_wconf 89' lang='lat' dir='ltr'><strong><em>manducandum</em></strong></span> <span class='ocrx_word' id='word_1_340' title='bbox 1589 2282 1731 2353; x_wconf 85' lang='lat' dir='ltr'><strong><em>praeberi,</em></strong></span> <span class='ocrx_word' id='word_1_341' title='bbox 1758 2268 1842 2363; x_wconf 56' lang='lat' dir='ltr'><strong><em>quoti¹</em></strong></span> 
     </span>
     <span class='ocr_line' id='line_1_25' title="bbox 145 2358 1842 2451; baseline 0.002 -29"><span class='ocrx_word' id='word_1_342' title='bbox 145 2385 178 2423; x_wconf 89' lang='lat' dir='ltr'><strong><em>ac</em></strong></span> <span class='ocrx_word' id='word_1_343' title='bbox 202 2367 311 2423; x_wconf 85' lang='lat' dir='ltr'><strong><em>firmum</em></strong></span> <span class='ocrx_word' id='word_1_344' title='bbox 335 2367 440 2425; x_wconf 87' lang='lat' dir='ltr'><strong><em>habent</em></strong></span> <span class='ocrx_word' id='word_1_345' title='bbox 463 2368 633 2439; x_wconf 89' lang='lat' dir='ltr'><strong><em>propositum</em></strong></span> <span class='ocrx_word' id='word_1_346' title='bbox 650 2368 712 2423; x_wconf 90' lang='lat' dir='ltr'><strong><em>Deo</em></strong></span> <span class='ocrx_word' id='word_1_347' title='bbox 735 2368 764 2421; x_wconf 90' lang='lat' dir='ltr'><strong><em>in</em></strong></span> <span class='ocrx_word' id='word_1_348' title='bbox 784 2365 930 2423; x_wconf 88' lang='lat' dir='ltr'><strong><em>sanctitate</em></strong></span> <span class='ocrx_word' id='word_1_349' title='bbox 948 2374 976 2423; x_wconf 89' lang='lat' dir='ltr'><strong><em>ct</em></strong></span> <span class='ocrx_word' id='word_1_350' title='bbox 1003 2369 1044 2417; x_wconf 74' lang='lat' dir='ltr'><strong><em>eat</em></strong></span> <span class='ocrx_word' id='word_1_351' title='bbox 1060 2381 1111 2435; x_wconf 90' lang='lat' dir='ltr'><strong><em>pro</em></strong></span> <span class='ocrx_word' id='word_1_352' title='bbox 1132 2364 1211 2419; x_wconf 90' lang='lat' dir='ltr'><strong><em>nobis</em></strong></span> <span class='ocrx_word' id='word_1_353' title='bbox 1224 2365 1365 2427; x_wconf 88' lang='lat' dir='ltr'><strong><em>traditum,</em></strong></span> <span class='ocrx_word' id='word_1_354' title='bbox 1382 2364 1460 2420; x_wconf 91' lang='lat' dir='ltr'><strong><em>illum</em></strong></span> <span class='ocrx_word' id='word_1_355' title='bbox 1472 2366 1562 2438; x_wconf 90' lang='lat' dir='ltr'><strong><em>ipsum</em></strong></span> <span class='ocrx_word' id='word_1_356' title='bbox 1577 2367 1741 2439; x_wconf 76' lang='lat' dir='ltr'><strong><em>sanguinem</em></strong></span> <span class='ocrx_word' id='word_1_357' title='bbox 1753 2358 1842 2451; x_wconf 64' lang='lat' dir='ltr'><strong><em>suum,</em></strong></span> 
     </span>
     <span class='ocr_line' id='line_1_26' title="bbox 142 2448 1833 2527; baseline -0.002 -15"><span class='ocrx_word' id='word_1_358' title='bbox 142 2454 253 2525; x_wconf 89' lang='lat' dir='ltr'><strong><em>justitia</em></strong></span> <span class='ocrx_word' id='word_1_359' title='bbox 271 2460 429 2510; x_wconf 83' lang='lat' dir='ltr'><strong><em>constanter</em></strong></span> <span class='ocrx_word' id='word_1_360' title='bbox 447 2454 597 2523; x_wconf 72' lang='lat' dir='ltr'><strong><em>canendi,</em></strong></span> <span class='ocrx_word' id='word_1_361' title='bbox 620 2459 718 2509; x_wconf 89' lang='lat' dir='ltr'><strong><em>contra</em></strong></span> <span class='ocrx_word' id='word_1_362' title='bbox 735 2469 800 2509; x_wconf 85' lang='lat' dir='ltr'><strong><em>vero</em></strong></span> <span class='ocrx_word' id='word_1_363' title='bbox 819 2471 835 2508; x_wconf 88' lang='lat' dir='ltr'><strong><em>a</em></strong></span> <span class='ocrx_word' id='word_1_364' title='bbox 854 2455 975 2525; x_wconf 86' lang='lat' dir='ltr'><strong><em>peccatis</em></strong></span> <span class='ocrx_word' id='word_1_365' title='bbox 1001 2448 1081 2504; x_wconf 74' lang='lat' dir='ltr'><strong><em>nobit</em></strong></span> <span class='ocrx_word' id='word_1_366' title='bbox 1108 2448 1260 2504; x_wconf 81' lang='lat' dir='ltr'><strong><em>bibendum</em></strong></span> <span class='ocrx_word' id='word_1_367' title='bbox 1289 2451 1363 2515; x_wconf 71' lang='lat' dir='ltr'><strong><em>dari,</em></strong></span> <span class='ocrx_word' id='word_1_368' title='bbox 1394 2452 1442 2523; x_wconf 78' lang='lat' dir='ltr'><strong><em>qui</em></strong></span> <span class='ocrx_word' id='word_1_369' title='bbox 1464 2461 1506 2508; x_wconf 88' lang='lat' dir='ltr'><strong><em>est</em></strong></span> <span class='ocrx_word' id='word_1_370' title='bbox 1528 2454 1641 2527; x_wconf 75' lang='lat' dir='ltr'><strong><em>sangnis</em></strong></span> <span class='ocrx_word' id='word_1_371' title='bbox 1666 2454 1730 2508; x_wconf 83' lang='lat' dir='ltr'><strong><em>nori</em></strong></span> <span class='ocrx_word' id='word_1_372' title='bbox 1750 2459 1833 2515; x_wconf 75' lang='lat' dir='ltr'><strong><em>testa·</em></strong></span> 
     </span>
     <span class='ocr_line' id='line_1_27' title="bbox 145 2526 1843 2625; baseline 0.001 -28"><span class='ocrx_word' id='word_1_373' title='bbox 145 2548 240 2599; x_wconf 83' lang='lat' dir='ltr'><strong><em>contre</em></strong></span> <span class='ocrx_word' id='word_1_374' title='bbox 258 2542 454 2597; x_wconf 88' lang='lat' dir='ltr'><strong><em>conscientiam</em></strong></span> <span class='ocrx_word' id='word_1_375' title='bbox 472 2540 567 2595; x_wconf 91' lang='lat' dir='ltr'><strong><em>sedulo</em></strong></span> <span class='ocrx_word' id='word_1_376' title='bbox 584 2540 715 2607; x_wconf 83' lang='lat' dir='ltr'><strong><em>cavendi,</em></strong></span> <span class='ocrx_word' id='word_1_377' title='bbox 732 2558 795 2595; x_wconf 90' lang='lat' dir='ltr'><strong><em>cum</em></strong></span> <span class='ocrx_word' id='word_1_378' title='bbox 813 2557 894 2595; x_wconf 89' lang='lat' dir='ltr'><strong><em>verae</em></strong></span> <span class='ocrx_word' id='word_1_379' title='bbox 911 2540 975 2595; x_wconf 84' lang='lat' dir='ltr'><strong><em>fidei</em></strong></span> <span class='ocrx_word' id='word_1_380' title='bbox 987 2530 990 2583; x_wconf 80' lang='lat' dir='ltr'><strong><em>l</em></strong></span> <span class='ocrx_word' id='word_1_381' title='bbox 1002 2535 1095 2605; x_wconf 89' lang='lat' dir='ltr'><strong><em>menti,</em></strong></span> <span class='ocrx_word' id='word_1_382' title='bbox 1113 2535 1217 2591; x_wconf 86' lang='lat' dir='ltr'><strong><em>effusus</em></strong></span> <span class='ocrx_word' id='word_1_383' title='bbox 1237 2537 1266 2591; x_wconf 93' lang='lat' dir='ltr'><strong><em>in</em></strong></span> <span class='ocrx_word' id='word_1_384' title='bbox 1282 2536 1470 2594; x_wconf 89' lang='lat' dir='ltr'><strong><em>remissionem</em></strong></span> <span class='ocrx_word' id='word_1_385' title='bbox 1479 2547 1665 2611; x_wconf 87' lang='lat' dir='ltr'><strong><em>peccatorum,</em></strong></span> <span class='ocrx_word' id='word_1_386' title='bbox 1681 2549 1709 2596; x_wconf 92' lang='lat' dir='ltr'><strong><em>et</em></strong></span> <span class='ocrx_word' id='word_1_387' title='bbox 1722 2526 1843 2625; x_wconf 39' lang='lat' dir='ltr'><strong><em>quandbj</em></strong></span> 
     </span>
     <span class='ocr_line' id='line_1_28' title="bbox 146 2590 1841 2699; baseline 0.004 -15"><span class='ocrx_word' id='word_1_388' title='bbox 146 2629 322 2685; x_wconf 87' lang='lat' dir='ltr'><strong><em>anteambulo</em></strong></span> <span class='ocrx_word' id='word_1_389' title='bbox 339 2628 376 2682; x_wconf 88' lang='lat' dir='ltr'><strong><em>sit</em></strong></span> <span class='ocrx_word' id='word_1_390' title='bbox 392 2627 533 2690; x_wconf 88' lang='lat' dir='ltr'><strong><em>contritio,</em></strong></span> <span class='ocrx_word' id='word_1_391' title='bbox 557 2626 725 2699; x_wconf 86' lang='lat' dir='ltr'><strong><em>pedissequa</em></strong></span> <span class='ocrx_word' id='word_1_392' title='bbox 741 2643 806 2682; x_wconf 82' lang='lat' dir='ltr'><strong><em>vero</em></strong></span> <span class='ocrx_word' id='word_1_393' title='bbox 823 2644 896 2681; x_wconf 84' lang='lat' dir='ltr'><strong><em>nova</em></strong></span> <span class='ocrx_word' id='word_1_394' title='bbox 914 2628 975 2683; x_wconf 87' lang='lat' dir='ltr'><strong><em>obe·</em></strong></span> <span class='ocrx_word' id='word_1_395' title='bbox 987 2590 1081 2692; x_wconf 76' lang='lat' dir='ltr'><strong><em>ijubet</em></strong></span> <span class='ocrx_word' id='word_1_396' title='bbox 1103 2641 1152 2678; x_wconf 90' lang='lat' dir='ltr'><strong><em>nos</em></strong></span> <span class='ocrx_word' id='word_1_397' title='bbox 1169 2622 1223 2678; x_wconf 92' lang='lat' dir='ltr'><strong><em>hoc</em></strong></span> <span class='ocrx_word' id='word_1_398' title='bbox 1242 2622 1334 2680; x_wconf 85' lang='lat' dir='ltr'><strong><em>facere</em></strong></span> <span class='ocrx_word' id='word_1_399' title='bbox 1351 2624 1380 2679; x_wconf 90' lang='lat' dir='ltr'><strong><em>in</em></strong></span> <span class='ocrx_word' id='word_1_400' title='bbox 1399 2626 1442 2680; x_wconf 90' lang='lat' dir='ltr'><strong><em>sui</em></strong></span> <span class='ocrx_word' id='word_1_401' title='bbox 1460 2627 1759 2698; x_wconf 69' lang='lat' dir='ltr'><strong><em>commemorationem</em></strong></span> <span class='ocrx_word' id='word_1_402' title='bbox 1770 2614 1841 2691; x_wconf 74' lang='lat' dir='ltr'><strong><em>¹stell.</em></strong></span> 
     </span>
     <span class='ocr_line' id='line_1_29' title="bbox 145 2696 1842 2799; baseline 0.001 -29"><span class='ocrx_word' id='word_1_403' title='bbox 145 2716 257 2783; x_wconf 86' lang='lat' dir='ltr'><strong><em>dientia,</em></strong></span> <span class='ocrx_word' id='word_1_404' title='bbox 278 2721 309 2770; x_wconf 89' lang='lat' dir='ltr'><strong><em>ut</em></strong></span> <span class='ocrx_word' id='word_1_405' title='bbox 328 2731 378 2769; x_wconf 90' lang='lat' dir='ltr'><strong><em>suo</em></strong></span> <span class='ocrx_word' id='word_1_406' title='bbox 397 2713 456 2770; x_wconf 88' lang='lat' dir='ltr'><strong><em>loco</em></strong></span> <span class='ocrx_word' id='word_1_407' title='bbox 468 2712 576 2783; x_wconf 90' lang='lat' dir='ltr'><strong><em>plenius</em></strong></span> <span class='ocrx_word' id='word_1_408' title='bbox 589 2713 742 2770; x_wconf 87' lang='lat' dir='ltr'><strong><em>docuimus.</em></strong></span> <span class='ocrx_word' id='word_1_409' title='bbox 766 2711 837 2769; x_wconf 86' lang='lat' dir='ltr'><strong><em>Sane</em></strong></span> <span class='ocrx_word' id='word_1_410' title='bbox 851 2713 975 2769; x_wconf 87' lang='lat' dir='ltr'><strong><em>Christus</em></strong></span> <span class='ocrx_word' id='word_1_411' title='bbox 1002 2708 1070 2764; x_wconf 89' lang='lat' dir='ltr'><strong><em>haec</em></strong></span> <span class='ocrx_word' id='word_1_412' title='bbox 1101 2710 1223 2766; x_wconf 79' lang='lat' dir='ltr'><strong><em>brevitas</em></strong></span> <span class='ocrx_word' id='word_1_413' title='bbox 1250 2710 1333 2765; x_wconf 91' lang='lat' dir='ltr'><strong><em>latius</em></strong></span> <span class='ocrx_word' id='word_1_414' title='bbox 1362 2717 1404 2767; x_wconf 88' lang='lat' dir='ltr'><strong><em>est</em></strong></span> <span class='ocrx_word' id='word_1_415' title='bbox 1434 2713 1586 2770; x_wconf 84' lang='lat' dir='ltr'><strong><em>evolvenda</em></strong></span> <span class='ocrx_word' id='word_1_416' title='bbox 1612 2720 1640 2770; x_wconf 86' lang='lat' dir='ltr'><strong><em>et</em></strong></span> <span class='ocrx_word' id='word_1_417' title='bbox 1660 2696 1842 2799; x_wconf 65' lang='lat' dir='ltr'><strong><em>explicanda,¹</em></strong></span> 
     </span>
     <span class='ocr_line' id='line_1_30' title="bbox 146 2790 1835 2872; baseline -0.001 -16"><span class='ocrx_word' id='word_1_418' title='bbox 146 2800 270 2859; x_wconf 87' lang='lat' dir='ltr'><strong><em>coelestis</em></strong></span> <span class='ocrx_word' id='word_1_419' title='bbox 287 2800 370 2872; x_wconf 88' lang='lat' dir='ltr'><strong><em>hujus</em></strong></span> <span class='ocrx_word' id='word_1_420' title='bbox 389 2800 507 2855; x_wconf 82' lang='lat' dir='ltr'><strong><em>convivii</em></strong></span> <span class='ocrx_word' id='word_1_421' title='bbox 525 2798 625 2871; x_wconf 87' lang='lat' dir='ltr'><strong><em>hospes</em></strong></span> <span class='ocrx_word' id='word_1_422' title='bbox 642 2799 745 2868; x_wconf 82' lang='lat' dir='ltr'><strong><em>obviis,</em></strong></span> <span class='ocrx_word' id='word_1_423' title='bbox 762 2808 794 2855; x_wconf 89' lang='lat' dir='ltr'><strong><em>ut</em></strong></span> <span class='ocrx_word' id='word_1_424' title='bbox 811 2801 852 2854; x_wconf 88' lang='lat' dir='ltr'><strong><em>ita</em></strong></span> <span class='ocrx_word' id='word_1_425' title='bbox 869 2794 1056 2872; x_wconf 87' lang='lat' dir='ltr'><strong><em>loquar‚·Du.</em></strong></span> <span class='ocrx_word' id='word_1_426' title='bbox 1084 2795 1120 2851; x_wconf 90' lang='lat' dir='ltr'><strong><em>D.</em></strong></span> <span class='ocrx_word' id='word_1_427' title='bbox 1147 2796 1293 2853; x_wconf 86' lang='lat' dir='ltr'><strong><em>Meneerus</em></strong></span> <span class='ocrx_word' id='word_1_428' title='bbox 1319 2796 1388 2854; x_wconf 88' lang='lat' dir='ltr'><strong><em>fines</em></strong></span> <span class='ocrx_word' id='word_1_429' title='bbox 1418 2799 1600 2856; x_wconf 86' lang='lat' dir='ltr'><strong><em>eucharistiae</em></strong></span> <span class='ocrx_word' id='word_1_430' title='bbox 1627 2807 1752 2857; x_wconf 86' lang='lat' dir='ltr'><strong><em>recenset</em></strong></span> <span class='ocrx_word' id='word_1_431' title='bbox 1782 2790 1835 2861; x_wconf 85' lang='lat' dir='ltr'><strong><em>hoc</em></strong></span> 
     </span>
     <span class='ocr_line' id='line_1_31' title="bbox 146 2870 1841 2961; baseline -0.001 -18"><span class='ocrx_word' id='word_1_432' title='bbox 146 2889 217 2943; x_wconf 87' lang='lat' dir='ltr'><strong><em>ulnis</em></strong></span> <span class='ocrx_word' id='word_1_433' title='bbox 240 2887 399 2944; x_wconf 90' lang='lat' dir='ltr'><strong><em>coelestium</em></strong></span> <span class='ocrx_word' id='word_1_434' title='bbox 419 2887 528 2942; x_wconf 90' lang='lat' dir='ltr'><strong><em>illorum</em></strong></span> <span class='ocrx_word' id='word_1_435' title='bbox 544 2886 740 2943; x_wconf 88' lang='lat' dir='ltr'><strong><em>beneficiorum</em></strong></span> <span class='ocrx_word' id='word_1_436' title='bbox 758 2886 901 2943; x_wconf 90' lang='lat' dir='ltr'><strong><em>thesauros</em></strong></span> <span class='ocrx_word' id='word_1_437' title='bbox 918 2904 976 2942; x_wconf 90' lang='lat' dir='ltr'><strong><em>om·</em></strong></span> <span class='ocrx_word' id='word_1_438' title='bbox 1002 2882 1106 2948; x_wconf 86' lang='lat' dir='ltr'><strong><em>ordine,</em></strong></span> <span class='ocrx_word' id='word_1_439' title='bbox 1129 2889 1161 2939; x_wconf 88' lang='lat' dir='ltr'><strong><em>ut</em></strong></span> <span class='ocrx_word' id='word_1_440' title='bbox 1177 2902 1224 2939; x_wconf 90' lang='lat' dir='ltr'><strong><em>eos</em></strong></span> <span class='ocrx_word' id='word_1_441' title='bbox 1243 2870 1455 2941; x_wconf 75' lang='lat' dir='ltr'><strong><em>absciderandos</em></strong></span> <span class='ocrx_word' id='word_1_442' title='bbox 1475 2884 1550 2941; x_wconf 86' lang='lat' dir='ltr'><strong><em>dicat</em></strong></span> <span class='ocrx_word' id='word_1_443' title='bbox 1566 2885 1610 2942; x_wconf 86' lang='lat' dir='ltr'><strong><em>vel</em></strong></span> <span class='ocrx_word' id='word_1_444' title='bbox 1628 2880 1755 2959; x_wconf 81' lang='lat' dir='ltr'><strong><em>respectu</em></strong></span> <span class='ocrx_word' id='word_1_445' title='bbox 1771 2878 1841 2961; x_wconf 93' lang='grc' dir='ltr'><strong><em>Ποῖ,Ι</em></strong></span> 
     </span>
     <span class='ocr_line' id='line_1_32' title="bbox 145 2964 1844 3046; baseline 0 -17"><span class='ocrx_word' id='word_1_446' title='bbox 145 2974 226 3029; x_wconf 89' lang='lat' dir='ltr'><strong><em>nibus</em></strong></span> <span class='ocrx_word' id='word_1_447' title='bbox 245 2974 338 3042; x_wconf 82' lang='lat' dir='ltr'><strong><em>offert,</em></strong></span> <span class='ocrx_word' id='word_1_448' title='bbox 363 2975 438 3046; x_wconf 89' lang='lat' dir='ltr'><strong><em>quod</em></strong></span> <span class='ocrx_word' id='word_1_449' title='bbox 460 2991 524 3030; x_wconf 83' lang='lat' dir='ltr'><strong><em>vero</em></strong></span> <span class='ocrx_word' id='word_1_450' title='bbox 544 2973 635 3037; x_wconf 90' lang='lat' dir='ltr'><strong><em>minus</em></strong></span> <span class='ocrx_word' id='word_1_451' title='bbox 652 2972 688 3028; x_wconf 91' lang='lat' dir='ltr'><strong><em>ab</em></strong></span> <span class='ocrx_word' id='word_1_452' title='bbox 707 2973 834 3028; x_wconf 90' lang='lat' dir='ltr'><strong><em>omnibus</em></strong></span> <span class='ocrx_word' id='word_1_453' title='bbox 853 2974 975 3029; x_wconf 85' lang='lat' dir='ltr'><strong><em>convivis</em></strong></span> <span class='ocrx_word' id='word_1_454' title='bbox 1001 2968 1046 3024; x_wconf 87' lang='lat' dir='ltr'><strong><em>vel</em></strong></span> <span class='ocrx_word' id='word_1_455' title='bbox 1069 2976 1199 3041; x_wconf 88' lang='lat' dir='ltr'><strong><em>respectu</em></strong></span> <span class='ocrx_word' id='word_1_456' title='bbox 1222 2971 1372 3026; x_wconf 90' lang='lat' dir='ltr'><strong><em>hominum.</em></strong></span> <span class='ocrx_word' id='word_1_457' title='bbox 1407 2970 1547 3044; x_wconf 86' lang='lat' dir='ltr'><strong><em>Respectu</em></strong></span> <span class='ocrx_word' id='word_1_458' title='bbox 1572 2972 1627 3029; x_wconf 90' lang='lat' dir='ltr'><strong><em>Dei</em></strong></span> <span class='ocrx_word' id='word_1_459' title='bbox 1650 2990 1731 3030; x_wconf 87' lang='lat' dir='ltr'><strong><em>sacra</em></strong></span> <span class='ocrx_word' id='word_1_460' title='bbox 1754 2964 1844 3045; x_wconf 56' lang='grc' dir='ltr'><strong><em>οίοιιᾷΙ</em></strong></span> 
     </span>
     <span class='ocr_line' id='line_1_33' title="bbox 145 3042 1844 3143; baseline -0.002 -27"><span class='ocrx_word' id='word_1_461' title='bbox 145 3061 341 3133; x_wconf 88' lang='lat' dir='ltr'><strong><em>percipiantur,</em></strong></span> <span class='ocrx_word' id='word_1_462' title='bbox 360 3061 586 3133; x_wconf 87' lang='lat' dir='ltr'><strong><em>obstatipsorum</em></strong></span> <span class='ocrx_word' id='word_1_463' title='bbox 599 3061 815 3131; x_wconf 89' lang='lat' dir='ltr'><strong><em>impoenitentia,</em></strong></span> <span class='ocrx_word' id='word_1_464' title='bbox 828 3059 975 3117; x_wconf 86' lang='lat' dir='ltr'><strong><em>increduli·</em></strong></span> <span class='ocrx_word' id='word_1_465' title='bbox 1003 3064 1044 3111; x_wconf 86' lang='lat' dir='ltr'><strong><em>est</em></strong></span> <span class='ocrx_word' id='word_1_466' title='bbox 1067 3057 1220 3128; x_wconf 71' lang='lat' dir='ltr'><strong><em>gratiarm</em></strong></span> <span class='ocrx_word' id='word_1_467' title='bbox 1243 3057 1316 3113; x_wconf 89' lang='lat' dir='ltr'><strong><em>actio</em></strong></span> <span class='ocrx_word' id='word_1_468' title='bbox 1339 3074 1390 3130; x_wconf 89' lang='lat' dir='ltr'><strong><em>pro</em></strong></span> <span class='ocrx_word' id='word_1_469' title='bbox 1413 3059 1535 3129; x_wconf 87' lang='lat' dir='ltr'><strong><em>acceptis</em></strong></span> <span class='ocrx_word' id='word_1_470' title='bbox 1559 3076 1576 3114; x_wconf 90' lang='lat' dir='ltr'><strong><em>a</em></strong></span> <span class='ocrx_word' id='word_1_471' title='bbox 1599 3059 1661 3115; x_wconf 91' lang='lat' dir='ltr'><strong><em>Deo</em></strong></span> <span class='ocrx_word' id='word_1_472' title='bbox 1686 3042 1844 3143; x_wconf 45' lang='lat' dir='ltr'><strong><em>beneficiiq]</em></strong></span> 
     </span>
     <span class='ocr_line' id='line_1_34' title="bbox 147 3143 1834 3229; baseline 0 -28"><span class='ocrx_word' id='word_1_473' title='bbox 147 3153 202 3213; x_wconf 89' lang='lat' dir='ltr'><strong><em>tas,</em></strong></span> <span class='ocrx_word' id='word_1_474' title='bbox 220 3147 347 3218; x_wconf 86' lang='lat' dir='ltr'><strong><em>impietas</em></strong></span> <span class='ocrx_word' id='word_1_475' title='bbox 367 3152 403 3217; x_wconf 90' lang='lat' dir='ltr'><strong><em>ct,</em></strong></span> <span class='ocrx_word' id='word_1_476' title='bbox 421 3153 454 3202; x_wconf 90' lang='lat' dir='ltr'><strong><em>ut</em></strong></span> <span class='ocrx_word' id='word_1_477' title='bbox 472 3147 556 3203; x_wconf 83' lang='lat' dir='ltr'><strong><em>verbo</em></strong></span> <span class='ocrx_word' id='word_1_478' title='bbox 577 3146 674 3212; x_wconf 85' lang='lat' dir='ltr'><strong><em>dicam,</em></strong></span> <span class='ocrx_word' id='word_1_479' title='bbox 694 3146 810 3218; x_wconf 79' lang='lat' dir='ltr'><strong><em>indigua</em></strong></span> <span class='ocrx_word' id='word_1_480' title='bbox 827 3147 975 3203; x_wconf 88' lang='lat' dir='ltr'><strong><em>manduca·</em></strong></span> <span class='ocrx_word' id='word_1_481' title='bbox 1002 3143 1076 3198; x_wconf 90' lang='lat' dir='ltr'><strong><em>unde</em></strong></span> <span class='ocrx_word' id='word_1_482' title='bbox 1094 3143 1174 3199; x_wconf 81' lang='lat' dir='ltr'><strong><em>fluxit</em></strong></span> <span class='ocrx_word' id='word_1_483' title='bbox 1187 3162 1288 3200; x_wconf 89' lang='lat' dir='ltr'><strong><em>nomeu</em></strong></span> <span class='ocrx_word' id='word_1_484' title='bbox 1299 3145 1491 3215; x_wconf 87' lang='lat' dir='ltr'><strong><em>eucharistiae,</em></strong></span> <span class='ocrx_word' id='word_1_485' title='bbox 1512 3162 1582 3217; x_wconf 89' lang='lat' dir='ltr'><strong><em>quae</em></strong></span> <span class='ocrx_word' id='word_1_486' title='bbox 1596 3146 1834 3229; x_wconf 79' lang='lat' dir='ltr'><strong><em>gratiarumactio</em></strong></span> 
     </span>
     <span class='ocr_line' id='line_1_35' title="bbox 146 3228 1842 3316; baseline 0 -28"><span class='ocrx_word' id='word_1_487' title='bbox 146 3233 184 3289; x_wconf 87' lang='lat' dir='ltr'><strong><em>tio</em></strong></span> <span class='ocrx_word' id='word_1_488' title='bbox 209 3250 241 3289; x_wconf 85' lang='lat' dir='ltr'><strong><em>ac</em></strong></span> <span class='ocrx_word' id='word_1_489' title='bbox 261 3232 368 3289; x_wconf 88' lang='lat' dir='ltr'><strong><em>bibitio.</em></strong></span> <span class='ocrx_word' id='word_1_490' title='bbox 403 3233 444 3292; x_wconf 91' lang='lat' dir='ltr'><strong><em>Ut</em></strong></span> <span class='ocrx_word' id='word_1_491' title='bbox 462 3233 590 3302; x_wconf 86' lang='lat' dir='ltr'><strong><em>verbnm,</em></strong></span> <span class='ocrx_word' id='word_1_492' title='bbox 613 3232 653 3286; x_wconf 88' lang='lat' dir='ltr'><strong><em>ita</em></strong></span> <span class='ocrx_word' id='word_1_493' title='bbox 677 3238 706 3288; x_wconf 91' lang='lat' dir='ltr'><strong><em>et</em></strong></span> <span class='ocrx_word' id='word_1_494' title='bbox 722 3239 895 3288; x_wconf 87' lang='lat' dir='ltr'><strong><em>sacramenta</em></strong></span> <span class='ocrx_word' id='word_1_495' title='bbox 912 3241 977 3289; x_wconf 86' lang='lat' dir='ltr'><strong><em>sunt</em></strong></span> <span class='ocrx_word' id='word_1_496' title='bbox 1001 3229 1128 3285; x_wconf 89' lang='lat' dir='ltr'><strong><em>consistit</em></strong></span> <span class='ocrx_word' id='word_1_497' title='bbox 1145 3237 1204 3284; x_wconf 90' lang='lat' dir='ltr'><strong><em>tum</em></strong></span> <span class='ocrx_word' id='word_1_498' title='bbox 1221 3229 1251 3284; x_wconf 90' lang='lat' dir='ltr'><strong><em>in</em></strong></span> <span class='ocrx_word' id='word_1_499' title='bbox 1269 3230 1440 3288; x_wconf 88' lang='lat' dir='ltr'><strong><em>confessione</em></strong></span> <span class='ocrx_word' id='word_1_500' title='bbox 1454 3239 1564 3287; x_wconf 86' lang='lat' dir='ltr'><strong><em>nostrae</em></strong></span> <span class='ocrx_word' id='word_1_501' title='bbox 1580 3232 1715 3296; x_wconf 88' lang='lat' dir='ltr'><strong><em>miseriae,</em></strong></span> <span class='ocrx_word' id='word_1_502' title='bbox 1734 3238 1793 3288; x_wconf 88' lang='lat' dir='ltr'><strong><em>tum</em></strong></span> <span class='ocrx_word' id='word_1_503' title='bbox 1804 3228 1842 3316; x_wconf 46' lang='lat' dir='ltr'><strong><em>iu!</em></strong></span> 
     </span>
     <span class='ocr_line' id='line_1_36' title="bbox 147 3313 1843 3391; baseline 0.001 -17"><span class='ocrx_word' id='word_1_504' title='bbox 147 3336 243 3374; x_wconf 88' lang='lat' dir='ltr'><strong><em>manus</em></strong></span> <span class='ocrx_word' id='word_1_505' title='bbox 262 3318 315 3374; x_wconf 88' lang='lat' dir='ltr'><strong><em>Dei</em></strong></span> <span class='ocrx_word' id='word_1_506' title='bbox 333 3318 459 3388; x_wconf 86' lang='lat' dir='ltr'><strong><em>offerens,</em></strong></span> <span class='ocrx_word' id='word_1_507' title='bbox 478 3313 615 3391; x_wconf 79' lang='lat' dir='ltr'><strong><em>siquidem</em></strong></span> <span class='ocrx_word' id='word_1_508' title='bbox 632 3334 683 3389; x_wconf 91' lang='lat' dir='ltr'><strong><em>per</em></strong></span> <span class='ocrx_word' id='word_1_509' title='bbox 699 3335 733 3374; x_wconf 90' lang='lat' dir='ltr'><strong><em>ea</em></strong></span> <span class='ocrx_word' id='word_1_510' title='bbox 751 3319 909 3375; x_wconf 88' lang='lat' dir='ltr'><strong><em>coelestium</em></strong></span> <span class='ocrx_word' id='word_1_511' title='bbox 928 3319 975 3376; x_wconf 81' lang='lat' dir='ltr'><strong><em>bo</em></strong></span> <span class='ocrx_word' id='word_1_512' title='bbox 1000 3316 1207 3387; x_wconf 88' lang='lat' dir='ltr'><strong><em>praedicatione</em></strong></span> <span class='ocrx_word' id='word_1_513' title='bbox 1222 3316 1331 3371; x_wconf 84' lang='lat' dir='ltr'><strong><em>divinae</em></strong></span> <span class='ocrx_word' id='word_1_514' title='bbox 1344 3318 1459 3389; x_wconf 79' lang='lat' dir='ltr'><strong><em>gratiae,</em></strong></span> <span class='ocrx_word' id='word_1_515' title='bbox 1478 3317 1591 3389; x_wconf 89' lang='lat' dir='ltr'><strong><em>insuper</em></strong></span> <span class='ocrx_word' id='word_1_516' title='bbox 1604 3319 1687 3374; x_wconf 87' lang='lat' dir='ltr'><strong><em>etiam</em></strong></span> <span class='ocrx_word' id='word_1_517' title='bbox 1699 3318 1728 3374; x_wconf 91' lang='lat' dir='ltr'><strong><em>in</em></strong></span> <span class='ocrx_word' id='word_1_518' title='bbox 1739 3326 1843 3387; x_wconf 68' lang='lat' dir='ltr'><strong><em>nocua,</em></strong></span> 
     </span>
     <span class='ocr_line' id='line_1_37' title="bbox 147 3392 1843 3477; baseline 0 -16"><span class='ocrx_word' id='word_1_519' title='bbox 147 3422 243 3461; x_wconf 90' lang='lat' dir='ltr'><strong><em>norum</em></strong></span> <span class='ocrx_word' id='word_1_520' title='bbox 268 3406 392 3461; x_wconf 82' lang='lat' dir='ltr'><strong><em>thesauri</em></strong></span> <span class='ocrx_word' id='word_1_521' title='bbox 416 3423 449 3462; x_wconf 84' lang='lat' dir='ltr'><strong><em>ex</em></strong></span> <span class='ocrx_word' id='word_1_522' title='bbox 465 3411 545 3477; x_wconf 85' lang='lat' dir='ltr'><strong><em>parte</em></strong></span> <span class='ocrx_word' id='word_1_523' title='bbox 559 3404 613 3461; x_wconf 90' lang='lat' dir='ltr'><strong><em>Dei</em></strong></span> <span class='ocrx_word' id='word_1_524' title='bbox 634 3405 713 3464; x_wconf 88' lang='lat' dir='ltr'><strong><em>nohis</em></strong></span> <span class='ocrx_word' id='word_1_525' title='bbox 732 3406 901 3476; x_wconf 79' lang='lat' dir='ltr'><strong><em>offeruntur3</em></strong></span> <span class='ocrx_word' id='word_1_526' title='bbox 927 3407 976 3461; x_wconf 90' lang='lat' dir='ltr'><strong><em>sed</em></strong></span> <span class='ocrx_word' id='word_1_527' title='bbox 1002 3401 1174 3470; x_wconf 87' lang='lat' dir='ltr'><strong><em>obedientia,</em></strong></span> <span class='ocrx_word' id='word_1_528' title='bbox 1193 3402 1259 3456; x_wconf 90' lang='lat' dir='ltr'><strong><em>dum</em></strong></span> <span class='ocrx_word' id='word_1_529' title='bbox 1277 3408 1411 3459; x_wconf 87' lang='lat' dir='ltr'><strong><em>testamur</em></strong></span> <span class='ocrx_word' id='word_1_530' title='bbox 1428 3418 1481 3459; x_wconf 90' lang='lat' dir='ltr'><strong><em>usn</em></strong></span> <span class='ocrx_word' id='word_1_531' title='bbox 1500 3421 1595 3461; x_wconf 87' lang='lat' dir='ltr'><strong><em>sacrae</em></strong></span> <span class='ocrx_word' id='word_1_532' title='bbox 1613 3422 1725 3461; x_wconf 88' lang='lat' dir='ltr'><strong><em>coenae:</em></strong></span> <span class='ocrx_word' id='word_1_533' title='bbox 1748 3412 1770 3463; x_wconf 89' lang='lat'><strong><em>1.</em></strong></span> <span class='ocrx_word' id='word_1_534' title='bbox 1783 3392 1843 3461; x_wconf 63' lang='lat' dir='ltr'><strong><em>uos</em></strong></span> 
     </span>
     <span class='ocr_line' id='line_1_38' title="bbox 147 3478 1841 3565; baseline -0.001 -18"><span class='ocrx_word' id='word_1_535' title='bbox 147 3511 212 3550; x_wconf 84' lang='lat' dir='ltr'><strong><em>vera</em></strong></span> <span class='ocrx_word' id='word_1_536' title='bbox 232 3492 300 3549; x_wconf 84' lang='lat' dir='ltr'><strong><em>fides</em></strong></span> <span class='ocrx_word' id='word_1_537' title='bbox 327 3510 360 3548; x_wconf 83' lang='lat' dir='ltr'><strong><em>er</em></strong></span> <span class='ocrx_word' id='word_1_538' title='bbox 385 3499 465 3564; x_wconf 90' lang='lat' dir='ltr'><strong><em>parte</em></strong></span> <span class='ocrx_word' id='word_1_539' title='bbox 489 3500 583 3548; x_wconf 90' lang='lat' dir='ltr'><strong><em>nostra</em></strong></span> <span class='ocrx_word' id='word_1_540' title='bbox 610 3499 652 3549; x_wconf 89' lang='lat' dir='ltr'><strong><em>est</em></strong></span> <span class='ocrx_word' id='word_1_541' title='bbox 677 3510 774 3548; x_wconf 90' lang='lat' dir='ltr'><strong><em>manus</em></strong></span> <span class='ocrx_word' id='word_1_542' title='bbox 792 3493 931 3564; x_wconf 88' lang='lat' dir='ltr'><strong><em>accipiens</em></strong></span> <span class='ocrx_word' id='word_1_543' title='bbox 948 3500 977 3549; x_wconf 90' lang='lat' dir='ltr'><strong><em>et</em></strong></span> <span class='ocrx_word' id='word_1_544' title='bbox 1002 3487 1114 3545; x_wconf 88' lang='lat' dir='ltr'><strong><em>obedire</em></strong></span> <span class='ocrx_word' id='word_1_545' title='bbox 1133 3488 1194 3543; x_wconf 89' lang='lat' dir='ltr'><strong><em>Deo</em></strong></span> <span class='ocrx_word' id='word_1_546' title='bbox 1217 3487 1361 3544; x_wconf 84' lang='lat' dir='ltr'><strong><em>mandanti</em></strong></span> <span class='ocrx_word' id='word_1_547' title='bbox 1385 3496 1587 3547; x_wconf 86' lang='lat' dir='ltr'><strong><em>sacramentum</em></strong></span> <span class='ocrx_word' id='word_1_548' title='bbox 1613 3490 1683 3547; x_wconf 90' lang='lat' dir='ltr'><strong><em>illud</em></strong></span> <span class='ocrx_word' id='word_1_549' title='bbox 1709 3478 1841 3565; x_wconf 67' lang='lat' dir='ltr'><strong><em>veneni*</em></strong></span> 
     </span>
     <span class='ocr_line' id='line_1_39' title="bbox 89 3574 1843 3663; baseline -0.002 -29"><span class='ocrx_word' id='word_1_550' title='bbox 89 3648 93 3656; x_wconf 35' lang='grc' dir='ltr'>Ι</span> <span class='ocrx_word' id='word_1_551' title='bbox 147 3578 364 3652; x_wconf 87' lang='lat' dir='ltr'><strong><em>apprehendens,</em></strong></span> <span class='ocrx_word' id='word_1_552' title='bbox 379 3595 430 3649; x_wconf 88' lang='lat' dir='ltr'><strong><em>per</em></strong></span> <span class='ocrx_word' id='word_1_553' title='bbox 449 3595 532 3651; x_wconf 89' lang='lat' dir='ltr'><strong><em>quam</em></strong></span> <span class='ocrx_word' id='word_1_554' title='bbox 549 3577 684 3634; x_wconf 89' lang='lat' dir='ltr'><strong><em>beneficia</em></strong></span> <span class='ocrx_word' id='word_1_555' title='bbox 703 3580 731 3633; x_wconf 94' lang='lat' dir='ltr'><strong><em>in</em></strong></span> <span class='ocrx_word' id='word_1_556' title='bbox 749 3579 976 3636; x_wconf 86' lang='lat' dir='ltr'><strong><em>verboctsacra·</em></strong></span> <span class='ocrx_word' id='word_1_557' title='bbox 1003 3581 1031 3629; x_wconf 78' lang='lat' dir='ltr'><strong><em>et</em></strong></span> <span class='ocrx_word' id='word_1_558' title='bbox 1063 3590 1210 3645; x_wconf 71' lang='lat' dir='ltr'><strong><em>usurpar03</em></strong></span> <span class='ocrx_word' id='word_1_559' title='bbox 1246 3580 1269 3630; x_wconf 82' lang='lat'><strong><em>2·</em></strong></span> <span class='ocrx_word' id='word_1_560' title='bbox 1294 3580 1323 3631; x_wconf 83' lang='lat' dir='ltr'><strong><em>et</em></strong></span> <span class='ocrx_word' id='word_1_561' title='bbox 1349 3574 1420 3630; x_wconf 80' lang='lat' dir='ltr'><strong><em>velle</em></strong></span> <span class='ocrx_word' id='word_1_562' title='bbox 1447 3576 1584 3648; x_wconf 80' lang='lat' dir='ltr'><strong><em>patienter</em></strong></span> <span class='ocrx_word' id='word_1_563' title='bbox 1609 3576 1682 3635; x_wconf 82' lang='lat' dir='ltr'><strong><em>ferre</em></strong></span> <span class='ocrx_word' id='word_1_564' title='bbox 1708 3576 1843 3663; x_wconf 75' lang='lat' dir='ltr'><strong><em>exemplo¹¹</em></strong></span> 
     </span>
     <span class='ocr_line' id='line_1_40' title="bbox 146 3660 1845 3747; baseline 0.005 -27"><span class='ocrx_word' id='word_1_565' title='bbox 146 3667 244 3721; x_wconf 77' lang='lat' dir='ltr'><strong><em>menda</em></strong></span> <span class='ocrx_word' id='word_1_566' title='bbox 260 3664 355 3721; x_wconf 87' lang='lat' dir='ltr'><strong><em>oblata</em></strong></span> <span class='ocrx_word' id='word_1_567' title='bbox 371 3671 555 3736; x_wconf 86' lang='lat' dir='ltr'><strong><em>acceptamus,</em></strong></span> <span class='ocrx_word' id='word_1_568' title='bbox 578 3665 687 3737; x_wconf 87' lang='lat' dir='ltr'><strong><em>quade</em></strong></span> <span class='ocrx_word' id='word_1_569' title='bbox 706 3665 867 3722; x_wconf 86' lang='lat' dir='ltr'><strong><em>reinferius</em></strong></span> <span class='ocrx_word' id='word_1_570' title='bbox 885 3667 914 3723; x_wconf 90' lang='lat' dir='ltr'><strong><em>in</em></strong></span> <span class='ocrx_word' id='word_1_571' title='bbox 932 3686 976 3724; x_wconf 90' lang='lat' dir='ltr'><strong><em>ca·</em></strong></span> <span class='ocrx_word' id='word_1_572' title='bbox 1004 3660 1106 3716; x_wconf 64' lang='lat' dir='ltr'><strong><em>Christi</em></strong></span> <span class='ocrx_word' id='word_1_573' title='bbox 1129 3667 1252 3716; x_wconf 71' lang='lat' dir='ltr'><strong><em>¹10⁸tr8m</em></strong></span> <span class='ocrx_word' id='word_1_574' title='bbox 1278 3678 1403 3731; x_wconf 81' lang='lat' dir='ltr'><strong><em>crucem;</em></strong></span> <span class='ocrx_word' id='word_1_575' title='bbox 1429 3668 1453 3719; x_wconf 80' lang='lat'><strong><em>³·</em></strong></span> <span class='ocrx_word' id='word_1_576' title='bbox 1475 3670 1504 3718; x_wconf 72' lang='lat' dir='ltr'><strong><em>et</em></strong></span> <span class='ocrx_word' id='word_1_577' title='bbox 1529 3680 1690 3720; x_wconf 57' lang='lat' dir='ltr'><strong><em>tonitrum</em></strong></span> <span class='ocrx_word' id='word_1_578' title='bbox 1707 3662 1845 3747; x_wconf 66' lang='lat' dir='ltr'><strong><em>publltioe¹¹</em></strong></span> 
     </span>
     <span class='ocr_line' id='line_1_41' title="bbox 145 3746 1835 3824; baseline 0.002 -17"><span class='ocrx_word' id='word_1_579' title='bbox 145 3751 203 3823; x_wconf 87' lang='lat' dir='ltr'><strong><em>pits</em></strong></span> <span class='ocrx_word' id='word_1_580' title='bbox 233 3752 268 3808; x_wconf 89' lang='lat' dir='ltr'><strong><em>de</em></strong></span> <span class='ocrx_word' id='word_1_581' title='bbox 301 3752 427 3807; x_wconf 76' lang='lat' dir='ltr'><strong><em>salumn.</em></strong></span> <span class='ocrx_word' id='word_1_582' title='bbox 442 3769 476 3807; x_wconf 81' lang='lat' dir='ltr'><strong><em>ss</em></strong></span> <span class='ocrx_word' id='word_1_583' title='bbox 504 3750 598 3809; x_wconf 85' lang='lat' dir='ltr'><strong><em>debita</em></strong></span> <span class='ocrx_word' id='word_1_584' title='bbox 625 3752 836 3824; x_wconf 80' lang='lat' dir='ltr'><strong><em>praeparatione</em></strong></span> <span class='ocrx_word' id='word_1_585' title='bbox 863 3754 976 3812; x_wconf 84' lang='lat' dir='ltr'><strong><em>uberius</em></strong></span> <span class='ocrx_word' id='word_1_586' title='bbox 1002 3754 1098 3804; x_wconf 86' lang='lat' dir='ltr'><strong><em>coetus</em></strong></span> <span class='ocrx_word' id='word_1_587' title='bbox 1121 3746 1356 3819; x_wconf 80' lang='lat' dir='ltr'><strong><em>christianorum,</em></strong></span> <span class='ocrx_word' id='word_1_588' title='bbox 1383 3766 1501 3820; x_wconf 85' lang='lat' dir='ltr'><strong><em>quorum</em></strong></span> <span class='ocrx_word' id='word_1_589' title='bbox 1525 3750 1665 3806; x_wconf 81' lang='lat' dir='ltr'><strong><em>vinculum</em></strong></span> <span class='ocrx_word' id='word_1_590' title='bbox 1688 3760 1716 3808; x_wconf 85' lang='lat' dir='ltr'><strong><em>st</em></strong></span> <span class='ocrx_word' id='word_1_591' title='bbox 1735 3769 1835 3809; x_wconf 77' lang='lat' dir='ltr'><strong><em>nemus</em></strong></span> 
     </span>
     <span class='ocr_line' id='line_1_42' title="bbox 145 3826 1845 3912; baseline 0.007 -28"><span class='ocrx_word' id='word_1_592' title='bbox 145 3844 251 3912; x_wconf 63' lang='lat' dir='ltr'><strong><em>agetur,</em></strong></span> <span class='ocrx_word' id='word_1_593' title='bbox 1003 3841 1045 3890; x_wconf 88' lang='lat' dir='ltr'><strong><em>est</em></strong></span> <span class='ocrx_word' id='word_1_594' title='bbox 1063 3851 1159 3891; x_wconf 86' lang='lat' dir='ltr'><strong><em>sacrae</em></strong></span> <span class='ocrx_word' id='word_1_595' title='bbox 1177 3851 1279 3892; x_wconf 88' lang='lat' dir='ltr'><strong><em>coense</em></strong></span> <span class='ocrx_word' id='word_1_596' title='bbox 1297 3834 1461 3901; x_wconf 87' lang='lat' dir='ltr'><strong><em>celebratio,</em></strong></span> <span class='ocrx_word' id='word_1_597' title='bbox 1480 3837 1554 3894; x_wconf 89' lang='lat' dir='ltr'><strong><em>unda</em></strong></span> <span class='ocrx_word' id='word_1_598' title='bbox 1572 3837 1696 3893; x_wconf 85' lang='lat' dir='ltr'><strong><em>manavit</em></strong></span> <span class='ocrx_word' id='word_1_599' title='bbox 1711 3826 1845 3910; x_wconf 80' lang='lat' dir='ltr'><strong><em>appella·¹</em></strong></span> 
     </span>
     <span class='ocr_line' id='line_1_43' title="bbox 18 3921 1835 3994; baseline -0.001 -12"><span class='ocrx_word' id='word_1_600' title='bbox 18 3940 133 3982; x_wconf 71' lang='lat' dir='ltr'><strong><em>utetur·</em></strong></span> <span class='ocrx_word' id='word_1_601' title='bbox 180 3931 240 3983; x_wconf 77' lang='lat'>211.</span> <span class='ocrx_word' id='word_1_602' title='bbox 264 3925 347 3981; x_wconf 81' lang='lat' dir='ltr'><strong><em>Fines</em></strong></span> <span class='ocrx_word' id='word_1_603' title='bbox 373 3931 401 3979; x_wconf 90' lang='lat' dir='ltr'><strong><em>et</em></strong></span> <span class='ocrx_word' id='word_1_604' title='bbox 420 3921 527 3978; x_wconf 83' lang='lat' dir='ltr'><strong><em>fructus</em></strong></span> <span class='ocrx_word' id='word_1_605' title='bbox 545 3941 640 3979; x_wconf 86' lang='lat' dir='ltr'><strong><em>sacrae</em></strong></span> <span class='ocrx_word' id='word_1_606' title='bbox 659 3940 761 3980; x_wconf 89' lang='lat' dir='ltr'><strong><em>coenae</em></strong></span> <span class='ocrx_word' id='word_1_607' title='bbox 780 3931 844 3981; x_wconf 92' lang='lat' dir='ltr'><strong><em>snnt</em></strong></span> <span class='ocrx_word' id='word_1_608' title='bbox 863 3944 976 3984; x_wconf 88' lang='lat' dir='ltr'><strong><em>numero</em></strong></span> <span class='ocrx_word' id='word_1_609' title='bbox 1002 3924 1041 3979; x_wconf 90' lang='lat' dir='ltr'><strong><em>tio</em></strong></span> <span class='ocrx_word' id='word_1_610' title='bbox 1066 3922 1221 3989; x_wconf 62' lang='lat' dir='ltr'><strong><em>auritum,-</em></strong></span> <span class='ocrx_word' id='word_1_611' title='bbox 1255 3930 1279 3979; x_wconf 80' lang='grc'><strong><em>4.</em></strong></span> <span class='ocrx_word' id='word_1_612' title='bbox 1308 3929 1336 3978; x_wconf 89' lang='lat' dir='ltr'><strong><em>et</em></strong></span> <span class='ocrx_word' id='word_1_613' title='bbox 1363 3940 1460 3979; x_wconf 89' lang='lat' dir='ltr'><strong><em>ornare</em></strong></span> <span class='ocrx_word' id='word_1_614' title='bbox 1488 3930 1610 3979; x_wconf 74' lang='lat' dir='ltr'><strong><em>nonnam</em></strong></span> <span class='ocrx_word' id='word_1_615' title='bbox 1637 3923 1835 3994; x_wconf 82' lang='lat' dir='ltr'><strong><em>professionem</em></strong></span> 
     </span>
     <span class='ocr_line' id='line_1_44' title="bbox 18 3993 1835 4085; baseline -0.001 -18"><span class='ocrx_word' id='word_1_616' title='bbox 18 3998 89 4085; x_wconf 56' lang='lat' dir='ltr'><strong><em>{32ss</em></strong></span> <span class='ocrx_word' id='word_1_617' title='bbox 106 3993 134 4031; x_wconf 70' lang='lat'><strong><em>‘¹‘</em></strong></span> <span class='ocrx_word' id='word_1_618' title='bbox 146 4011 273 4083; x_wconf 87' lang='lat' dir='ltr'><strong><em>plurimi,</em></strong></span> <span class='ocrx_word' id='word_1_619' title='bbox 291 4011 411 4066; x_wconf 86' lang='lat' dir='ltr'><strong><em>utilitate</em></strong></span> <span class='ocrx_word' id='word_1_620' title='bbox 427 4010 546 4081; x_wconf 84' lang='lat' dir='ltr'><strong><em>maximi,</em></strong></span> <span class='ocrx_word' id='word_1_621' title='bbox 564 4010 686 4083; x_wconf 89' lang='lat' dir='ltr'><strong><em>pondere</em></strong></span> <span class='ocrx_word' id='word_1_622' title='bbox 706 4011 870 4083; x_wconf 77' lang='lat' dir='ltr'><strong><em>gravissimi.</em></strong></span> <span class='ocrx_word' id='word_1_623' title='bbox 906 4012 976 4070; x_wconf 90' lang='lat' dir='ltr'><strong><em>Cum</em></strong></span> <span class='ocrx_word' id='word_1_624' title='bbox 1001 4011 1075 4065; x_wconf 86' lang='lat' dir='ltr'><strong><em>vitae</em></strong></span> <span class='ocrx_word' id='word_1_625' title='bbox 1109 4009 1276 4081; x_wconf 86' lang='lat' dir='ltr'><strong><em>integritate.</em></strong></span> <span class='ocrx_word' id='word_1_626' title='bbox 1330 4008 1469 4081; x_wconf 90' lang='lat' dir='ltr'><strong><em>Respectu</em></strong></span> <span class='ocrx_word' id='word_1_627' title='bbox 1501 4010 1640 4066; x_wconf 90' lang='lat' dir='ltr'><strong><em>hominum</em></strong></span> <span class='ocrx_word' id='word_1_628' title='bbox 1669 4008 1737 4066; x_wconf 87' lang='lat' dir='ltr'><strong><em>fines</em></strong></span> <span class='ocrx_word' id='word_1_629' title='bbox 1768 4002 1835 4067; x_wconf 84' lang='lat' dir='ltr'><strong><em>sunt</em></strong></span> 
     </span>
     <span class='ocr_line' id='line_1_45' title="bbox 17 4096 1836 4188; baseline -0.001 -33"><span class='ocrx_word' id='word_1_630' title='bbox 17 4097 93 4188; x_wconf 46' lang='lat' dir='ltr'><strong><em>22¹2ss</em></strong></span> <span class='ocrx_word' id='word_1_631' title='bbox 147 4099 220 4155; x_wconf 88' lang='lat' dir='ltr'><strong><em>enim</em></strong></span> <span class='ocrx_word' id='word_1_632' title='bbox 244 4099 330 4170; x_wconf 89' lang='lat' dir='ltr'><strong><em>ipsius</em></strong></span> <span class='ocrx_word' id='word_1_633' title='bbox 354 4098 419 4153; x_wconf 81' lang='lat' dir='ltr'><strong><em>Filii</em></strong></span> <span class='ocrx_word' id='word_1_634' title='bbox 438 4099 491 4156; x_wconf 89' lang='lat' dir='ltr'><strong><em>Dei</em></strong></span> <span class='ocrx_word' id='word_1_635' title='bbox 515 4099 657 4170; x_wconf 88' lang='lat' dir='ltr'><strong><em>proprium</em></strong></span> <span class='ocrx_word' id='word_1_636' title='bbox 680 4116 781 4171; x_wconf 88' lang='lat' dir='ltr'><strong><em>corpus</em></strong></span> <span class='ocrx_word' id='word_1_637' title='bbox 805 4100 834 4154; x_wconf 93' lang='lat' dir='ltr'><strong><em>in</em></strong></span> <span class='ocrx_word' id='word_1_638' title='bbox 861 4110 976 4157; x_wconf 88' lang='lat' dir='ltr'><strong><em>mortem</em></strong></span> <span class='ocrx_word' id='word_1_639' title='bbox 1003 4098 1141 4170; x_wconf 89' lang='lat' dir='ltr'><strong><em>duplices,</em></strong></span> <span class='ocrx_word' id='word_1_640' title='bbox 1164 4104 1215 4152; x_wconf 88' lang='lat' dir='ltr'><strong><em>aut</em></strong></span> <span class='ocrx_word' id='word_1_641' title='bbox 1233 4098 1304 4153; x_wconf 90' lang='lat' dir='ltr'><strong><em>enim</em></strong></span> <span class='ocrx_word' id='word_1_642' title='bbox 1324 4096 1481 4152; x_wconf 84' lang='lat' dir='ltr'><strong><em>referuntur</em></strong></span> <span class='ocrx_word' id='word_1_643' title='bbox 1501 4098 1538 4152; x_wconf 88' lang='lat' dir='ltr'><strong><em>ad</em></strong></span> <span class='ocrx_word' id='word_1_644' title='bbox 1556 4114 1605 4153; x_wconf 88' lang='lat' dir='ltr'><strong><em>nos</em></strong></span> <span class='ocrx_word' id='word_1_645' title='bbox 1623 4096 1709 4169; x_wconf 90' lang='lat' dir='ltr'><strong><em>ipsos,</em></strong></span> <span class='ocrx_word' id='word_1_646' title='bbox 1730 4103 1779 4153; x_wconf 88' lang='lat' dir='ltr'><strong><em>aut</em></strong></span> <span class='ocrx_word' id='word_1_647' title='bbox 1795 4096 1836 4177; x_wconf 80' lang='lat' dir='ltr'><strong><em>etl¹</em></strong></span> 
     </span>
     <span class='ocr_line' id='line_1_46' title="bbox 17 4183 1833 4258; baseline 0.001 -19"><span class='ocrx_word' id='word_1_648' title='bbox 17 4201 98 4242; x_wconf 74' lang='lat' dir='ltr'><strong><em>nene.</em></strong></span> <span class='ocrx_word' id='word_1_649' title='bbox 145 4203 196 4257; x_wconf 89' lang='lat' dir='ltr'><strong><em>pro</em></strong></span> <span class='ocrx_word' id='word_1_650' title='bbox 224 4185 304 4240; x_wconf 91' lang='lat' dir='ltr'><strong><em>nobis</em></strong></span> <span class='ocrx_word' id='word_1_651' title='bbox 335 4184 468 4240; x_wconf 89' lang='lat' dir='ltr'><strong><em>traditum</em></strong></span> <span class='ocrx_word' id='word_1_652' title='bbox 489 4193 517 4241; x_wconf 88' lang='lat' dir='ltr'><strong><em>et</em></strong></span> <span class='ocrx_word' id='word_1_653' title='bbox 539 4185 624 4257; x_wconf 91' lang='lat' dir='ltr'><strong><em>ipsius</em></strong></span> <span class='ocrx_word' id='word_1_654' title='bbox 646 4185 788 4257; x_wconf 89' lang='lat' dir='ltr'><strong><em>proprium</em></strong></span> <span class='ocrx_word' id='word_1_655' title='bbox 813 4187 974 4258; x_wconf 80' lang='lat' dir='ltr'><strong><em>sauguinem</em></strong></span> <span class='ocrx_word' id='word_1_656' title='bbox 1000 4188 1162 4257; x_wconf 83' lang='lat' dir='ltr'><strong><em>proximum.</em></strong></span> <span class='ocrx_word' id='word_1_657' title='bbox 1197 4183 1336 4255; x_wconf 88' lang='lat' dir='ltr'><strong><em>Respectu</em></strong></span> <span class='ocrx_word' id='word_1_658' title='bbox 1362 4184 1465 4238; x_wconf 86' lang='lat' dir='ltr'><strong><em>nostri:</em></strong></span> <span class='ocrx_word' id='word_1_659' title='bbox 1491 4191 1513 4240; x_wconf 88' lang='lat'><strong><em>1.</em></strong></span> <span class='ocrx_word' id='word_1_660' title='bbox 1538 4192 1581 4240; x_wconf 87' lang='lat' dir='ltr'><strong><em>est</em></strong></span> <span class='ocrx_word' id='word_1_661' title='bbox 1603 4183 1753 4256; x_wconf 87' lang='lat' dir='ltr'><strong><em>applicatio</em></strong></span> <span class='ocrx_word' id='word_1_662' title='bbox 1775 4203 1833 4241; x_wconf 89' lang='lat' dir='ltr'><strong><em>om·</em></strong></span> 
     </span>
     <span class='ocr_line' id='line_1_47' title="bbox 145 4269 1930 4345; baseline 0.001 -19"><span class='ocrx_word' id='word_1_663' title='bbox 145 4272 174 4326; x_wconf 89' lang='lat' dir='ltr'><strong><em>in</em></strong></span> <span class='ocrx_word' id='word_1_664' title='bbox 202 4288 252 4326; x_wconf 88' lang='lat' dir='ltr'><strong><em>ara</em></strong></span> <span class='ocrx_word' id='word_1_665' title='bbox 274 4272 363 4326; x_wconf 90' lang='lat' dir='ltr'><strong><em>crucis</em></strong></span> <span class='ocrx_word' id='word_1_666' title='bbox 382 4288 432 4344; x_wconf 89' lang='lat' dir='ltr'><strong><em>pro</em></strong></span> <span class='ocrx_word' id='word_1_667' title='bbox 452 4273 573 4343; x_wconf 88' lang='lat' dir='ltr'><strong><em>peccatis</em></strong></span> <span class='ocrx_word' id='word_1_668' title='bbox 593 4272 693 4326; x_wconf 89' lang='lat' dir='ltr'><strong><em>nostris</em></strong></span> <span class='ocrx_word' id='word_1_669' title='bbox 713 4270 831 4328; x_wconf 85' lang='lat' dir='ltr'><strong><em>effusum</em></strong></span> <span class='ocrx_word' id='word_1_670' title='bbox 850 4273 879 4326; x_wconf 91' lang='lat' dir='ltr'><strong><em>in</em></strong></span> <span class='ocrx_word' id='word_1_671' title='bbox 897 4292 976 4329; x_wconf 85' lang='lat' dir='ltr'><strong><em>sacra</em></strong></span> <span class='ocrx_word' id='word_1_672' title='bbox 1000 4274 1077 4328; x_wconf 89' lang='lat' dir='ltr'><strong><em>nium</em></strong></span> <span class='ocrx_word' id='word_1_673' title='bbox 1100 4271 1296 4327; x_wconf 85' lang='lat' dir='ltr'><strong><em>beneficiorum</em></strong></span> <span class='ocrx_word' id='word_1_674' title='bbox 1319 4269 1434 4341; x_wconf 82' lang='lat' dir='ltr'><strong><em>Christi3</em></strong></span> <span class='ocrx_word' id='word_1_675' title='bbox 1467 4277 1492 4328; x_wconf 82' lang='lat'><strong><em>2.</em></strong></span> <span class='ocrx_word' id='word_1_676' title='bbox 1512 4271 1669 4345; x_wconf 84' lang='lat' dir='ltr'><strong><em>obsignatio</em></strong></span> <span class='ocrx_word' id='word_1_677' title='bbox 1689 4279 1718 4329; x_wconf 88' lang='lat' dir='ltr'><strong><em>et</em></strong></span> <span class='ocrx_word' id='word_1_678' title='bbox 1736 4272 1872 4329; x_wconf 85' lang='lat' dir='ltr'><strong><em>confir-x.</em></strong></span> <span class='ocrx_word' id='word_1_679' title='bbox 1885 4282 1930 4327; x_wconf 63' lang='lat' dir='ltr'><strong><em>aa</em></strong></span> 
     </span>
     <span class='ocr_line' id='line_1_48' title="bbox 145 4356 1842 4437; baseline 0.002 -24"><span class='ocrx_word' id='word_1_680' title='bbox 145 4374 232 4413; x_wconf 88' lang='lat' dir='ltr'><strong><em>coena</em></strong></span> <span class='ocrx_word' id='word_1_681' title='bbox 249 4358 428 4428; x_wconf 84' lang='lat' dir='ltr'><strong><em>accipiamus,</em></strong></span> <span class='ocrx_word' id='word_1_682' title='bbox 445 4375 477 4413; x_wconf 88' lang='lat' dir='ltr'><strong><em>er</em></strong></span> <span class='ocrx_word' id='word_1_683' title='bbox 497 4376 529 4415; x_wconf 90' lang='lat' dir='ltr'><strong><em>eo</em></strong></span> <span class='ocrx_word' id='word_1_684' title='bbox 548 4358 630 4415; x_wconf 82' lang='lat' dir='ltr'><strong><em>facile</em></strong></span> <span class='ocrx_word' id='word_1_685' title='bbox 646 4364 770 4430; x_wconf 89' lang='lat' dir='ltr'><strong><em>apparet,</em></strong></span> <span class='ocrx_word' id='word_1_686' title='bbox 788 4360 880 4414; x_wconf 88' lang='lat' dir='ltr'><strong><em>omnia</em></strong></span> <span class='ocrx_word' id='word_1_687' title='bbox 892 4378 974 4431; x_wconf 89' lang='lat' dir='ltr'><strong><em>quae·</em></strong></span> <span class='ocrx_word' id='word_1_688' title='bbox 1001 4361 1084 4415; x_wconf 89' lang='lat' dir='ltr'><strong><em>matio</em></strong></span> <span class='ocrx_word' id='word_1_689' title='bbox 1103 4359 1180 4427; x_wconf 65' lang='lat' dir='ltr'><strong><em>fideiq</em></strong></span> <span class='ocrx_word' id='word_1_690' title='bbox 1198 4363 1221 4415; x_wconf 87' lang='grc'><strong><em>3.</em></strong></span> <span class='ocrx_word' id='word_1_691' title='bbox 1240 4356 1333 4413; x_wconf 92' lang='lat' dir='ltr'><strong><em>insitio</em></strong></span> <span class='ocrx_word' id='word_1_692' title='bbox 1351 4357 1380 4411; x_wconf 89' lang='lat' dir='ltr'><strong><em>in</em></strong></span> <span class='ocrx_word' id='word_1_693' title='bbox 1400 4373 1501 4430; x_wconf 90' lang='lat' dir='ltr'><strong><em>corpus</em></strong></span> <span class='ocrx_word' id='word_1_694' title='bbox 1519 4356 1635 4430; x_wconf 86' lang='lat' dir='ltr'><strong><em>Christi;</em></strong></span> <span class='ocrx_word' id='word_1_695' title='bbox 1654 4367 1677 4416; x_wconf 82' lang='lat' dir='ltr'><strong><em>l.</em></strong></span> <span class='ocrx_word' id='word_1_696' title='bbox 1695 4359 1842 4437; x_wconf 31' lang='lat' dir='ltr'><strong><em>inhabita,¹</em></strong></span> 
     </span>
     <span class='ocr_line' id='line_1_49' title="bbox 144 4442 1833 4516; baseline 0.001 -17"><span class='ocrx_word' id='word_1_697' title='bbox 144 4460 254 4516; x_wconf 91' lang='lat' dir='ltr'><strong><em>cunque</em></strong></span> <span class='ocrx_word' id='word_1_698' title='bbox 285 4442 410 4499; x_wconf 79' lang='lat' dir='ltr'><strong><em>Christus</em></strong></span> <span class='ocrx_word' id='word_1_699' title='bbox 441 4444 588 4500; x_wconf 86' lang='lat' dir='ltr'><strong><em>traditione</em></strong></span> <span class='ocrx_word' id='word_1_700' title='bbox 613 4445 655 4498; x_wconf 90' lang='lat' dir='ltr'><strong><em>sui</em></strong></span> <span class='ocrx_word' id='word_1_701' title='bbox 681 4445 803 4516; x_wconf 86' lang='lat' dir='ltr'><strong><em>corporis</em></strong></span> <span class='ocrx_word' id='word_1_702' title='bbox 828 4452 856 4500; x_wconf 91' lang='lat' dir='ltr'><strong><em>et</em></strong></span> <span class='ocrx_word' id='word_1_703' title='bbox 883 4444 974 4500; x_wconf 85' lang='lat' dir='ltr'><strong><em>effusi·</em></strong></span> <span class='ocrx_word' id='word_1_704' title='bbox 1000 4446 1038 4501; x_wconf 88' lang='lat' dir='ltr'><strong><em>tio</em></strong></span> <span class='ocrx_word' id='word_1_705' title='bbox 1055 4444 1157 4500; x_wconf 84' lang='lat' dir='ltr'><strong><em>Christi</em></strong></span> <span class='ocrx_word' id='word_1_706' title='bbox 1171 4444 1200 4499; x_wconf 92' lang='lat' dir='ltr'><strong><em>in</em></strong></span> <span class='ocrx_word' id='word_1_707' title='bbox 1213 4442 1306 4514; x_wconf 72' lang='lat' dir='ltr'><strong><em>nobis,</em></strong></span> <span class='ocrx_word' id='word_1_708' title='bbox 1327 4451 1350 4500; x_wconf 81' lang='lat'><strong><em>5.</em></strong></span> <span class='ocrx_word' id='word_1_709' title='bbox 1363 4451 1467 4500; x_wconf 88' lang='lat' dir='ltr'><strong><em>tessera</em></strong></span> <span class='ocrx_word' id='word_1_710' title='bbox 1479 4445 1686 4502; x_wconf 87' lang='lat' dir='ltr'><strong><em>resurrectionis</em></strong></span> <span class='ocrx_word' id='word_1_711' title='bbox 1700 4446 1736 4500; x_wconf 86' lang='lat' dir='ltr'><strong><em>ad</em></strong></span> <span class='ocrx_word' id='word_1_712' title='bbox 1748 4446 1833 4501; x_wconf 80' lang='lat' dir='ltr'><strong><em>vitam</em></strong></span> 
     </span>
     <span class='ocr_line' id='line_1_50' title="bbox 146 4529 1832 4603; baseline 0.001 -17"><span class='ocrx_word' id='word_1_713' title='bbox 146 4548 198 4587; x_wconf 87' lang='lat' dir='ltr'><strong><em>one</em></strong></span> <span class='ocrx_word' id='word_1_714' title='bbox 217 4529 259 4585; x_wconf 89' lang='lat' dir='ltr'><strong><em>sui</em></strong></span> <span class='ocrx_word' id='word_1_715' title='bbox 279 4530 421 4602; x_wconf 83' lang='lat' dir='ltr'><strong><em>sauguinis</em></strong></span> <span class='ocrx_word' id='word_1_716' title='bbox 440 4533 601 4601; x_wconf 84' lang='lat' dir='ltr'><strong><em>promeruit,</em></strong></span> <span class='ocrx_word' id='word_1_717' title='bbox 618 4532 647 4586; x_wconf 90' lang='lat' dir='ltr'><strong><em>in</em></strong></span> <span class='ocrx_word' id='word_1_718' title='bbox 659 4532 775 4587; x_wconf 87' lang='lat' dir='ltr'><strong><em>salutari</em></strong></span> <span class='ocrx_word' id='word_1_719' title='bbox 787 4533 870 4602; x_wconf 88' lang='lat' dir='ltr'><strong><em>hujus</em></strong></span> <span class='ocrx_word' id='word_1_720' title='bbox 884 4550 974 4587; x_wconf 87' lang='lat' dir='ltr'><strong><em>sacra·</em></strong></span> <span class='ocrx_word' id='word_1_721' title='bbox 1000 4538 1148 4586; x_wconf 87' lang='lat' dir='ltr'><strong><em>aeternam.</em></strong></span> <span class='ocrx_word' id='word_1_722' title='bbox 1184 4529 1323 4603; x_wconf 84' lang='lat' dir='ltr'><strong><em>Respectu</em></strong></span> <span class='ocrx_word' id='word_1_723' title='bbox 1350 4530 1470 4602; x_wconf 89' lang='lat' dir='ltr'><strong><em>proximi</em></strong></span> <span class='ocrx_word' id='word_1_724' title='bbox 1495 4529 1558 4585; x_wconf 92' lang='lat' dir='ltr'><strong><em>finis</em></strong></span> <span class='ocrx_word' id='word_1_725' title='bbox 1584 4537 1626 4587; x_wconf 89' lang='lat' dir='ltr'><strong><em>est</em></strong></span> <span class='ocrx_word' id='word_1_726' title='bbox 1645 4539 1704 4586; x_wconf 74' lang='lat' dir='ltr'><strong><em>urm</em></strong></span> <span class='ocrx_word' id='word_1_727' title='bbox 1722 4532 1751 4586; x_wconf 88' lang='lat' dir='ltr'><strong><em>in</em></strong></span> <span class='ocrx_word' id='word_1_728' title='bbox 1768 4530 1832 4588; x_wconf 81' lang='lat' dir='ltr'><strong><em>con·</em></strong></span> 
     </span>
     <span class='ocr_line' id='line_1_51' title="bbox 145 4615 1834 4697; baseline 0.001 -25"><span class='ocrx_word' id='word_1_729' title='bbox 145 4617 231 4673; x_wconf 88' lang='lat' dir='ltr'><strong><em>menti</em></strong></span> <span class='ocrx_word' id='word_1_730' title='bbox 258 4635 309 4671; x_wconf 90' lang='lat' dir='ltr'><strong><em>usu</em></strong></span> <span class='ocrx_word' id='word_1_731' title='bbox 336 4617 415 4672; x_wconf 90' lang='lat' dir='ltr'><strong><em>nobis</em></strong></span> <span class='ocrx_word' id='word_1_732' title='bbox 442 4615 591 4686; x_wconf 86' lang='lat' dir='ltr'><strong><em>applicari,</em></strong></span> <span class='ocrx_word' id='word_1_733' title='bbox 625 4619 743 4674; x_wconf 86' lang='lat' dir='ltr'><strong><em>conferri</em></strong></span> <span class='ocrx_word' id='word_1_734' title='bbox 771 4624 800 4674; x_wconf 90' lang='lat' dir='ltr'><strong><em>et</em></strong></span> <span class='ocrx_word' id='word_1_735' title='bbox 826 4617 974 4690; x_wconf 79' lang='lat' dir='ltr'><strong><em>obsignari,</em></strong></span> <span class='ocrx_word' id='word_1_736' title='bbox 999 4617 1132 4687; x_wconf 86' lang='lat' dir='ltr'><strong><em>fassione,</em></strong></span> <span class='ocrx_word' id='word_1_737' title='bbox 1157 4623 1214 4671; x_wconf 87' lang='lat' dir='ltr'><strong><em>tum</em></strong></span> <span class='ocrx_word' id='word_1_738' title='bbox 1241 4617 1270 4671; x_wconf 90' lang='lat' dir='ltr'><strong><em>in</em></strong></span> <span class='ocrx_word' id='word_1_739' title='bbox 1288 4617 1418 4688; x_wconf 88' lang='lat' dir='ltr'><strong><em>operibus</em></strong></span> <span class='ocrx_word' id='word_1_740' title='bbox 1436 4616 1568 4673; x_wconf 73' lang='lat' dir='ltr'><strong><em>canatis.</em></strong></span> <span class='ocrx_word' id='word_1_741' title='bbox 1604 4616 1638 4672; x_wconf 91' lang='lat' dir='ltr'><strong><em>In</em></strong></span> <span class='ocrx_word' id='word_1_742' title='bbox 1656 4618 1834 4697; x_wconf 76' lang='lat' dir='ltr'><strong><em>confessione,</em></strong></span> 
     </span>
     <span class='ocr_line' id='line_1_52' title="bbox 147 4700 1834 4781; baseline -0.001 -22"><span class='ocrx_word' id='word_1_743' title='bbox 147 4704 221 4760; x_wconf 87' lang='lat' dir='ltr'><strong><em>unde</em></strong></span> <span class='ocrx_word' id='word_1_744' title='bbox 241 4703 451 4775; x_wconf 78' lang='lat' dir='ltr'><strong><em>chrysostomus</em></strong></span> <span class='ocrx_word' id='word_1_745' title='bbox 476 4700 540 4756; x_wconf 91' lang='lat' dir='ltr'><strong><em>hom</em></strong></span> <span class='ocrx_word' id='word_1_746' title='bbox 560 4706 600 4758; x_wconf 83' lang='lat'><strong><em>8³.</em></strong></span> <span class='ocrx_word' id='word_1_747' title='bbox 627 4705 656 4758; x_wconf 90' lang='lat' dir='ltr'><strong><em>in</em></strong></span> <span class='ocrx_word' id='word_1_748' title='bbox 673 4703 771 4760; x_wconf 88' lang='lat' dir='ltr'><strong><em>Matth.</em></strong></span> <span class='ocrx_word' id='word_1_749' title='bbox 790 4721 896 4759; x_wconf 85' lang='lat' dir='ltr'><strong><em>sacram</em></strong></span> <span class='ocrx_word' id='word_1_750' title='bbox 914 4722 975 4761; x_wconf 91' lang='lat' dir='ltr'><strong><em>coc·</em></strong></span> <span class='ocrx_word' id='word_1_751' title='bbox 1001 4705 1066 4758; x_wconf 89' lang='lat' dir='ltr'><strong><em>dum</em></strong></span> <span class='ocrx_word' id='word_1_752' title='bbox 1084 4722 1136 4758; x_wconf 90' lang='lat' dir='ltr'><strong><em>usu</em></strong></span> <span class='ocrx_word' id='word_1_753' title='bbox 1154 4704 1336 4760; x_wconf 88' lang='lat' dir='ltr'><strong><em>eucharistiae</em></strong></span> <span class='ocrx_word' id='word_1_754' title='bbox 1354 4704 1489 4759; x_wconf 85' lang='lat' dir='ltr'><strong><em>fatemur:</em></strong></span> <span class='ocrx_word' id='word_1_755' title='bbox 1510 4711 1532 4761; x_wconf 89' lang='lat' dir='ltr'><strong><em>i.</em></strong></span> <span class='ocrx_word' id='word_1_756' title='bbox 1551 4721 1602 4758; x_wconf 90' lang='lat' dir='ltr'><strong><em>nos</em></strong></span> <span class='ocrx_word' id='word_1_757' title='bbox 1619 4704 1741 4774; x_wconf 90' lang='lat' dir='ltr'><strong><em>peccatis</em></strong></span> <span class='ocrx_word' id='word_1_758' title='bbox 1755 4702 1834 4781; x_wconf 72' lang='lat' dir='ltr'><strong><em>agni·</em></strong></span> 
     </span>
     <span class='ocr_line' id='line_1_53' title="bbox 145 4789 1833 4867; baseline 0.001 -21"><span class='ocrx_word' id='word_1_759' title='bbox 145 4808 209 4846; x_wconf 90' lang='lat' dir='ltr'><strong><em>uam</em></strong></span> <span class='ocrx_word' id='word_1_760' title='bbox 234 4798 315 4846; x_wconf 85' lang='lat' dir='ltr'><strong><em>vocat</em></strong></span> <span class='ocrx_word' id='word_1_761' title='bbox 337 4798 421 4860; x_wconf 87' lang='lat' dir='ltr'><strong><em>caput</em></strong></span> <span class='ocrx_word' id='word_1_762' title='bbox 447 4789 579 4842; x_wconf 88' lang='lat' dir='ltr'><strong><em>bonorum</em></strong></span> <span class='ocrx_word' id='word_1_763' title='bbox 602 4791 741 4859; x_wconf 87' lang='lat' dir='ltr'><strong><em>omnium;</em></strong></span> <span class='ocrx_word' id='word_1_764' title='bbox 766 4791 928 4848; x_wconf 81' lang='lat' dir='ltr'><strong><em>Ambrosius</em></strong></span> <span class='ocrx_word' id='word_1_765' title='bbox 946 4792 974 4847; x_wconf 93' lang='lat' dir='ltr'><strong><em>in</em></strong></span> <span class='ocrx_word' id='word_1_766' title='bbox 1000 4792 1035 4846; x_wconf 88' lang='lat' dir='ltr'><strong><em>tis</em></strong></span> <span class='ocrx_word' id='word_1_767' title='bbox 1055 4809 1137 4863; x_wconf 84' lang='lat' dir='ltr'><strong><em>agere</em></strong></span> <span class='ocrx_word' id='word_1_768' title='bbox 1157 4792 1356 4863; x_wconf 86' lang='lat' dir='ltr'><strong><em>poenitentiam</em></strong></span> <span class='ocrx_word' id='word_1_769' title='bbox 1375 4797 1403 4847; x_wconf 89' lang='lat' dir='ltr'><strong><em>et</em></strong></span> <span class='ocrx_word' id='word_1_770' title='bbox 1422 4792 1451 4846; x_wconf 90' lang='lat' dir='ltr'><strong><em>iu</em></strong></span> <span class='ocrx_word' id='word_1_771' title='bbox 1467 4789 1576 4847; x_wconf 82' lang='lat' dir='ltr'><strong><em>Christo</em></strong></span> <span class='ocrx_word' id='word_1_772' title='bbox 1596 4806 1728 4862; x_wconf 86' lang='lat' dir='ltr'><strong><em>quaerere</em></strong></span> <span class='ocrx_word' id='word_1_773' title='bbox 1739 4790 1833 4867; x_wconf 80' lang='lat' dir='ltr'><strong><em>remis·</em></strong></span> 
     </span>
     <span class='ocr_line' id='line_1_54' title="bbox 148 4875 1834 4950; baseline -0.002 -17"><span class='ocrx_word' id='word_1_774' title='bbox 148 4883 169 4933; x_wconf 88' lang='lat' dir='ltr'><strong><em>l.</em></strong></span> <span class='ocrx_word' id='word_1_775' title='bbox 188 4875 249 4932; x_wconf 82' lang='lat' dir='ltr'><strong><em>Cor.</em></strong></span> <span class='ocrx_word' id='word_1_776' title='bbox 270 4882 308 4933; x_wconf 88' lang='lat' dir='ltr'><strong><em>ii.</em></strong></span> <span class='ocrx_word' id='word_1_777' title='bbox 328 4876 452 4948; x_wconf 84' lang='lat' dir='ltr'><strong><em>appellat</em></strong></span> <span class='ocrx_word' id='word_1_778' title='bbox 471 4875 645 4944; x_wconf 77' lang='lat' dir='ltr'><strong><em>spiritualem</em></strong></span> <span class='ocrx_word' id='word_1_779' title='bbox 657 4878 826 4932; x_wconf 88' lang='lat' dir='ltr'><strong><em>medicinam</em></strong></span> <span class='ocrx_word' id='word_1_780' title='bbox 831 4900 843 4943; x_wconf 89' lang='lat'><strong><em>,·</em></strong></span> <span class='ocrx_word' id='word_1_781' title='bbox 860 4877 974 4948; x_wconf 89' lang='lat' dir='ltr'><strong><em>Cypria·</em></strong></span> <span class='ocrx_word' id='word_1_782' title='bbox 1000 4878 1104 4933; x_wconf 90' lang='lat' dir='ltr'><strong><em>sionem</em></strong></span> <span class='ocrx_word' id='word_1_783' title='bbox 1121 4883 1316 4950; x_wconf 67' lang='lat' dir='ltr'><strong><em>peccatorum</em></strong></span> <span class='ocrx_word' id='word_1_784' title='bbox 1338 4877 1598 4935; x_wconf 65' lang='lat' dir='ltr'><strong><em>trundenensis</em></strong></span> <span class='ocrx_word' id='word_1_785' title='bbox 1610 4876 1746 4932; x_wconf 86' lang='lat' dir='ltr'><strong><em>estetiam</em></strong></span> <span class='ocrx_word' id='word_1_786' title='bbox 1760 4893 1834 4949; x_wconf 75' lang='lat' dir='ltr'><strong><em>syru-</em></strong></span> 
     </span>
     <span class='ocr_line' id='line_1_55' title="bbox 146 4960 1834 5035; baseline 0.001 -18"><span class='ocrx_word' id='word_1_787' title='bbox 146 4981 197 5018; x_wconf 87' lang='lat' dir='ltr'><strong><em>nns</em></strong></span> <span class='ocrx_word' id='word_1_788' title='bbox 215 4980 295 5019; x_wconf 89' lang='lat' dir='ltr'><strong><em>serm.</em></strong></span> <span class='ocrx_word' id='word_1_789' title='bbox 315 4962 350 5018; x_wconf 90' lang='lat' dir='ltr'><strong><em>de</em></strong></span> <span class='ocrx_word' id='word_1_790' title='bbox 368 4978 454 5017; x_wconf 85' lang='lat' dir='ltr'><strong><em>coena</em></strong></span> <span class='ocrx_word' id='word_1_791' title='bbox 471 4978 525 5016; x_wconf 88' lang='lat' dir='ltr'><strong><em>nou</em></strong></span> <span class='ocrx_word' id='word_1_792' title='bbox 542 4960 625 5032; x_wconf 79' lang='lat' dir='ltr'><strong><em>louge</em></strong></span> <span class='ocrx_word' id='word_1_793' title='bbox 641 4978 659 5016; x_wconf 89' lang='lat' dir='ltr'><strong><em>a</em></strong></span> <span class='ocrx_word' id='word_1_794' title='bbox 677 4964 827 5035; x_wconf 87' lang='lat' dir='ltr'><strong><em>principio:</em></strong></span> <span class='ocrx_word' id='word_1_795' title='bbox 843 4964 935 5018; x_wconf 85' lang='lat' dir='ltr'><strong><em>Panis</em></strong></span> <span class='ocrx_word' id='word_1_796' title='bbox 949 4972 974 5018; x_wconf 90' lang='lat' dir='ltr'><strong><em>et</em></strong></span> <span class='ocrx_word' id='word_1_797' title='bbox 1000 4965 1093 5020; x_wconf 91' lang='lat' dir='ltr'><strong><em>bolum</em></strong></span> <span class='ocrx_word' id='word_1_798' title='bbox 1122 4963 1292 5034; x_wconf 88' lang='lat' dir='ltr'><strong><em>approbatae</em></strong></span> <span class='ocrx_word' id='word_1_799' title='bbox 1316 4981 1332 5019; x_wconf 90' lang='lat' dir='ltr'><strong><em>a</em></strong></span> <span class='ocrx_word' id='word_1_800' title='bbox 1355 4963 1435 5019; x_wconf 90' lang='lat' dir='ltr'><strong><em>nobis</em></strong></span> <span class='ocrx_word' id='word_1_801' title='bbox 1459 4962 1610 5019; x_wconf 88' lang='lat' dir='ltr'><strong><em>doctrinae.</em></strong></span> <span class='ocrx_word' id='word_1_802' title='bbox 1648 4961 1681 5017; x_wconf 94' lang='lat' dir='ltr'><strong><em>In</em></strong></span> <span class='ocrx_word' id='word_1_803' title='bbox 1704 4962 1834 5035; x_wconf 87' lang='lat' dir='ltr'><strong><em>operibus</em></strong></span> 
     </span>
     <span class='ocr_line' id='line_1_56' title="bbox 144 5048 1833 5120; baseline 0.001 -15"><span class='ocrx_word' id='word_1_804' title='bbox 144 5051 221 5105; x_wconf 81' lang='lat' dir='ltr'><strong><em>calis</em></strong></span> <span class='ocrx_word' id='word_1_805' title='bbox 249 5051 437 5104; x_wconf 86' lang='lat' dir='ltr'><strong><em>benedictione</em></strong></span> <span class='ocrx_word' id='word_1_806' title='bbox 456 5048 566 5102; x_wconf 89' lang='lat' dir='ltr'><strong><em>solenni</em></strong></span> <span class='ocrx_word' id='word_1_807' title='bbox 582 5057 711 5103; x_wconf 78' lang='lat' dir='ltr'><strong><em>sacratm</em></strong></span> <span class='ocrx_word' id='word_1_808' title='bbox 728 5052 769 5104; x_wconf 88' lang='lat' dir='ltr'><strong><em>od</em></strong></span> <span class='ocrx_word' id='word_1_809' title='bbox 787 5053 871 5106; x_wconf 89' lang='lat' dir='ltr'><strong><em>totius</em></strong></span> <span class='ocrx_word' id='word_1_810' title='bbox 889 5052 974 5105; x_wconf 82' lang='lat' dir='ltr'><strong><em>bami-</em></strong></span> <span class='ocrx_word' id='word_1_811' title='bbox 1001 5051 1122 5106; x_wconf 87' lang='lat' dir='ltr'><strong><em>caritatis</em></strong></span> <span class='ocrx_word' id='word_1_812' title='bbox 1142 5050 1171 5105; x_wconf 91' lang='lat' dir='ltr'><strong><em>hi</em></strong></span> <span class='ocrx_word' id='word_1_813' title='bbox 1188 5048 1346 5106; x_wconf 87' lang='lat' dir='ltr'><strong><em>suntfines:</em></strong></span> <span class='ocrx_word' id='word_1_814' title='bbox 1369 5057 1391 5107; x_wconf 87' lang='lat'><strong><em>1.</em></strong></span> <span class='ocrx_word' id='word_1_815' title='bbox 1409 5055 1551 5118; x_wconf 72' lang='lat' dir='ltr'><strong><em>metamur,</em></strong></span> <span class='ocrx_word' id='word_1_816' title='bbox 1569 5067 1619 5104; x_wconf 90' lang='lat' dir='ltr'><strong><em>nos</em></strong></span> <span class='ocrx_word' id='word_1_817' title='bbox 1630 5049 1756 5120; x_wconf 82' lang='lat' dir='ltr'><strong><em>proximo</em></strong></span> <span class='ocrx_word' id='word_1_818' title='bbox 1769 5067 1833 5107; x_wconf 84' lang='lat' dir='ltr'><strong><em>uou-</em></strong></span> 
     </span>
     <span class='ocr_line' id='line_1_57' title="bbox 146 5133 1833 5211; baseline 0.001 -21"><span class='ocrx_word' id='word_1_819' title='bbox 146 5138 191 5191; x_wconf 86' lang='lat' dir='ltr'><strong><em>nis</em></strong></span> <span class='ocrx_word' id='word_1_820' title='bbox 209 5139 294 5190; x_wconf 82' lang='lat' dir='ltr'><strong><em>uitam</em></strong></span> <span class='ocrx_word' id='word_1_821' title='bbox 313 5137 483 5205; x_wconf 79' lang='lat' dir='ltr'><strong><em>salutemque</em></strong></span> <span class='ocrx_word' id='word_1_822' title='bbox 498 5134 625 5205; x_wconf 83' lang='lat' dir='ltr'><strong><em>profuit,</em></strong></span> <span class='ocrx_word' id='word_1_823' title='bbox 643 5133 726 5187; x_wconf 87' lang='lat' dir='ltr'><strong><em>simul</em></strong></span> <span class='ocrx_word' id='word_1_824' title='bbox 745 5138 974 5192; x_wconf 85' lang='lat' dir='ltr'><strong><em>medicamentum</em></strong></span> <span class='ocrx_word' id='word_1_825' title='bbox 1000 5136 1101 5191; x_wconf 88' lang='lat' dir='ltr'><strong><em>donare</em></strong></span> <span class='ocrx_word' id='word_1_826' title='bbox 1121 5135 1236 5203; x_wconf 85' lang='lat' dir='ltr'><strong><em>delicta,</em></strong></span> <span class='ocrx_word' id='word_1_827' title='bbox 1263 5142 1288 5191; x_wconf 71' lang='lat'><strong><em>2,</em></strong></span> <span class='ocrx_word' id='word_1_828' title='bbox 1311 5142 1339 5191; x_wconf 88' lang='lat' dir='ltr'><strong><em>et</em></strong></span> <span class='ocrx_word' id='word_1_829' title='bbox 1357 5137 1456 5206; x_wconf 85' lang='lat' dir='ltr'><strong><em>jurare</em></strong></span> <span class='ocrx_word' id='word_1_830' title='bbox 1474 5134 1545 5192; x_wconf 87' lang='lat' dir='ltr'><strong><em>velle</em></strong></span> <span class='ocrx_word' id='word_1_831' title='bbox 1561 5153 1612 5209; x_wconf 89' lang='lat' dir='ltr'><strong><em>pro</em></strong></span> <span class='ocrx_word' id='word_1_832' title='bbox 1629 5137 1703 5191; x_wconf 79' lang='lat' dir='ltr'><strong><em>virili</em></strong></span> <span class='ocrx_word' id='word_1_833' title='bbox 1721 5153 1833 5211; x_wconf 79' lang='lat' dir='ltr'><strong><em>egenos,</em></strong></span> 
     </span>
     <span class='ocr_line' id='line_1_58' title="bbox 145 5220 1833 5301; baseline 0.002 -24"><span class='ocrx_word' id='word_1_834' title='bbox 145 5232 171 5277; x_wconf 88' lang='lat' dir='ltr'><strong><em>et</em></strong></span> <span class='ocrx_word' id='word_1_835' title='bbox 190 5223 381 5279; x_wconf 80' lang='lat' dir='ltr'><strong><em>holocaustum</em></strong></span> <span class='ocrx_word' id='word_1_836' title='bbox 402 5225 443 5276; x_wconf 89' lang='lat' dir='ltr'><strong><em>ad</em></strong></span> <span class='ocrx_word' id='word_1_837' title='bbox 461 5221 607 5275; x_wconf 78' lang='lat' dir='ltr'><strong><em>canonistas</em></strong></span> <span class='ocrx_word' id='word_1_838' title='bbox 625 5221 800 5286; x_wconf 76' lang='lat' dir='ltr'><strong><em>infirmitates</em></strong></span> <span class='ocrx_word' id='word_1_839' title='bbox 812 5230 837 5276; x_wconf 88' lang='lat' dir='ltr'><strong><em>et</em></strong></span> <span class='ocrx_word' id='word_1_840' title='bbox 844 5242 974 5295; x_wconf 84' lang='lat' dir='ltr'><strong><em>pnrqan·</em></strong></span> <span class='ocrx_word' id='word_1_841' title='bbox 1000 5229 1025 5277; x_wconf 78' lang='grc'><strong><em>3.</em></strong></span> <span class='ocrx_word' id='word_1_842' title='bbox 1047 5239 1149 5293; x_wconf 89' lang='lat' dir='ltr'><strong><em>eosque</em></strong></span> <span class='ocrx_word' id='word_1_843' title='bbox 1170 5238 1321 5292; x_wconf 81' lang='lat' dir='ltr'><strong><em>agnoscere</em></strong></span> <span class='ocrx_word' id='word_1_844' title='bbox 1344 5220 1394 5293; x_wconf 82' lang='lat' dir='ltr'><strong><em>pro</em></strong></span> <span class='ocrx_word' id='word_1_845' title='bbox 1417 5220 1550 5297; x_wconf 81' lang='lat' dir='ltr'><strong><em>fratribus</em></strong></span> <span class='ocrx_word' id='word_1_846' title='bbox 1573 5229 1601 5278; x_wconf 86' lang='lat' dir='ltr'><strong><em>et</em></strong></span> <span class='ocrx_word' id='word_1_847' title='bbox 1624 5224 1754 5281; x_wconf 90' lang='lat' dir='ltr'><strong><em>membris</em></strong></span> <span class='ocrx_word' id='word_1_848' title='bbox 1772 5242 1833 5301; x_wconf 81' lang='lat' dir='ltr'><strong><em>my·</em></strong></span> 
     </span>
     <span class='ocr_line' id='line_1_59' title="bbox 145 5296 1850 5385; baseline 0.005 -23"><span class='ocrx_word' id='word_1_849' title='bbox 145 5312 199 5363; x_wconf 85' lang='lat' dir='ltr'><strong><em>dns</em></strong></span> <span class='ocrx_word' id='word_1_850' title='bbox 222 5311 383 5380; x_wconf 79' lang='lat' dir='ltr'><strong><em>iniquitates</em></strong></span> <span class='ocrx_word' id='word_1_851' title='bbox 402 5310 553 5376; x_wconf 71' lang='lat' dir='ltr'><strong><em>ecsuuns5</em></strong></span> <span class='ocrx_word' id='word_1_852' title='bbox 578 5304 766 5361; x_wconf 86' lang='lat' dir='ltr'><strong><em>Damascenus</em></strong></span> <span class='ocrx_word' id='word_1_853' title='bbox 781 5307 811 5363; x_wconf 78' lang='lat' dir='ltr'><strong><em>tr</em></strong></span> <span class='ocrx_word' id='word_1_854' title='bbox 827 5318 975 5380; x_wconf 77' lang='lat' dir='ltr'><strong><em>eornepos·</em></strong></span> <span class='ocrx_word' id='word_1_855' title='bbox 999 5308 1060 5363; x_wconf 86' lang='lat' dir='ltr'><strong><em>stici</em></strong></span> <span class='ocrx_word' id='word_1_856' title='bbox 1079 5309 1208 5381; x_wconf 86' lang='lat' dir='ltr'><strong><em>corporis,</em></strong></span> <span class='ocrx_word' id='word_1_857' title='bbox 1227 5310 1306 5379; x_wconf 90' lang='lat' dir='ltr'><strong><em>cujus</em></strong></span> <span class='ocrx_word' id='word_1_858' title='bbox 1325 5317 1411 5381; x_wconf 87' lang='lat' dir='ltr'><strong><em>caput</em></strong></span> <span class='ocrx_word' id='word_1_859' title='bbox 1427 5316 1469 5365; x_wconf 88' lang='lat' dir='ltr'><strong><em>est</em></strong></span> <span class='ocrx_word' id='word_1_860' title='bbox 1490 5308 1629 5381; x_wconf 84' lang='lat' dir='ltr'><strong><em>Christus;</em></strong></span> <span class='ocrx_word' id='word_1_861' title='bbox 1648 5310 1713 5367; x_wconf 89' lang='lat' dir='ltr'><strong><em>hinc</em></strong></span> <span class='ocrx_word' id='word_1_862' title='bbox 1729 5296 1850 5385; x_wconf 41' lang='lat' dir='ltr'><strong><em>proila-&#39;¹</em></strong></span> 
     </span>
     <span class='ocr_line' id='line_1_60' title="bbox 145 5390 1838 5487; baseline 0.001 -37"><span class='ocrx_word' id='word_1_863' title='bbox 145 5397 219 5471; x_wconf 74' lang='lat' dir='ltr'><strong><em>appi,</em></strong></span> <span class='ocrx_word' id='word_1_864' title='bbox 252 5395 382 5468; x_wconf 82' lang='lat' dir='ltr'><strong><em>congerie</em></strong></span> <span class='ocrx_word' id='word_1_865' title='bbox 415 5394 550 5467; x_wconf 86' lang='lat' dir='ltr'><strong><em>quadam,</em></strong></span> <span class='ocrx_word' id='word_1_866' title='bbox 584 5390 763 5464; x_wconf 85' lang='lat' dir='ltr'><strong><em>multiplicem</em></strong></span> <span class='ocrx_word' id='word_1_867' title='bbox 795 5394 975 5453; x_wconf 88' lang='lat' dir='ltr'><strong><em>eucharistiae</em></strong></span> <span class='ocrx_word' id='word_1_868' title='bbox 1000 5395 1040 5450; x_wconf 86' lang='lat' dir='ltr'><strong><em>xit</em></strong></span> <span class='ocrx_word' id='word_1_869' title='bbox 1067 5394 1218 5466; x_wconf 87' lang='lat' dir='ltr'><strong><em>appellatio</em></strong></span> <span class='ocrx_word' id='word_1_870' title='bbox 1245 5392 1362 5465; x_wconf 72' lang='grc' dir='ltr'><strong><em>ἀγάπης.</em></strong></span> <span class='ocrx_word' id='word_1_871' title='bbox 1408 5393 1572 5451; x_wconf 67' lang='lat' dir='ltr'><strong><em>”breviter</em></strong></span> <span class='ocrx_word' id='word_1_872' title='bbox 1595 5397 1716 5487; x_wconf 50' lang='lat' dir='ltr'><strong><em>fructus)</em></strong></span> <span class='ocrx_word' id='word_1_873' title='bbox 1730 5392 1838 5485; x_wconf 59' lang='lat' dir='ltr'><strong><em>coqnpq&#39;</em></strong></span> 
     </span>
     <span class='ocr_line' id='line_1_61' title="bbox 144 5476 1836 5553; baseline 0.003 -16"><span class='ocrx_word' id='word_1_874' title='bbox 144 5483 264 5537; x_wconf 84' lang='lat' dir='ltr'><strong><em>fructum</em></strong></span> <span class='ocrx_word' id='word_1_875' title='bbox 282 5481 427 5552; x_wconf 88' lang='lat' dir='ltr'><strong><em>describit,</em></strong></span> <span class='ocrx_word' id='word_1_876' title='bbox 455 5481 531 5549; x_wconf 86' lang='lat' dir='ltr'><strong><em>quod</em></strong></span> <span class='ocrx_word' id='word_1_877' title='bbox 549 5481 592 5534; x_wconf 89' lang='lat' dir='ltr'><strong><em>od</em></strong></span> <span class='ocrx_word' id='word_1_878' title='bbox 608 5486 732 5533; x_wconf 86' lang='lat' dir='ltr'><strong><em>nostram</em></strong></span> <span class='ocrx_word' id='word_1_879' title='bbox 749 5479 932 5535; x_wconf 84' lang='lat' dir='ltr'><strong><em>substantiam</em></strong></span> <span class='ocrx_word' id='word_1_880' title='bbox 950 5492 975 5538; x_wconf 88' lang='lat' dir='ltr'><strong><em>et</em></strong></span> <span class='ocrx_word' id='word_1_881' title='bbox 999 5481 1161 5538; x_wconf 89' lang='lat' dir='ltr'><strong><em>Dominicae</em></strong></span> <span class='ocrx_word' id='word_1_882' title='bbox 1185 5486 1251 5537; x_wconf 90' lang='lat' dir='ltr'><strong><em>sunt</em></strong></span> <span class='ocrx_word' id='word_1_883' title='bbox 1272 5480 1454 5553; x_wconf 89' lang='lat' dir='ltr'><strong><em>principales:</em></strong></span> <span class='ocrx_word' id='word_1_884' title='bbox 1483 5488 1504 5537; x_wconf 88' lang='lat' dir='ltr'><strong><em>i.</em></strong></span> <span class='ocrx_word' id='word_1_885' title='bbox 1528 5484 1624 5541; x_wconf 88' lang='lat' dir='ltr'><strong><em>mortis</em></strong></span> <span class='ocrx_word' id='word_1_886' title='bbox 1647 5476 1761 5541; x_wconf 72' lang='lat' dir='ltr'><strong><em>homini</em></strong></span> <span class='ocrx_word' id='word_1_887' title='bbox 1783 5478 1836 5543; x_wconf 75' lang='lat' dir='ltr'><strong><em>an·&#39;</em></strong></span> 
     </span>
    </p>
   </div>
   <div class='ocr_carea' id='block_1_4' title="bbox 0 0 2015 6020">
    <p class='ocr_par' dir='ltr' id='par_1_4' title="bbox 0 0 2015 6020">
     <span class='ocr_line' id='line_1_62' title="bbox 0 0 2015 6020; baseline 0 0"><span class='ocrx_word' id='word_1_888' title='bbox 0 0 2015 6020; x_wconf 95' lang='lat' dir='ltr'><strong><em> </em></strong></span> 
     </span>
    </p>
   </div>
  </div>
 </body>
</html>
