4004 6022
726 334 730 344 ·
820 290 873 348 DE
890 287 1082 371 Elim&
1740 305 1798 365 sat

102 448 207 514 madet,
227 453 260 502 ut
279 447 389 503 interim
409 464 463 503 non
475 453 567 520 negat,
586 451 733 504 venturam
745 447 837 504 adhuc
849 447 939 502 Elium
967 445 1038 502 libro
1066 447 1275 519 Apocalypseos
1301 456 1344 506 est
1373 450 1561 507 usitatissima.
1609 450 1724 507 Volatur
1748 471 1803 526 per

101 531 188 587 alium
213 533 299 588 Marc.
323 540 352 603 9,
375 553 400 591 v.
432 539 470 590 12.
491 551 524 589 ac
543 533 620 590 velat
639 533 708 588 tuba
725 534 940 605 praedicationis
967 533 1088 587 medium
1117 536 1189 589 coeli
1211 541 1289 591 notat
1312 534 1430 591 celerem
1457 536 1600 592 doctrinae
1625 538 1802 611 evangelicae

102 620 282 691 evangelicae
308 620 401 676 sonuit
424 626 489 675 ante
514 619 633 691 primum
659 619 762 676 Christi
781 622 939 681 adventum,
966 637 1142 690 progressum
1167 639 1217 692 per
1239 621 1329 676 varias
1353 622 1511 692 provincias
1532 628 1561 678 et
1582 639 1678 695 regna.
1720 624 1806 689 Quod
1821 651 1841 681 1,·

100 705 139 761 iu
169 722 281 778 quoque
307 711 372 762 anta
402 707 555 763 secundum
574 705 675 762 Christi
700 708 850 762 adventum
877 711 941 777 post
966 706 1082 777 angelus
1100 707 1153 760 istc
1173 707 1275 762 dicitur
1292 708 1392 761 labere
1412 716 1554 762 aeternum
1572 711 1753 779 eoanpelium
1768 728 1802 767 eo
1908 724 1911 733 ¹

99 792 298 848 revelationem
325 793 489 848 antichristi
517 799 544 847 ct
570 793 677 848 tristem
700 793 778 848 illum
805 793 952 886 ecclesiaep
966 792 1126 862 exprimitur
1143 810 1250 847 summa
1270 794 1420 862 doctrinae,
1442 811 1525 865 quam
1543 794 1683 850 Lutherus
1701 813 1800 868 propo·

100 885 204 933 statum
227 879 278 934 sub
296 879 462 934 Antichristi
480 897 581 951 regno,
603 881 804 950 praedicatam
823 898 938 947 eoanpe-
965 878 1027 930 suit.
1066 878 1130 933 Non
1149 879 1261 948 quidem
1280 880 1371 934 omisit
1390 880 1543 935 doctrinam
1563 879 1650 951 legis,
1668 883 1718 937 sed
1736 900 1803 938 con·⁴

100 965 170 1019 lirun
197 965 227 1018 in
254 967 439 1019 testimonium
466 967 591 1019 omnibus
618 969 744 1037 pentibus
771 965 870 1021 Matth.
896 971 938 1032 24,
964 971 1008 1017 tra
1025 964 1190 1019 Antinomos
1210 973 1237 1021 et
1257 966 1408 1036 Epicureos
1428 967 1551 1038 graviter
1568 983 1628 1020 eam
1641 967 1799 1037 inculcarit,

99 1067 125 1106 v.
155 1057 195 1107 tt.
225 1056 376 1123 antequam
405 1051 509 1107 scilicet
536 1071 654 1120 magnus
681 1061 707 1106 et
732 1051 866 1106 terribilis
888 1052 938 1105 ilie
964 1049 1075 1103 interim
1103 1057 1196 1105 tamen
1221 1051 1366 1122 potissima
1398 1069 1464 1122 pars
1490 1052 1635 1106 ministerii
1659 1052 1745 1122 ipsius
1768 1054 1797 1110 in

99 1138 195 1191 ultimi
225 1138 333 1205 judicii
363 1137 420 1192 dies
446 1137 565 1208 ingruat.
609 1137 687 1192 Elias
715 1136 849 1208 singulari
877 1136 936 1191 nolo
962 1136 1141 1206 repurganda
1165 1138 1301 1208 evangelii
1321 1139 1446 1192 doctrina
1462 1138 1517 1213 fuit
1535 1146 1685 1209 occupata,
1709 1139 1794 1210 siqui·

99 1223 251 1280 Baaliticos
274 1223 424 1295 prophetas
449 1225 633 1294 oppugnavit3
659 1225 734 1279 idem
755 1223 831 1278 zelus
847 1222 936 1278 heroi·
961 1222 1024 1276 dem
1045 1239 1078 1277 ea
1095 1221 1272 1278 horribilibus
1291 1224 1413 1280 tenebris
1433 1230 1493 1279 erat
1505 1225 1637 1283 involuta.
1663 1225 1793 1281 Abduca·

99 1327 148 1365 cus
187 1310 217 1363 in
254 1309 370 1363 Lutheri
403 1310 581 1364 concionibus
611 1316 640 1365 et
668 1311 779 1382 scriptis
811 1309 934 1378 spiravit.
961 1309 1062 1363 bantur
1088 1308 1212 1364 homines
1236 1327 1253 1363 a
1276 1311 1332 1366 tide
1353 1312 1381 1365 iu
1399 1310 1540 1366 Christum
1560 1312 1596 1365 ad
1614 1312 1712 1366 merita
1729 1330 1791 1368 sau·

96 1396 175 1451 Elias
196 1395 232 1450 ab
252 1397 379 1449 omnibus
397 1397 614 1466 persecutionem
632 1396 688 1451 fuit
707 1413 867 1467 perpessus;
894 1396 935 1449 sie
960 1403 1080 1459 ctorum,
1103 1397 1139 1449 ad
1165 1396 1307 1467 opiniones
1334 1397 1369 1452 de
1393 1397 1512 1467 propriis
1537 1397 1641 1453 meritis
1669 1404 1698 1453 et
1716 1399 1795 1454 satia

97 1482 222 1537 Luthero
247 1498 303 1536 non
330 1482 385 1537 fuit
408 1484 437 1536 in
465 1483 579 1553 imperio
606 1483 687 1538 datus
710 1484 804 1551 locus,
836 1482 935 1537 habuit
958 1481 1126 1535 factionibus
1150 1482 1186 1535 ad
1209 1482 1268 1536 vias
1292 1482 1390 1536 salutis
1414 1482 1584 1552 complures3
1609 1483 1659 1536 sed
1677 1482 1794 1539 Lutheri

98 1569 231 1623 adversus
249 1585 279 1623 se
296 1568 488 1625 fulminantem
507 1586 621 1641 papam,
640 1569 855 1640 proscribentem
875 1586 934 1624 cae·
960 1575 987 1622 et
1009 1570 1195 1641 παραστατῶν
1219 1584 1304 1638 opera
1329 1568 1466 1640 evangelii
1486 1569 1612 1622 doctrina
1628 1567 1682 1622 fuit
1700 1587 1795 1639 repur-

98 1671 204 1716 sarem,
240 1654 389 1709 frementes
422 1655 592 1722 cardinales,
629 1655 768 1711 horrenda
797 1655 933 1709 minantes
960 1658 1035 1725 gata,
1054 1654 1129 1709 unde
1150 1653 1301 1709 etiamnum
1319 1672 1352 1709 ex
1373 1671 1406 1708 oo
1423 1672 1473 1708 nos
1491 1660 1593 1708 vocant
1611 1654 1793 1721 euangelicos.

96 1741 251 1812 principes,
276 1741 444 1797 insectantes
462 1741 622 1812 episcopos,
644 1741 820 1796 criminantes
839 1757 933 1795 mona·
959 1739 1069 1795 Dicitur
1085 1746 1179 1794 autem
1198 1750 1341 1794 aeternum
1354 1741 1539 1811 evangelium,
1560 1746 1591 1794 ut
1608 1742 1660 1796 hoc
1673 1758 1795 1811 oppona-

97 1827 164 1882 chos
188 1833 216 1882 et
238 1832 327 1882 totum
346 1844 446 1899 agmen
466 1827 658 1896 Pontificium;
685 1829 734 1882 sed
752 1826 821 1881 haec
842 1826 934 1880 omnia
959 1833 1005 1879 tur
1023 1825 1189 1880 clamoribus
1211 1827 1431 1883 adversariorum
1449 1826 1484 1882 de
1502 1827 1625 1882 novitate
1643 1828 1795 1896 doctrinae,

96 1912 247 1967 fortissimo
275 1912 366 1967 animo
395 1913 555 1977 contemsit,
586 1929 638 1967 nec
663 1914 720 1967 ullo
746 1920 823 1969 metu
841 1912 932 1983 frangi
959 1928 1022 1965 cum
1051 1929 1069 1967 a
1097 1914 1188 1982 prima
1214 1913 1308 1967 statim
1338 1914 1434 1968 mundi
1462 1914 1576 1984 origine,
1596 1921 1660 1984 post
1686 1914 1795 1984 lapsum

96 1999 203 2069 potuit,
222 2004 254 2052 ut
276 2014 293 2051 a
312 1999 452 2069 proposito
470 1999 623 2055 desisteret.
662 1998 739 2053 Elias
756 1999 932 2070 querebatur,
959 1997 1043 2052 fuerit
1065 1998 1199 2063 revelata,
1236 2000 1348 2069 quaudo
1371 1988 1453 2069 primi
1476 2007 1605 2070 parentas
1624 2005 1794 2071 acceperunt

97 2101 128 2139 se
147 2083 274 2138 relietum
293 2083 379 2138 faisse
398 2084 493 2153 solum,
512 2085 604 2139 omnia
622 2101 682 2139 esse
700 2091 836 2154 occupata
854 2083 932 2136 culti·
944 2048 947 2113 1
960 2085 1169 2154 promissionem
1191 2085 1224 2139 de
1242 2085 1346 2140 semine
1363 2086 1496 2150 mulieris,
1516 2104 1549 2141 ac
1566 2095 1664 2157 postca
1678 2087 1707 2142 in
1718 2087 1794 2158 typis

96 2169 149 2225 bus
161 2170 303 2224 Baaliticis
315 2177 366 2225 etc.
386 2171 425 2224 sic
441 2170 604 2225 Pontificius
621 2170 752 2225 tenebrae
764 2169 933 2223 videbantur
959 2169 1155 2226 sacrificiorum
1173 2172 1351 2241 adumbrata,
1375 2190 1425 2243 per
1441 2173 1589 2243 prophetas
1609 2174 1691 2227 latius
1711 2191 1794 2244 expo·

95 2261 188 2312 totum
223 2256 317 2310 orbem
357 2272 516 2326 occupasse.
570 2256 647 2310 Elias
678 2256 814 2311 convertit
847 2255 932 2309 corda
958 2257 1028 2326 sita,
1057 2274 1106 2328 per
1129 2258 1270 2327 apostolos
1294 2259 1323 2314 in
1348 2263 1437 2313 totum
1455 2258 1549 2314 orbem
1568 2267 1723 2331 propagata
1740 2265 1792 2315 etc

95 2341 216 2398 filiorum
235 2341 271 2396 ad
287 2344 397 2412 patres,
417 2342 469 2397 hoc
490 2348 532 2396 est
548 2342 660 2396 reduxit
677 2358 770 2396 veram
789 2341 932 2395 doctrinae
958 2344 1044 2397 Porro
1062 2343 1234 2413 praedicatio
1255 2343 1329 2399 illius
1345 2345 1439 2417 angeli
1457 2345 1497 2399 sie
1515 2345 1695 2413 describitur,
1719 2346 1795 2416 quod

96 2427 292 2498 antiquitatem
318 2427 440 2496 expulsis
461 2427 703 2497 superstitionibus
723 2432 752 2481 et
769 2425 932 2495 corruptelis
959 2430 1131 2484 annuntiarit
1150 2431 1311 2485 sedentibus
1330 2449 1413 2501 super
1432 2438 1545 2487 terram:
1570 2433 1674 2486 Timete
1693 2434 1794 2501 Deum,

45 2526 82 2572 tl.
96 2514 206 2568 noviter
230 2513 409 2581 introductis3
438 2513 477 2566 sic
502 2513 641 2567 Lutherus
665 2514 809 2583 pristinam
832 2513 931 2566 doctri·
960 2519 1024 2570 date
1051 2517 1098 2569 illi
1118 2516 1251 2570 bonorem
1273 2526 1298 2569 et
1321 2519 1441 2570 adorate
1469 2535 1545 2578 eum,
1577 2516 1679 2587 quihus
1702 2518 1794 2573 verbis

97 2618 150 2655 nae
176 2600 345 2669 apostolicae
363 2599 548 2654 sinceritatem
567 2600 689 2654 restituit
705 2605 756 2653 etc.
793 2597 931 2668 tltCyria-
958 2599 1146 2672 significatur,
1173 2602 1326 2656 doctrinam
1353 2602 1389 2657 de
1413 2619 1479 2656 vera
1503 2604 1682 2659 conversione
1707 2610 1735 2657 et
1754 2604 1794 2657 in·

95 2704 148 2742 cus
173 2685 419 2758 spangenbergius
442 2683 471 2738 in
496 2685 629 2740 concione
655 2693 679 2741 t.
702 2686 737 2739 de
757 2684 871 2740 Lutber.
890 2702 931 2740 se·
959 2688 1104 2743 vocatione
1123 2687 1274 2741 ministerio
1289 2687 1405 2742 Luthcri
1425 2687 1628 2761 repurgandum
1648 2694 1677 2743 et
1695 2707 1793 2760 urgen-

95 2781 174 2846 ptem
193 2771 408 2828 circumstantiis
426 2772 534 2842 probat,
551 2773 712 2827 vaticinium
728 2771 883 2826 Malachiae
898 2771 932 2826 dc
958 2774 1030 2829 darn.
1057 2773 1090 2827 ln
1109 2781 1215 2844 papatu
1233 2774 1393 2838 docebatur,
1410 2774 1610 2844 poenitentiam
1629 2775 1657 2829 in
1674 2775 1794 2830 externis

95 2860 221 2916 Luthero
242 2877 302 2915 esse
321 2859 549 2930 intelligendum:
571 2865 593 2915 1.
612 2876 644 2913 cx
657 2858 775 2920 nominc,
795 2862 818 2911 1.
831 2857 930 2927 patria,
958 2858 1193 2915 satisfactionibus
1214 2860 1378 2928 consistere,
1398 2861 1585 2916 onerabantur
1605 2861 1792 2917 conscientiae

94 2953 117 3003 3.
134 2952 265 3017 tempore,
281 2953 305 3002 1.
318 2945 464 3014 miraculis,
477 2953 501 3001 5.
513 2944 592 2998 donis
601 2942 718 3015 Spiritus
731 2943 830 3010 sancti,
847 2948 872 2998 6.
883 2942 930 2997 do·
956 2945 1041 2999 variis
1059 2946 1256 3000 traditionibus
1274 2952 1303 3001 et
1321 2947 1575 3020 ἐθελοθρησκείαας,
1602 2949 1794 3018 denegabatur

92 3034 185 3089 ctrina
212 3039 241 3087 et
256 3032 327 3100 rita,
360 3039 383 3088 t.
403 3031 476 3086 vitae
493 3030 583 3093 exitu,
610 3030 639 3083 in
657 3029 757 3100 quibus
778 3028 929 3084 Lutherum
958 3032 1067 3086 Christo
1094 3032 1205 3088 debitus
1230 3032 1329 3099 honor,
1357 3033 1559 3087 invocabantur
1579 3035 1668 3088 sancti
1687 3035 1793 3089 demor-

92 3137 159 3175 eum
186 3119 249 3174 Elia
276 3118 427 3174 confert.ll
466 3123 489 3173 2.
508 3117 604 3171 Thess.
623 3123 653 3184 2,
671 3133 697 3173 r.
719 3122 750 3171 8.·
789 3118 867 3168 Tunc
886 3132 930 3168 rc·
956 3119 1012 3186 tui,
1030 3117 1133 3173 fiducia
1151 3117 1342 3172 collocabatur
1359 3119 1388 3172 in
1405 3120 1519 3190 propria
1536 3119 1648 3183 merita,
1675 3137 1731 3191 qua
1749 3137 1791 3174 ra·

92 3207 235 3262 velabitur
264 3206 314 3259 ille
344 3203 462 3278 ἄνομος,
499 3222 580 3274 quem
610 3203 753 3257 Dominus
783 3201 929 3270 interficiet
956 3203 1030 3258 tione
1061 3220 1147 3274 opera
1175 3220 1307 3258 manuum
1335 3221 1456 3258 suarum·
1474 3204 1598 3258 homiues
1621 3205 1791 3274 adorabant3

94 3293 209 3363 Spiritu
244 3292 303 3344 oris
332 3291 379 3343 cui
409 3299 435 3344 et
466 3293 590 3344 destruet
619 3290 798 3359 apparitione
827 3290 929 3341 adven·
956 3291 1006 3345 sed
1024 3307 1041 3344 a
1060 3289 1184 3345 Luthcro
1204 3289 1273 3345 haec
1292 3290 1385 3345 omnia
1402 3291 1439 3343 ad
1457 3307 1581 3345 normam
1598 3290 1676 3346 verbi
1695 3309 1790 3360 repur-

92 3387 139 3433 tus
167 3378 219 3430 sui.
260 3377 316 3432 Per
341 3374 449 3449 ἄνομον
473 3376 638 3447 intelligitur
660 3374 862 3437 Antichristus,
893 3373 929 3426 de
956 3384 1023 3448 gata
1043 3383 1094 3431 etc.
1124 3375 1254 3448 Denique
1272 3375 1301 3429 in
1321 3376 1495 3446 Apocalypsi
1512 3376 1637 3446 sequitur
1656 3379 1790 3431 insulamn

93 3483 150 3536 quo
170 3463 241 3519 Dan.
264 3470 311 3529 ll,
337 3480 362 3516 v.
383 3469 424 3517 36.
444 3463 561 3530 dicitur,
580 3461 654 3532 quod
668 3462 765 3530 saciat
779 3463 863 3529 juata
883 3462 1077 3518 vo-'omuium
1110 3462 1235 3517 fidelium
1267 3463 1402 3518 ecclesiae
1434 3462 1618 3515 ministrorum
1651 3462 1686 3515 da
1710 3463 1791 3517 ruina

91 3552 230 3604 luntatem
248 3567 337 3612 auam,
356 3565 437 3618 quem
459 3548 599 3618 apostolus
615 3546 666 3600 hoc
678 3547 740 3600 loco
751 3552 833 3600 vocat
844 3547 929 3597 homi·
955 3548 1109 3620 Babylonis
1134 3549 1281 3618 mysticae,
1307 3549 1335 3602 id
1359 3554 1403 3602 est
1419 3548 1576 3618 tyrannidis
1594 3548 1789 3602 Antichristia·

93 3654 157 3691 nem
172 3636 284 3707 peccati
300 3643 326 3689 et
337 3636 432 3702 filium
445 3634 624 3706 perditionis,
643 3650 668 3685 v.
682 3638 710 3687 3:
729 3634 778 3702 qui
796 3640 835 3686 est
854 3631 930 3685 ἀντι·
956 3653 1017 3711 nae.
1052 3652 1078 3688 r.
1098 3641 1127 3690 8:
1159 3637 1199 3689 Et
1232 3636 1307 3688 aliua
1336 3635 1451 3702 anpelus
1477 3643 1586 3688 sendus
1614 3643 1653 3688 est
1680 3637 1792 3689 dicena:

93 3728 221 3794 κείμενος
247 3728 272 3774 et
300 3720 406 3774 extollit
432 3737 461 3773 se
486 3738 575 3790 supra
601 3736 693 3784 omne,
723 3720 800 3788 quod
826 3719 930 3772 dicitur
959 3723 1080 3785 Cecidit,
1106 3723 1207 3775 cecidit
1231 3722 1362 3789 Babylon
1385 3722 1438 3775 illa
1459 3740 1576 3789 magna,
1602 3739 1673 3790 quae
1691 3740 1710 3776 a
1728 3723 1792 3775 aino

93 3809 184 3874 Deua,
202 3808 302 3861 sedens
321 3807 350 3858 in
367 3805 469 3877 templo
480 3805 538 3858 Dei
555 3805 675 3858 ostendit
692 3822 721 3858 sa
740 3813 872 3872 tanquam
894 3806 930 3856 aa
956 3808 1017 3860 irae
1036 3808 1239 3871 fornicationis
1260 3826 1328 3860 suaa
1346 3809 1456 3879 potavit
1474 3825 1568 3861 omnes
1583 3817 1694 3874 pentem
1718 3826 1741 3861 v.
1761 3813 1792 3864 9:

93 3896 190 3961 Deris,
219 3909 245 3944 v.
266 3899 296 3947 t:
319 3894 431 3947 tandem
455 3908 519 3944 cero
546 3892 692 3956 interficiet
709 3907 770 3943 eum
791 3892 931 3945 Dominus
956 3901 982 3947 et
1012 3896 1111 3947 tertius
1140 3894 1257 3962 anpelas
1289 3901 1399 3947 secatus
1428 3902 1468 3948 eet
1503 3894 1569 3948 illos
1598 3895 1694 3948 dicam
1726 3910 1792 3953 ooca

96 3981 210 4053 Spiritu
236 3980 294 4032 oris
313 3980 371 4045 aui,
397 3978 425 4030 id
447 3984 488 4031 est
506 3993 555 4046 per
573 3975 704 4046 verbum,
736 3981 767 4029 ut
790 3977 931 4047 colligitur
956 3997 1075 4048 mayna:
1108 3979 1143 4032 Si
1171 3981 1233 4048 quia
1264 3981 1426 4033 adoraverit
1453 3981 1568 4035 bestiam
1593 3988 1619 4032 et
1643 3981 1792 4048 inopinam

95 4085 130 4122 ex
156 4065 220 4121 Esa.
248 4071 292 4132 11,
318 4081 343 4118 r.
370 4069 393 4118 4.
423 4062 451 4116 id
475 4061 551 4132 quod
572 4061 724 4116 ministerio
749 4060 865 4115 Lutheri
887 4080 930 4116 su·
957 4066 1016 4133 ejas
1039 4072 1064 4118 et
1087 4066 1227 4136 acceperit
1253 4067 1442 4119 characterem
1466 4067 1495 4119 in
1512 4067 1679 4135 frontosae
1696 4066 1792 4119 autin

94 4151 199 4225 periuri
217 4151 310 4204 seculo
329 4149 383 4203 fuit
402 4150 575 4218 completum.
596 4147 670 4203 Vide
689 4147 724 4203 D.
739 4147 883 4202 Hunnium
902 4149 930 4201 iu
956 4169 1041 4204 manu
1058 4169 1119 4214 sua,
1137 4169 1161 4204 v.
1184 4157 1227 4206 10:
1247 4159 1272 4204 et
1291 4153 1336 4205 bic
1356 4152 1427 4204 bibet
1447 4153 1482 4205 da
1499 4152 1563 4205 aino
1582 4151 1643 4205 irae
1662 4153 1720 4206 Dei
1738 4160 1791 4208 etc.

94 4244 192 4293 assert
218 4243 316 4290 contra
340 4235 482 4289 Pezelium
506 4250 569 4305 pag.
588 4238 646 4288 256.
679 4233 768 4303 Apoc.
788 4239 832 4300 14,
855 4252 880 4290 v.
901 4240 929 4289 t:
957 4237 1081 4307 “Apoc.
1108 4241 1147 4292 18.
1178 4242 1241 4306 post
1270 4236 1405 4291 illustrem
1435 4237 1515 4308 regni
1545 4238 1710 4292 Antichristi
1739 4237 1791 4294 sub

101 4324 169 4377 Vidi
187 4322 313 4389 anaetan
334 4321 470 4374 uolantem
485 4337 540 4390 per
559 4320 680 4371 medium
699 4319 771 4372 coeli
788 4319 930 4374 habentem
942 4340 945 4437 p
957 4323 1144 4393 Babylonicae
1166 4322 1317 4377 meretricis
1337 4323 1427 4394 figura
1444 4324 1581 4393 picturam
1600 4325 1728 4379 additur:
1751 4328 1792 4380 Et

93 4418 238 4464 aeternum
269 4407 454 4476 evangelium,
486 4413 516 4457 ut
548 4405 750 4474 evangelizaret
772 4407 1072 4482 sedentibumposthac
1091 4409 1152 4462 uidi
1171 4409 1259 4461 alium
1277 4410 1405 4477 angelum
1424 4411 1633 4464 descendentem
1655 4414 1690 4464 de
1714 4412 1791 4467 coela

92 4513 181 4568 reaper
205 4502 310 4548 terram
336 4501 362 4546 et
387 4509 472 4563 super
490 4509 596 4545 omnem
616 4500 722 4558 pentem
741 4499 767 4544 et
786 4493 886 4544 tribum
905 4487 1097 4550 arianismum
1119 4503 1284 4567 potestatem
1312 4513 1442 4563 nisenam
1473 4503 1499 4548 et
1526 4504 1603 4548 terra
1631 4497 1791 4552 attaminata

91 4583 219 4652 linquam
248 4588 273 4634 et
294 4579 432 4651 populum
458 4595 484 4632 r.
508 4584 530 4632 l.
557 4579 692 4632 dicentem
719 4597 783 4632 voce
812 4560 996 4664 mapnarfest
1019 4601 1038 4635 a
1061 4583 1192 4635 claritate
1217 4583 1286 4650 ejus.
1324 4584 1364 4638 Et
1386 4583 1550 4636 eaelamauit
1575 4584 1790 4647 infortitudine

94 4669 201 4722 Timete
220 4668 313 4720 Deum
333 4673 358 4717 at
377 4666 443 4717 date
460 4663 507 4716 illi
522 4664 667 4733 bonorem,
685 4665 752 4733 quia
769 4665 842 4718 uenit
859 4665 944 4741 horat
958 4670 1067 4721 dicens:
1095 4668 1217 4734 Cecidit,
1245 4669 1345 4720 cecidit
1371 4669 1503 4737 Babylon
1521 4687 1632 4737 maana.
1667 4671 1703 4724 In
1719 4688 1790 4742 quaa

84 4754 200 4826 judicii
224 4753 294 4821 ejus,
322 4760 348 4804 et
374 4752 494 4803 adorate
521 4767 590 4813 eum,
620 4750 669 4818 qui
693 4752 763 4813 feeit
781 4750 886 4804 coelum
905 4748 1041 4835 atjrerba
1065 4753 1106 4807 sic
1128 4760 1329 4807 commentatur
1354 4753 1476 4807 Thomas
1502 4754 1702 4825 Brigtmannus
1729 4757 1790 4812 (lal-

91 4850 200 4894 terram
226 4847 251 4893 et
273 4855 351 4891 marc
374 4844 399 4889 et
422 4838 517 4901 fontes
542 4854 688 4905 aquarum.
724 4834 876 4906 Postquam
901 4834 1084 4925 inivinianus
1102 4838 1150 4894 fol.
1170 4843 1233 4893 389:
1263 4839 1319 4891 Hic
1343 4840 1458 4906 anpelaa
1481 4842 1539 4904 fuit
1564 4841 1711 4895 Martinus
1735 4844 1790 4898 Lu-

89 4923 325 4998 praecedentibus
342 4939 458 4993 regnum
473 4920 638 4976 Antichristi
654 4921 706 4976 sub
725 4920 1049 4992 figmaoariaaemraa
1073 4941 1187 4978 amaus
1216 4926 1314 4994 palam
1341 4928 1491 4980 traducere
1523 4927 1726 4982 Antichriatam
1751 4932 1792 4983 ad

89 5012 220 5066 babentia
249 5011 305 5064 duo
336 5027 442 5061 cornua
471 5008 578 5061 similia
605 5009 675 5077 agni
705 5015 733 5063 et
762 5007 814 5061 sub
840 5006 1057 5079 figuraiannum
1078 5013 1154 5065 1517.
1177 5012 1226 5079 qai
1238 5017 1345 5082 pestem
1363 5012 1434 5065 banc
1453 5020 1610 5065 ascematus
1627 5020 1666 5066 est
1680 5015 1791 5083 peridem

90 5096 248 5153 meretricis
278 5095 426 5149 insidentis
456 5094 557 5147 bestiae
587 5094 731 5147 deeicorni
752 5071 1090 5171 descriptumlacerbiue,
1110 5114 1164 5164 quo
1182 5096 1322 5150 reuelante
1338 5097 1450 5167 Spiritu
1467 5099 1633 5159 foeditatem
1646 5100 1791 5155 Romanae

90 5181 280 5238 introducitur
306 5179 423 5250 angelus
448 5178 626 5249 evangelicae
652 5179 794 5234 doctrinae
819 5196 927 5248 praeco,
954 5182 1056 5234 bestiae
1080 5190 1249 5252 compertam
1273 5183 1362 5248 mapsa
1388 5184 1493 5237 babuit
1531 5179 1727 5254 Spiritua'tsic
1748 5186 1793 5238 illi
1867 5209 1868 5212 ¹

90 5284 146 5340 per
191 5283 273 5337 quem
322 5263 463 5319 Lutherus
511 5264 693 5335 intelligitur,
733 5270 766 5318 ut
807 5265 928 5319 ostendit
954 5266 1050 5320 tribuit
1059 5267 1245 5321 turbulentam
1257 5275 1283 5320 et
1292 5267 1424 5320 tumultur
1432 5268 1548 5339 plenam
1560 5269 1727 5323 concionem.
1748 5272 1792 5324 Aa

90 5354 195 5409 Fumea
222 5351 251 5405 in
274 5366 371 5405 comm.
393 5349 421 5405 h.
447 5349 465 5403 l.
502 5349 610 5404 Nomen
632 5349 728 5419 angeli
751 5350 865 5405 denotat
886 5366 928 5404 ec·
955 5371 1033 5407 nemo
1054 5353 1166 5423 quidem
1187 5361 1240 5421 eat,
1266 5353 1316 5421 qui
1335 5354 1427 5406 sancti
1450 5353 1528 5407 illius
1547 5354 1603 5407 oiri
1619 5354 1789 5411 lucubratio-

88 5438 193 5494 clesiae
220 5436 377 5500 doctorem,
408 5452 479 5506 quae
502 5434 668 5507 significatio
689 5434 774 5506 hujus
795 5436 872 5491 vocis
899 5434 1004 5493 inlnes
1021 5440 1185 5508 gustaverit,
1208 5440 1255 5492 cui
1278 5456 1334 5493 non
1352 5439 1484 5495 uideatur
1503 5440 1645 5495 coelestem
1663 5443 1793 5497 seuerita-
