3998 6024
189 199 257 258 550·
284 194 291 203 ‘
754 185 875 244 Locos
892 181 1094 245 menemus
1110 183 1309 244 SECUNDUS

188 343 382 414 ἀὲιμιιιιιίιιι
407 349 543 398 sectarum
573 342 775 411 tuspitudinsm
801 341 843 408 ei,
879 343 1015 394 ιάιιιιιι
1040 341 1093 410 qui·
1107 357 1175 395 esra
1191 349 1220 395 st
1237 349 1328 396 tamen
1346 339 1640 397 moiscisssrs.1dsm
1653 341 1870 414 inqqcsxvuuo

188 447 269 500 quem
285 432 419 499 disputeu,
437 429 557 496 ohiecdi
582 432 622 495 (st
641 427 693 483 hos
711 427 824 482 solenne
843 435 885 482 est
899 425 1014 482 Pontifi-
1041 445 1095 499 quo
1111 427 1232 483 Testem.
1251 444 1275 482 c.
1298 432 1360 482 tot:
1392 427 1462 490 Quis
1479 429 1517 482 sit
1536 429 1602 494 iste,
1621 430 1705 498 cujus
1724 446 1814 482 causa
1832 446 1871 481 ms

188 516 238 571 ciis
256 522 352 571 contro
368 532 418 570 nos
435 514 658 584 disputantibus.)
681 513 808 570 «Iustinus
825 513 855 567 in
873 513 938 570 diui.
950 530 1014 568 cum
1041 516 1171 584 despicis,
1191 514 1293 581 nescio,
1311 530 1362 584 epo
1382 517 1423 568 ad
1442 531 1503 568 eum
1522 515 1553 568 in
1572 532 1659 568 causa
1671 515 1790 581 accessi,
1808 515 1871 583 cuia

188 602 294 674 Tryph.
313 621 339 673 p.
358 607 420 656 241:
447 603 513 655 Non
532 603 586 666 ita,
606 608 637 654 ut
650 601 796 670 principes
812 600 913 669 populi
931 600 1017 652 uestri
1040 609 1104 653 tuns
1123 587 1410 654 destamentum.
1448 602 1487 654 Te
1504 602 1637 671 quaesiui,
1655 609 1683 654 te
1702 601 1870 668 desiderari,

187 690 318 757 mmmm,
347 705 417 757 quos
439 688 545 755 probro
574 688 685 740 incessit
712 689 790 739 Dens
809 686 899 738 cerdis
918 686 1012 754 hujus·
1041 687 1092 739 tihi
1109 687 1233 751 credidi,
1258 688 1294 739 de
1312 687 1422 740 homine
1440 687 1513 740 nihil
1532 689 1653 757 speram.
1699 687 1793 748 Quare
1808 703 1870 756 erpo

188 777 280 830 modi.-
295 775 440 844 principes
450 774 536 827 venri
545 774 618 827 socii
628 774 724 838 furum
738 772 886 838 diiipentes
899 789 1015 825 munera
1041 773 1119 826 moia
1139 773 1201 842 ejus
1213 772 1283 825 mihi
1294 773 1393 840 obsint,
1411 790 1492 841 puem
1511 775 1653 843 nescirem,
1670 774 1729 828 nisi
1745 782 1773 827 te
1791 789 1869 842 puae-

190 868 242 918 ete.
283 860 390 922 Quodsi
411 877 479 929 quos
502 860 586 913 etiam
605 860 678 912 inter
696 875 747 911 nos
763 858 836 910 tates
853 873 912 911 esse
927 859 1015 923 scitis,
1041 859 1185 912 mensem!
1211 858 1246 911 Si
1266 859 1338 911 hona
1357 859 1419 927 ejus
1437 859 1508 912 ndhi
1520 868 1638 927 possent
1653 861 1808 930 proficere,
1825 862 1868 927 ju·

188 965 243 1001 non
266 948 398 1000 ιιιιιιιιιι
420 964 455 1000 ca
478 949 513 999 ds
531 963 618 999 cauea
642 945 807 1011 Scripturas
830 951 858 996 et
876 942 1015 998 Christum
1041 952 1112 996 stum
1131 943 1272 997 uideretur
1279 946 1366 1012 forts,
1385 952 1417 997 ut
1433 953 1459 997 et
1478 946 1558 999 malo
1573 947 1637 1015 ejus
1654 948 1787 1002 obessent
1798 947 1867 999 mihi.

187 1033 348 1086 maledictis
365 1033 549 1101 proscindito.
596 1030 804 1101 chrysostomus
835 1028 909 1086 hom.
935 1036 960 1087 4.
986 1030 1015 1085 in
1043 1029 1103 1084 Sed
1117 1031 1191 1083 sieut
1209 1030 1281 1083 hono
1292 1030 1487 1099 ejussidubie
1497 1034 1690 1101 credidissem,
1703 1032 1778 1086 nihii
1786 1034 1868 1101 prod·

187 1117 304 1173 Mnus
327 1119 429 1172 Omnes
445 1119 550 1187 species
567 1117 706 1185 iustitias,
731 1133 801 1184 quas
820 1117 902 1169 habet
918 1133 1014 1171 serens
1037 1125 1123 1169 crant
1156 1116 1233 1184 mihi,
1253 1116 1295 1169 ita
1313 1123 1339 1169 et
1355 1117 1434 1170 maia
1453 1117 1517 1185 ejus
1534 1118 1608 1171 nihii
1626 1119 1721 1172 obesse
1738 1118 1809 1171 mus
1826 1119 1868 1170 de

186 1207 246 1259 Dei
262 1205 293 1257 ia
308 1206 441 1269 ιιιιιιιι,
462 1204 562 1257 hahere
577 1210 696 1272 possunt
712 1203 786 1255 serui
802 1202 912 1255 diaboii
928 1204 959 1255 in
977 1204 1014 1256 si·
1042 1203 1103 1255 dent
1129 1203 1196 1254 hene
1223 1203 1355 1257 ιιιάιιιιιζ
1409 1205 1473 1271 Epo
1497 1204 1570 1257 enim
1594 1205 1693 1257 uerbis·
1710 1205 1774 1272 ejus
1785 1205 1868 1272 fldem

186 1292 362 1357 militudine,
389 1291 470 1347 hahet
495 1289 626 1342 diabolus
659 1305 725 1341 suos
757 1295 862 1356 castos,
886 1289 1013 1358 jejunos,
1042 1288 1118 1352 dedi,
1135 1303 1207 1356 quae
1225 1305 1244 1340 a
1261 1293 1287 1341 ιι
1306 1290 1377 1342 dato
1396 1290 1569 1345 dicuntur.**
1604 1296 1629 1344 ιι.
1647 1289 1809 1344 Consensus
1825 1289 1867 1343 sd-

187 1377 435 1443 eisemospaorios;
453 1382 480 1429 et
496 1375 637 1444 simplices
656 1373 788 1442 homines,
806 1373 856 1441 qui
876 1374 941 1427 boni
954 1375 1016 1426 osri
1041 1373 1222 1428 sommiorum
1241 1374 1363 1429 eccodst
1382 1392 1407 1432 c.
1426 1375 1488 1447 Ego
1507 1375 1571 1430 solis
1589 1375 1652 1430 dist.
1672 1382 1703 1431 9:
1727 1377 1813 1450 Alios
1832 1377 1868 1427 its

186 1470 213 1515 st
229 1463 355 1516 mmuloti
372 1462 560 1531 differentiam
577 1477 632 1513 non
651 1467 769 1526 norwit,
795 1460 861 1512 dum
878 1465 1014 1528 quaerunt
1040 1460 1102 1528 hepo
1126 1460 1298 1528 quantalibet
1324 1461 1473 1515 sancdtats
1489 1462 1633 1530 pohhcont,
1663 1471 1696 1515 ut
1721 1479 1785 1515 non-
1807 1463 1915 1515 ideone

186 1547 271 1601 bonos
288 1547 379 1617 uiros,
397 1548 544 1600 maurum
561 1547 591 1598 in
607 1546 767 1599 seductores
784 1545 902 1599 diaboii.
936 1545 1013 1600 Idem
1040 1563 1134 1600 esrum
1148 1553 1253 1614 putem,
1271 1547 1340 1614 puio
1359 1546 1469 1616 ipsiita
1480 1555 1624 1601 mouerunt
1634 1553 1689 1604 stc.
1708 1548 1757 1602 ubi
1770 1547 1867 1619 glossa,

185 1633 279 1690 hcmii
307 1638 347 1689 88.
372 1633 410 1687 in·
421 1632 521 1688 Metth.
542 1631 617 1686 circe
632 1629 730 1687 finem:
769 1633 837 1687 Cum
855 1631 922 1687 iilos
938 1634 1014 1702 (gen-
1040 1651 1095 1686 non
1113 1648 1172 1686 esse
1192 1632 1517 1701 considerandumque
1535 1634 1621 1695 duat,
1640 1635 1693 1687 sed
1711 1635 1784 1703 quid
1794 1635 1867 1686 dico·

185 1720 248 1775 tiles
272 1727 302 1775 et
322 1719 456 1782 iudaeos)
481 1719 645 1789 saepissime
667 1718 843 1785 dopmatibns
860 1717 1015 1781 uncinus,
1039 1727 1103 1788 ειη
1128 1718 1157 1771 in
1180 1733 1263 1788 quem
1288 1718 1452 1773 metendam
1476 1717 1580 1789 alleget
1596 1719 1733 1775 Thomsm
1759 1726 1785 1776 2.
1804 1727 1827 1776 2.
1844 1738 1868 1790 q.

185 1807 340 1876 improbam
364 1805 514 1859 mumma
537 1805 624 1859 uitam
647 1804 727 1858 achis
746 1804 894 1872 objiciens,
921 1820 1013 1857 eorum
1041 1810 1080 1858 tt.
1099 1808 1150 1858 ιιι.
1166 1810 1190 1860 3.
1205 1802 1311 1858 Aceste
1327 1803 1374 1858 lib.
1388 1810 1412 1858 2.
1427 1804 1461 1859 de
1480 1821 1587 1874 procur.
1607 1805 1700 1860 Indor.
1718 1805 1770 1861 sul.
1790 1823 1812 1861 a
1829 1810 1867 1861 18:

186 1896 235 1962 qui
251 1893 394 1947 nobiscum
410 1892 516 1960 cicensi,
537 1893 668 1958 mdnera,
689 1892 778 1944 animi
795 1889 925 1945 videlicet
941 1907 1013 1944 mor·
1039 1892 1119 1945 Illud
1136 1890 1252 1944 muitum
1277 1890 1313 1944 ah
1330 1891 1488 1959 Anpnstino
1507 1893 1727 1945 commendatum
1748 1892 1779 1944 in
1798 1899 1865 1944 cate·

186 1981 234 2034 hos
254 1979 408 2048 proferenti
427 1983 480 2032 etc.
514 1977 621 2031 Auctor
640 1975 731 2046 operis
750 1976 858 2047 imperf.
876 1975 949 2031 hom.
967 1981 1015 2031 49:
1040 1977 1183 2030 chiaondis
1214 1977 1332 2030 rudibus
1361 1979 1553 2030 ἀιιιιιιιιιιιπι
1582 1986 1715 2031 oceurate
1738 1985 1867 2043 ses-ostiu,

188 2063 367 2120 Oomersntio
378 2061 601 2117 Christianorum
612 2070 660 2116 aut
672 2064 793 2117 omnium
806 2071 855 2116 out
867 2065 1015 2117 multorum
1040 2072 1070 2116 ot
1088 2065 1292 2117 admoneantur
1310 2065 1346 2130 ii,
1367 2064 1417 2132 pisi
1434 2066 1517 2128 helem
1534 2065 1675 2134 suscipere
1690 2073 1815 2134 parant,
1837 2079 1867 2116 ne

187 2152 255 2207 olim
272 2159 337 2206 erat
349 2157 456 2215 saneta,
476 2166 549 2203 nunc
568 2157 662 2203 autem
679 2155 728 2203 aut
747 2149 819 2202 tales
838 2157 887 2202 aus
903 2150 1016 2218 pejores
1039 2150 1203 2219 relipienem
1221 2157 1345 2202 nostram
1365 2166 1399 2202 ec
1417 2150 1521 2204 nosnos
1537 2149 1693 2203 hominihus
1711 2151 1868 2217 manantur,

179 2239 261 2306 facti
275 2243 340 2292 ssmt
358 2236 526 2304 Chrestiani,
544 2236 643 2304 quales
661 2243 726 2289 sunt
743 2235 879 2288 haeretici
897 2253 931 2290 ac
951 2253 1014 2306 pen·
1040 2238 1092 2289 sed
1115 2253 1148 2289 ea
1171 2236 1261 2305 ipsius
1282 2236 1377 2304 potius
1400 2237 1541 2304 aequitate
1563 2245 1589 2289 st
1612 2237 1772 2292 somtitatc.
1809 2235 1867 2291 su-

186 2326 263 2393 tiles,
287 2323 414 2394 proinde
439 2322 489 2391 pui
511 2323 569 2376 cuit
598 2338 762 2390 opnoscerc,
793 2338 865 2390 puae
889 2321 926 2375 sit
947 2339 1014 2376 ocra
1040 2322 1167 2393 pletonus
1194 2321 1303 2376 disertis
1325 2321 1416 2376 vorbis
1439 2321 1579 2377 concludit
1603 2321 1650 2377 lib.
1678 2328 1701 2378 1.
1725 2322 1762 2376 de
1786 2321 1867 2394 prins

186 2409 292 2466 Christi
315 2409 445 2473 ecclesia,
473 2410 547 2461 unde
573 2414 722 2477 capnoscot
744 2406 801 2460 nisi
823 2410 1014 2462 tantummodo
1040 2407 1127 2463 doctr.
1147 2425 1171 2463 o.
1193 2414 1232 2464 19.
1256 2415 1385 2462 sanctam
1406 2425 1464 2462 esse
1487 2409 1647 2476 ecclesiam,
1666 2410 1721 2461 sed
1739 2412 1865 2462 sononia

182 2496 434 2566 perscripturus.
470 2493 645 2564 Augustinus
668 2492 748 2562 epist.
779 2498 839 2548 137:
876 2494 932 2547 Hic
955 2512 1014 2549 mos
1040 2502 1093 2548 tem
1116 2513 1171 2548 non
1196 2511 1254 2547 esse
1278 2494 1410 2557 ecclesiae
1432 2502 1535 2549 notam.
1577 2493 1694 2549 ”Idem
1717 2493 1747 2548 in
1772 2498 1865 2563 promt

187 2590 227 2638 set
251 2583 454 2637 hamaicorum
482 2584 524 2645 (ut
551 2578 636 2635 hodie
664 2576 824 2633 Bellnrmini
847 2586 876 2634 et
898 2579 1014 2635 eliorum
1039 2580 1139 2637 cathol.
1153 2588 1176 2636 7.
1193 2587 1264 2650 post
1276 2585 1383 2651 pentec.
1398 2580 1450 2637 loc.
1469 2586 1498 2636 4:
1519 2581 1733 2634 Haereticorum
1750 2582 1866 2646 fruetus,

185 2667 404 2733 Pontificiorum)
424 2666 543 2720 crimina
563 2664 683 2732 objicere
700 2665 868 2733 doctoribus,
886 2683 947 2720 cum
958 2685 1013 2721 non
1039 2686 1071 2721 sa
1090 2668 1189 2737 putidus
1208 2668 1338 2735 copnosci
1348 2667 1455 2730 debent,
1472 2684 1521 2720 nec
1533 2674 1596 2720 sunt
1608 2667 1710 2735 aliquio
1719 2684 1790 2720 sero
1800 2682 1867 2736 psas

181 2754 293 2824 possint
314 2752 515 2822 reprehendere
542 2751 707 2803 doctrinam.
751 2749 787 2802 Et
810 2757 903 2805 tomen
931 2755 1013 2806 etiam
1039 2757 1151 2821 docent,
1180 2771 1230 2807 nec
1253 2761 1317 2807 sunt
1337 2768 1446 2822 semper
1470 2754 1535 2821 ipsa
1558 2770 1646 2820 opero
1668 2770 1741 2822 quae
1757 2756 1866 2818 faciunt

185 2842 243 2910 ipsi
261 2839 373 2909 (inquit)
391 2855 452 2891 cum
465 2837 600 2889 maritata
611 2835 710 2903 aliqua
722 2836 860 2889 mannitur
873 2839 1013 2907 adstitere,
1038 2842 1096 2895 sive
1116 2841 1188 2893 bona
1205 2841 1262 2893 eise
1280 2838 1459 2905 malemein
1475 2839 1548 2894 enim
1565 2856 1622 2893 non
1639 2855 1747 2909 semper
1764 2858 1797 2896 ex
1809 2842 1868 2912 ipss

184 2943 234 2981 nec
260 2924 417 2994 projiciunt
437 2938 539 2976 uoores
562 2939 643 2988 sans,
672 2937 722 2975 ιιι
748 2931 881 2975 ocemont
910 2934 1012 2979 matres
1039 2926 1153 2994 haeresi,
1172 2926 1221 2981 sed
1239 2925 1389 2996 aliquunde
1408 2943 1442 2980 ex
1460 2941 1596 2996 personne
1612 2925 1791 2996 improbitate
1808 2945 1866 2998 pro·

184 3029 260 3067 muas.
289 3010 357 3067 Cum
374 3016 465 3062 autem
484 3008 520 3060 de
537 3006 687 3076 aiicuihsss,
706 3007 757 3076 qni
774 3016 899 3062 eandum
914 3028 1012 3066 ιιιιιιι
1039 3013 1175 3082 veniunt),
1203 3014 1255 3066 sed
1278 3020 1342 3066 sunt
1357 3013 1466 3081 purtim
1484 3014 1619 3081 dopmata
1636 3014 1701 3082 ipsa
1718 3014 1865 3075 haeretica,

182 3099 360 3167 profitentur,
385 3093 500 3163 depae
521 3093 647 3148 crimim's
671 3092 715 3146 uel
729 3094 872 3157 falsitatis
889 3099 1012 3151 sonuerit
1037 3100 1119 3167 salsa
1142 3108 1167 3152 et
1192 3098 1293 3168 impia,
1317 3114 1389 3167 pisae
1411 3099 1531 3167 sinpuiis
1554 3099 1703 3152 haereticis
1720 3107 1786 3153 sunt
1800 3118 1865 3169 pro·

183 3184 227 3238 oei
245 3184 306 3238 ueri
318 3182 459 3252 patuerit,
479 3180 597 3248 instaret,
615 3185 756 3247 eampum,
774 3181 911 3246 ambiunt,
929 3183 959 3236 ut
977 3186 1012 3238 de
1035 3187 1106 3256 pria
1125 3193 1151 3239 ιι
1170 3204 1189 3239 a
1206 3185 1326 3253 simpuiis
1344 3185 1503 3239 architectis
1519 3185 1637 3254 proprie
1656 3186 1785 3256 inuento,·
1799 3204 1866 3255 por-

183 3270 309 3327 omnihus
336 3268 388 3323 hoc
415 3268 557 3321 credatur.
597 3264 635 3319 Et
656 3269 754 3335 postes
778 3266 929 3324 concludit:
967 3271 1012 3324 Ne
1038 3275 1087 3327 tim
1110 3273 1194 3325 enom
1216 3274 1357 3340 quaedam
1378 3273 1456 3326 maia
1474 3287 1562 3341 opero
1579 3272 1730 3325 hamensis
1743 3275 1864 3341 proprio

183 3354 326 3425 objiciatis
351 3352 515 3420 haeremus,
545 3351 601 3404 nisi
623 3352 691 3420 ossio
709 3370 766 3407 non
782 3361 846 3407 sunt
867 3354 1012 3427 Catholici,
1039 3367 1065 3412 et
1082 3375 1114 3411 sa
1131 3359 1195 3426 ipsa
1214 3359 1339 3412 humens
1356 3361 1455 3412 radice
1469 3357 1689 3427 pediulnntia.**
1716 3356 1782 3412 Huc
1799 3359 1864 3414 refe·

182 3459 218 3497 ns
233 3440 340 3495 similes
357 3440 397 3492 eis
415 3438 486 3506 ιίιιι,
502 3438 552 3505 qui
568 3455 624 3490 non
640 3437 776 3507 habendo,
795 3442 872 3508 quod
883 3442 912 3494 in
926 3459 1013 3496 casua
1038 3445 1155 3500 rendum
1172 3443 1240 3498 iliud
1252 3443 1412 3499 Bellsrmni
1429 3451 1508 3498 treet
1527 3443 1564 3497 de
1583 3443 1689 3514 indulg.
1701 3443 1731 3497 in
1745 3445 1864 3515 append

182 3543 251 3582 ιιιιι
269 3525 416 3579 divisionis
440 3525 607 3591 dep‘endann
636 3541 691 3579 non
714 3526 771 3578 nisi
793 3527 934 3581 hominum
959 3530 1013 3583 cri·
1039 3532 1074 3586 nd
1092 3530 1194 3585 librum
1214 3531 1249 3586 ds
1268 3548 1374 3586 summo
1392 3530 1492 3600 pontif.
1511 3546 1537 3588 e.
1556 3535 1603 3585 ιιι
1631 3529 1769 3584 Boeotius
1792 3538 1865 3586 tacut

182 3615 261 3668 esino
277 3612 411 3679 coiiipere
429 3612 563 3679 affectant
581 3617 607 3662 ιι
627 3626 660 3663 eo
679 3611 745 3678 ipsa
758 3612 1013 3681 piurafoisissime
1039 3619 1153 3687 quidem
1170 3617 1336 3673 clericorum
1354 3625 1380 3670 et
1390 3617 1589 3670 monachorum
1601 3615 1801 3686 imputatne,
1817 3618 1867 3670 sed

175 3702 299 3770 jactant,
316 3706 346 3751 ut
358 3698 426 3767 quio
443 3698 534 3765 ipsam
546 3695 664 3753 ¹ds‘oinos
678 3697 844 3767 Scripsturae
863 3702 1013 3773 ueritatem,
1040 3705 1135 3758 euhoe
1153 3722 1208 3758 non
1219 3705 1352 3773 sequitur,
1372 3710 1403 3756 ut
1416 3710 1568 3772 propterca
1584 3702 1687 3769 reiipio
1700 3710 1725 3754 et
1739 3704 1867 3757 doctrine

183 3803 239 3858 qua
263 3786 365 3855 usipus
390 3783 496 3853 dissuto
520 3781 627 3836 Christi
651 3784 769 3839 ecclesia
796 3792 1013 3855 commendatur,
1039 3792 1103 3860 ipso
1126 3791 1256 3843 uideatur
1272 3807 1330 3843 esse
1348 3790 1438 3854 falso.
1474 3787 1564 3841 Addit
1583 3787 1708 3857 insuper,
1726 3789 1803 3842 hanc
1820 3791 1867 3842 ins·

182 3872 331 3930 crs'minari
354 3878 381 3925 et
406 3869 554 3924 obscurare
571 3885 627 3921 non
644 3877 773 3939 possunt,
802 3872 938 3938 homines,
960 3893 1013 3944 per
1035 3878 1170 3944 pietatem
1193 3877 1371 3930 sacerdotum
1392 3876 1487 3946 potius
1511 3882 1701 3942 arpumentum
1720 3892 1780 3929 esse
1799 3876 1867 3930 esri-

182 3979 251 4032 puos
268 3958 470 4031 praedicatur,
494 3957 640 4009 adducam
663 3956 694 4008 in
719 3958 829 4026 odium,
854 3961 889 4012 de
914 3961 1013 4030 quihus
1039 3963 1107 4015 tatis
1125 3962 1195 4025 fidei
1211 3961 1400 4029 quasliomae
1414 3961 1524 4027 colitur,
1543 3962 1610 4029 quio
1630 3963 1806 4030 nccpcponi‚
1819 3979 1867 4015 nec

181 4050 329 4115 etpinpere,
347 4043 488 4114 quidquid
500 4043 528 4096 in
542 4044 750 4111 nuntemoenit,
765 4053 893 4112 possunt.
930 4047 1014 4114 (Vive
1039 4048 1110 4102 maii
1134 4063 1223 4100 mores
1245 4054 1364 4115 possunt
1393 4046 1473 4099 silom
1497 4048 1590 4098 sedem
1613 4048 1778 4101 mhuertere.
1824 4045 1869 4102 Sic

180 4134 248 4190 haec
272 4136 315 4189 est
339 4129 487 4200 descriptio
506 4128 733 4184 calumniatorum
751 4130 826 4200 epud
844 4130 1012 4202 Pontificios,
1039 4150 1104 4204 ergo
1130 4133 1256 4202 impietas
1279 4131 1452 4187 secerdotum
1472 4132 1637 4186 Bellurmino
1661 4140 1704 4187 est
1721 4149 1867 4204 argumen-

182 4222 229 4294 qui
256 4218 391 4276 ecclesiae
416 4221 528 4270 nostrae
557 4215 683 4271 doctores
709 4215 841 4271 inauditis
867 4219 1012 4274 calumniis
1038 4229 1097 4275 tum
1115 4218 1238 4273 vmitetis
1253 4217 1327 4285 fidoi,
1347 4218 1471 4288 adeoque
1488 4219 1570 4273 etiem
1591 4217 1733 4281 ecclesiae,
1753 4218 1867 4275 sedhoc

179 4308 314 4380 gravant.)
343 4303 440 4374 Pergit
449 4303 636 4374 Augustinus:
660 4303 713 4357 Vos
728 4312 818 4358 cutem
836 4323 891 4359 non
910 4307 951 4360 ito
969 4310 1011 4361 ιιι·-
1039 4307 1099 4361 Ιοιι
1115 4305 1283 4361 contrarium
1300 4304 1473 4374 pronuntiet,
1499 4304 1525 4356 id
1550 4311 1592 4359 est
1609 4320 1644 4360 ex
1662 4321 1718 4360 uno
1739 4322 1787 4362 ore
1803 4305 1867 4361 eali·

180 4395 290 4450 dicistis
301 4392 448 4455 Christum,
466 4391 494 4444 si
511 4398 602 4443 tarnem
620 4389 701 4446 iiiam
719 4393 838 4445 audistis
855 4400 881 4446 ιι
899 4394 929 4446 in
950 4395 1012 4464 ipso
1039 4394 1105 4447 dum
1122 4400 1150 4446 et
1168 4390 1300 4461 frigidum
1320 4389 1406 4445 efflet.

180 4482 272 4538 edocti
291 4480 366 4535 estis.
404 4479 471 4547 Ipse
490 4478 592 4547 qnippe
611 4478 707 4541 fideles
726 4495 791 4533 suos
809 4497 921 4534 securos
939 4484 1012 4545 facis
1074 4485 1131 4534 260.
1159 4478 1403 4532 Demonstrnturus
1417 4477 1498 4543 enim,
1517 4474 1590 4530 vites
1601 4475 1921 4548 ssnctitstemprscnp

179 4572 264 4625 etiam
287 4571 323 4622 de
347 4565 588 4635 dispunctorihus
612 4565 696 4620 mdis
714 4566 793 4620 maia
810 4585 863 4621 suo
876 4569 1012 4634 socierui·
1039 4566 1131 4620 sertim
1155 4564 1184 4618 in
1210 4561 1369 4619 auctoribus
1392 4579 1441 4617 seu
1463 4561 1558 4631 primis
1581 4562 1706 4632 putribus
1726 4557 1921 4640 refigionisffi

180 4659 229 4710 bus
247 4662 273 4710 st
292 4655 366 4709 bono
385 4654 446 4721 ep'as
464 4651 648 4721 lapsantibus,
666 4652 714 4706 ubi
733 4653 790 4706 ait:
811 4654 887 4714 cuae
906 4656 1011 4725 dicunt,
1038 4669 1098 4706 esse
1121 4657 1214 4706 notem
1232 4649 1377 4716 ecclesiae,
1395 4647 1477 4703 effert
1493 4648 1582 4719 primo
1600 4648 1660 4703 loco
1674 4650 1868 4718 patriarchas,
1879 4649 1921 4691 ³⁵¹¹

97 4768 100 4774 ·
178 4743 282 4809 socitep
307 4757 380 4810 puae
404 4745 497 4794 nudem
520 4738 645 4803 faciunt,
662 4741 765 4805 facere
792 4741 888 4797 nolite.
934 4742 1011 4798 Idem
1033 4738 1188 4807 prophetas
1208 4744 1233 4790 ιι
1250 4736 1409 4804 apostolos,
1436 4735 1558 4789 soeundo
1577 4736 1721 4799 doctores,
1739 4736 1791 4803 qui
1806 4710 1921 4794 con-hii

179 4828 227 4884 lib.
252 4835 275 4883 1.
302 4827 336 4881 de
360 4823 483 4880 moribus
507 4823 603 4878 eccles.
625 4823 726 4881 cathol.
748 4841 773 4879 c.
791 4830 839 4882 ιιι
864 4829 946 4881 Nune
965 4847 1012 4882 uos
1037 4833 1084 4878 tro
1107 4823 1233 4890 stropulos
1255 4822 1382 4876 hoeraes
1406 4820 1590 4888 dimicarunt,
1615 4820 1734 4891 deniqne
1759 4807 1921 4897 instita—Q

178 4912 255 4969 iilud
282 4914 433 4984 admoneo,
464 4918 494 4965 nt
518 4911 676 4979 chs'quondo
700 4911 833 4966 cccleaae
858 4914 1011 4968 catholicae
1037 4919 1111 4964 tores
1140 4909 1272 4963 ordinum
1297 4906 1506 4974 respnsorem,
1536 4923 1605 4975 quos
1625 4914 1743 4975 constet,
1774 4915 1921 5000 omnssffi

179 5001 348 5056 maledicere
374 4999 512 5054 ὀιιίιαιιι
534 4999 720 5067 commando
746 5015 837 5052 mores
862 4998 1011 5069 hominum,
1037 4996 1126 5058 fuisse
1151 5002 1275 5062 somnos,
1303 5001 1408 5061 castos,
1428 4993 1510 5060 pios,
1536 4993 1658 5061 sobrios,
1684 5003 1785 5049 eontra
1803 5011 1867 5048 cero

179 5104 247 5155 quos
273 5095 300 5141 st
324 5088 388 5155 ipsa
411 5087 578 5139 condemnat
603 5093 628 5138 ιι
645 5101 714 5154 quos
733 5084 860 5154 quotidie
879 5092 1012 5154 tanquam
1038 5082 1207 5136 ethnicorum
1225 5082 1354 5134 doctores
1365 5079 1453 5138 fnisse
1470 5078 1513 5132 oei
1531 5082 1629 5148 poetas
1645 5080 1726 5148 leues,
1744 5082 1790 5135 uel
1803 5081 1867 5151 phi·

179 5172 270 5226 maios
285 5174 365 5242 filios
385 5173 527 5242 corripere
552 5174 651 5229 studet.
678 5169 726 5227 lib.
744 5171 780 5225 de
799 5170 904 5253 catech.
921 5172 1012 5228 rudib.
1037 5168 1167 5238 iosephos
1188 5167 1336 5236 amusos,
1365 5165 1527 5219 Muhameto
1549 5165 1623 5220 nihii
1650 5167 1866 5222 incontinentius

179 5271 203 5309 c.
227 5261 269 5311 25.
293 5257 378 5313 refert
401 5277 533 5329 pepones
554 5266 674 5328 propter
697 5257 867 5327 impietatem
892 5275 1013 5326 quorun.
1035 5255 1107 5323 finpi
1128 5252 1266 5322 potuisse,
1295 5251 1507 5306 hamesiarchae
1522 5251 1658 5319 plurimis
1677 5253 1756 5307 uitiis
1771 5255 1867 5322 fuisse

179 5345 245 5395 dam
265 5340 489 5401 Christianorum
514 5346 672 5401 doctrinam
697 5345 838 5414 eccupeiii
859 5345 949 5407 fussee
966 5365 1012 5398 ca·
1037 5349 1196 5410 coopertos,
1224 5339 1349 5394 omnibus
1375 5346 1466 5392 autem
1490 5355 1659 5393 communem
1685 5355 1745 5393 ssss
1772 5357 1868 5409 super·

178 5429 338 5490 iamnintos.
372 5431 488 5490 ”idem
505 5433 585 5503 epist.
605 5438 666 5490 1³62
685 5435 825 5485 Doctores
839 5438 958 5501 possunt
970 5429 1012 5485 io·
1039 5429 1127 5498 biam,
1144 5429 1177 5482 id
1194 5428 1273 5498 cuod
1290 5425 1458 5497 specialitus
1475 5427 1652 5494 posmodum
1669 5426 1804 5496 manipiis
1822 5427 1869 5480 de·
