4004 6022
206 263 265 322 ses
767 253 891 312 necas
909 244 1114 308 messuras
1131 209 1332 312 sacenses

202 415 367 483 argumento
389 427 408 466 a
428 409 563 466 felicitate
586 408 733 480 temporali
749 409 833 464 ducto
851 405 1035 463 idololatriam
1065 403 1150 459 eitste
1167 405 1313 477 temporali
1330 407 1367 462 sd
1386 406 1521 463 ecclesiae
1539 407 1686 463 veritatem
1704 411 1900 479 argumentum

203 513 282 552 susm
303 497 419 553 ecclesia
436 495 590 551 israelitice
605 495 810 567 propugnabat.
839 494 940 550 ierem
959 510 982 547 c
996 498 1037 559 44,
1064 490 1129 544 duci
1156 508 1238 563 posse
1267 499 1379 563 negent.
1420 493 1548 550 lustinus
1574 492 1604 546 in
1631 510 1678 564 qq.
1707 499 1737 548 et
1763 509 1836 563 resp.
1864 493 1899 547 sd

203 602 230 641 v.
258 589 303 640 16:
334 585 551 653 Responderunt
569 583 713 635 Jeremiae
731 599 825 636 omnes
842 580 966 648 Jaaast,
989 577 1039 647 qui
1063 576 1169 631 orthod.
1197 594 1224 648 q.
1244 582 1300 632 116.
1324 594 1390 650 pag.
1409 583 1468 635 368.
1487 578 1609 650 quaerit,
1642 579 1791 642 Quomodo
1811 577 1899 633 Grae·

203 670 366 723 bellabant
384 670 414 722 iu
433 676 509 723 terra
526 667 664 736 Aepppti:
702 667 877 734 Sermonem,
897 682 977 734 quern
996 665 1037 717 lo·
1063 661 1164 716 camus
1190 671 1215 716 et
1236 665 1424 735 poponismus
1448 683 1503 719 non
1521 666 1660 735 probetur
1686 682 1748 721 esse
1775 667 1898 720 sanctior

203 764 283 809 cutus
301 772 329 808 es
346 755 427 808 nobis
441 756 471 808 in
484 754 595 808 nomine
613 754 744 822 Domini,
763 770 821 807 non
840 751 987 806 audiemus
1005 766 1038 803 eu
1066 748 1226 807 Christiana
1256 749 1405 819 relipione,
1439 751 1668 820 quandoquidem
1700 752 1842 821 qssamdiu
1870 751 1897 804 in

203 848 246 908 te,·
264 858 289 893 v.
310 847 349 896 11.
367 842 420 894 sed
433 840 573 907 facientes
578 840 724 907 sociemus
739 855 818 892 omae
829 838 949 904 uerbum,
962 837 1038 905 quod
1063 834 1131 887 urbe
1149 833 1199 887 ille
1219 835 1345 900 obtinuit,
1364 836 1454 890 omnm
1470 837 1512 889 ibi
1528 843 1554 890 et
1574 837 1604 889 ia
1621 837 1702 904 apris
1722 855 1823 891 eorum
1835 855 1896 906 pro

204 927 349 994 epi-editur
371 928 408 980 dc
432 944 479 981 ore
505 933 616 993 nostro,
641 932 672 978 ut
693 924 847 992 tbymiama
871 923 1038 976 adoleamus
1062 920 1184 988 spcritcs
1210 929 1354 974 atrorum
1377 922 1552 975 abundantia
1572 922 1707 990 cripuerit,
1736 923 1825 992 idque
1841 941 1896 976 eum

203 1009 360 1065 Melecbctb
386 1011 459 1065 coeli
477 1018 503 1064 et
522 1011 637 1064 libemus
655 1010 682 1064 ei
700 1008 851 1077 libamina,
876 1008 948 1061 sieut
959 1006 1037 1074 jeci·
1063 1005 1133 1058 illae
1152 1007 1250 1060 crebro
1268 1007 1350 1060 bellis
1362 1015 1565 1076 promerentur,
1584 1024 1616 1061 ec
1634 1025 1690 1076 quo
1708 1015 1807 1061 autem
1820 1010 1849 1061 in
1860 1010 1897 1062 eie

202 1114 264 1150 mus
292 1115 343 1151 nos
369 1105 395 1150 et
415 1103 516 1166 patres
544 1096 635 1149 nostri
664 1097 695 1149 in
719 1095 832 1148 urbibus
854 1095 937 1148 Juda
962 1101 988 1146 et
1006 1093 1036 1145 in
1064 1088 1227 1146 &aalma
1257 1093 1377 1148 incaluit
1402 1094 1562 1162 professio,
1590 1094 1718 1149 dornibw
1745 1102 1772 1148 et
1796 1095 1897 1149 civibus

201 1182 304 1251 plateis
316 1183 486 1246 Jerusalem,
505 1190 531 1236 et
550 1182 672 1235 saturati
690 1199 784 1235 sumus
797 1181 921 1250 panibus
936 1187 961 1233 et
971 1179 1036 1231 bene
1062 1186 1088 1231 et
1107 1179 1218 1247 reliqua
1236 1181 1384 1250 copiarum
1403 1181 1529 1233 metato
1546 1188 1611 1234 sunt
1628 1182 1783 1235 desistam
1796 1191 1823 1235 ct
1835 1182 1897 1251 quta

202 1268 281 1321 nobis
305 1276 367 1322 orat
389 1268 548 1336 nidumque
576 1286 632 1322 non
656 1267 786 1323 vidimus.
809 1285 836 1320 v.
865 1272 904 1322 18.
939 1267 986 1319 Ec
1003 1282 1035 1318 eo
1061 1264 1108 1316 cia
1129 1265 1278 1335 reliquias,
1305 1284 1377 1335 quae
1403 1285 1422 1320 a
1443 1265 1564 1321 &acces
1582 1266 1650 1320 olim
1668 1275 1813 1321 minuta
1830 1275 1896 1336 sunt,

203 1361 295 1412 autem
320 1361 457 1422 tompore,
481 1371 535 1423 quc
555 1355 721 1407 cmsavimue
739 1354 902 1422 sacrificare
920 1352 1036 1420 repinae
1062 1352 1256 1416 aedificiorum
1279 1353 1440 1419 retinentes,
1466 1354 1543 1421 quod
1561 1353 1721 1421 aliquando
1739 1354 1825 1406 urbes
1839 1356 1896 1417 fue

203 1440 275 1493 coeli
294 1448 320 1494 et
337 1441 431 1495 libare
450 1441 478 1493 ei
496 1441 645 1505 libamen,
664 1440 850 1509 instipulatus,
869 1440 993 1494 omnum
1010 1446 1037 1491 et
1063 1437 1133 1500 rint,
1161 1440 1318 1495 ostendunt.
1355 1437 1518 1509 Respondet
1533 1444 1627 1492 eutem
1644 1437 1697 1492 hoc
1715 1439 1818 1494 modo:
1854 1441 1896 1493 Er

204 1525 304 1593 plodio
330 1534 356 1580 et
375 1528 456 1592 fame
475 1527 613 1580 consumti
629 1545 733 1582 munus.
766 1525 873 1583 Eodem
891 1524 975 1596 plane
993 1540 1036 1576 ar·
1062 1523 1187 1577 ubertate
1211 1534 1238 1578 et
1255 1525 1373 1594 proiice
1395 1533 1533 1593 prouentu
1551 1526 1676 1594 fraqam
1698 1527 1896 1596 domorumque

86 1616 312 1666 internorum
335 1628 437 1682 genere
454 1610 556 1666 ethnici
575 1616 672 1665 contra
689 1609 859 1666 Christianos
878 1613 1036 1682 pugnantes
1061 1617 1093 1661 ut
1116 1612 1228 1664 urbium
1251 1619 1277 1664 ct
1304 1628 1438 1680 aprorum
1459 1611 1612 1665 solitudine
1632 1613 1669 1664 de
1685 1612 1840 1666 sanctiate
1855 1629 1895 1665 eo

204 1697 389 1752 idololatriam
408 1696 692 1753 suamdefenderunt.
721 1695 903 1767 Symmachus
915 1695 945 1748 in
959 1694 1036 1765 epist.
1061 1713 1137 1766 rum,
1160 1698 1209 1766 qui
1231 1698 1300 1751 aliis
1318 1704 1480 1766 praestant,
1507 1698 1701 1766 conjecturam
1720 1714 1826 1767 capere
1845 1716 1894 1752 nos
1930 1720 1934 1724 ’

204 1788 244 1838 80.
270 1783 345 1855 apud
366 1783 547 1838 Ambrosium
572 1782 709 1855 disputat,
734 1784 956 1852 permanendum
978 1797 1036 1834 esse
1061 1782 1135 1845 licet,
1152 1784 1278 1836 Domino
1291 1785 1408 1837 Decea
1426 1782 1549 1836 utilitato
1566 1783 1733 1835 mortalium
1744 1800 1794 1837 res
1805 1784 1894 1854 bajus

202 1869 232 1923 in
254 1871 341 1922 ueteri
356 1870 494 1937 relipione
512 1871 719 1936 Romanorum,
743 1871 820 1939 quod
844 1869 959 1923 illorum
977 1884 1035 1920 res·
1061 1868 1140 1921 modi
1157 1869 1309 1937 praebente
1332 1877 1415 1937 atque
1435 1870 1598 1938 auferente,·
1624 1870 1678 1922 sed
1697 1871 1839 1924 sanctitas
1855 1887 1893 1925 eo

197 1955 317 2024 publica
339 1955 516 2024 amplissima
535 1962 560 2008 et
582 1955 786 2023 florentissima
802 1956 880 2024 fait,
900 1954 1035 2023 quamdiu
1061 1971 1138 2022 rum,
1161 1954 1211 2022 qui
1229 1955 1297 2007 aliis
1315 1963 1378 2007 sunt
1392 1955 1632 2033 praestantiores,
1655 1970 1689 2008 ea
1712 1955 1811 2018 bonis,
1830 1973 1894 2025 quae

202 2042 302 2095 Joeem
328 2049 355 2094 ct
383 2041 544 2109 Apollinem
563 2040 716 2094 coluerunt.
751 2041 927 2113 Augustinus
944 2038 991 2093 lib.
1013 2045 1035 2094 1.
1062 2039 1151 2093 animi
1168 2040 1354 2093 destinatione
1371 2040 1406 2093 ab
1425 2041 1467 2093 eis
1480 2040 1679 2109 perficiuntur,
1705 2042 1841 2110 operibus
1857 2043 1894 2095 di

203 2128 238 2183 de
255 2127 330 2183 civit
355 2126 410 2182 Dei
432 2143 456 2182 e.
476 2131 524 2180 ³0:
554 2127 669 2194 Papani
683 2128 791 2196 afflicti
807 2127 890 2180 rebus
907 2126 1036 2180 adversis
1056 2125 1216 2193 judicatm.
1265 2127 1416 2180 Enimuero
1444 2133 1475 2178 ut
1498 2125 1622 2178 bomines
1649 2127 1840 2180 mamanibus
1868 2129 1894 2181 in

203 2215 391 2283 qumebantur
410 2215 446 2266 de
468 2212 638 2267 Cbristianis
656 2222 683 2267 et
701 2215 847 2268 Roamnoe
864 2212 1036 2283 reipublicae
1062 2211 1154 2264 sacris
1176 2211 1285 2265 bodias
1305 2214 1474 2282 offerrentur
1493 2219 1520 2264 et
1535 2219 1581 2274 ut,
1608 2212 1659 2281 qui
1677 2213 1745 2266 Deo
1765 2187 1893 2276 conuenit,

203 2301 345 2354 cladem
332 2319 363 2353 sn
380 2300 548 2367 reliqionern
565 2307 689 2353 nostram
707 2300 877 2366 referebant,
895 2298 963 2366 quia
979 2297 1036 2350 diis
1063 2298 1195 2352 inanimis
1217 2299 1390 2353 eabiberetur
1410 2299 1512 2365 bonor,
1538 2296 1659 2352 Graccis
1677 2315 1777 2352 rerum
1793 2301 1894 2369 potien-

202 2389 261 2441 suis
283 2387 447 2454 sacrificare
471 2385 693 2455 prohiberentur.
717 2385 766 2439 lib.
792 2390 815 2439 2.
836 2384 871 2440 de
889 2383 963 2439 civit.
981 2381 1036 2438 Dei
1062 2385 1136 2437 tibus
1154 2386 1329 2453 estfactum.
1366 2385 1536 2439 Cbrsbtianis
1555 2392 1647 2438 amem
1662 2385 1894 2440 incalescentibus

203 2491 227 2529 o.
254 2480 278 2530 3.
296 2459 441 2539 memorat,
466 2471 611 2542 wlgetum
633 2472 698 2526 olim
716 2471 802 2526 fuisse
819 2470 896 2542 apud
912 2468 1035 2524 ethnicos
1061 2470 1178 2535 nefaria
1201 2471 1363 2539 bujsssmodi
1383 2469 1557 2524 Graecorum
1580 2471 1638 2524 sice
1652 2488 1839 2540 popanorum
1855 2491 1894 2527 sa·

203 2559 392 2632 proverbium:
411 2560 517 2613 Placia
529 2560 634 2623 defecit
643 2577 730 2612 causa
741 2557 899 2614 Christiani
906 2556 1035 2623 nominis,
1062 2574 1114 2610 cro
1131 2565 1195 2609 sunt
1211 2556 1363 2626 prohibito.
1397 2557 1444 2609 Ea
1462 2558 1567 2611 talibus
1585 2573 1652 2625 erpo
1666 2559 1894 2629 rebssrtanqucn

203 2647 233 2701 in
264 2662 335 2717 quse
364 2644 450 2700 verbu
478 2644 518 2699 sic
544 2649 745 2699 commentatur
772 2642 906 2699 Ludovic.
936 2641 1034 2697 Vives:
1062 2643 1228 2710 quibasdam
1250 2642 1324 2696 notis
1349 2641 1572 2700 Christianorum
1595 2644 1777 2698 sanctitatem
1804 2647 1893 2715 dique

205 2732 354 2799 Sipniticat
377 2732 433 2800 ita,
456 2731 562 2784 dictum
579 2731 657 2784 illud
672 2730 764 2796 fuisse
783 2730 819 2782 ab
836 2729 932 2797 impiis
949 2728 1034 2781 bomi-
1061 2745 1137 2781 scere
1164 2735 1273 2798 oportet
1297 2736 1324 2781 et
1341 2745 1397 2782 non
1416 2745 1449 2781 ea
1464 2730 1583 2797 fmspum
1601 2730 1758 2799 afflueritia
1778 2739 1807 2786 et
1823 2733 1893 2786 aedi

203 2818 454 2885 ciliciensium,
477 2825 507 2870 ut
527 2817 668 2886 quidquid
686 2817 758 2869 mali
776 2817 927 2884 accideret,
946 2816 1035 2885 impu·
1054 2815 1142 2882 ficiis,
1159 2833 1215 2867 non
1234 2830 1266 2867 eu
1284 2814 1398 2866 urbibus
1416 2822 1442 2867 et
1459 2816 1547 2883 apris.
1579 2814 1760 2886 Augustinus
1777 2818 1808 2872 in
1823 2819 1894 2889 epist

202 2905 322 2958 tandum
348 2918 407 2956 esse
430 2900 601 2955 Christianis
621 2902 798 2971 judicarent.
833 2899 1033 2956 Tertullianus:
1064 2906 1119 2956 120.
1156 2900 1193 2955 ad
1226 2899 1374 2955 Honorat:
1412 2901 1673 2965 Beneficentissima
1712 2905 1894 2973 procidentia

202 2992 402 3044 Praeteaentm
426 3005 493 3043 sane
519 2989 561 3042 od
578 2988 639 3041 odii
657 2987 850 3054 defensionem
868 2988 950 3042 sliam
968 3005 1033 3057 quo-
1061 2987 1234 3056 omnipotens
1256 2988 1336 3039 Deus
1359 2993 1502 3039 terrenam
1522 2987 1692 3051 felicitatem
1717 2991 1856 3045 concessit
1870 2997 1894 3045 ct

203 3093 255 3146 que
268 3076 428 3144 vanitatem,
447 3077 525 3145 quod
536 3074 701 3142 existiment,
719 3074 809 3126 omnis
823 3074 957 3143 publicae
976 3075 1034 3128 cla·
1060 3073 1169 3142 impiis,
1195 3089 1229 3126 nc
1250 3088 1307 3142 pro
1331 3089 1432 3141 maqno
1455 3082 1637 3141 quaereretur
1657 3093 1677 3128 a
1695 3075 1787 3130 bonis.
1805 3076 1852 3132 lib.
1873 3082 1892 3133 1.

202 3164 263 3227 dis,
290 3163 380 3216 omnis
405 3161 560 3232 popularis
585 3161 755 3215 incommodi
780 3159 956 3214 Christianos
975 3176 1034 3213 esse
1061 3160 1097 3214 de
1125 3158 1177 3214 civ.
1207 3158 1261 3214 Dei
1288 3175 1312 3213 c.
1343 3162 1375 3213 8.·
1411 3159 1528 3213 Placuit
1557 3160 1671 3214 dicinae
1695 3163 1893 3231 providentias

115 3290 117 3295 .
202 3265 333 3316 causam,
357 3248 385 3301 si
408 3248 518 3301 Tiberis
539 3247 688 3300 adsccndit
707 3247 737 3301 in
756 3245 879 3309 moenia,
906 3246 933 3298 si
946 3245 1034 3300 Nilus
1055 3262 1236 3315 praeparare
1256 3245 1287 3297 in
1294 3252 1439 3314 posteram
1451 3245 1523 3299 bona
1529 3247 1627 3315 justis,
1646 3247 1748 3315 quibus
1763 3267 1822 3303 non
1833 3251 1892 3316 sru-

200 3352 257 3389 non
281 3335 430 3388 adscendit
455 3333 486 3387 in
508 3351 592 3402 arua,
618 3333 645 3385 si
666 3332 772 3386 coelum
796 3332 881 3399 stetit,
908 3333 934 3384 si
958 3340 1033 3385 terra
1060 3340 1140 3385 entur
1157 3331 1264 3400 irtjusti,
1282 3318 1308 3384 et
1328 3330 1407 3384 mala
1426 3331 1535 3400 impiis,
1559 3333 1657 3401 mima
1675 3351 1732 3387 non
1754 3336 1892 3390 wuda·

202 3421 299 3486 mouit,
317 3420 345 3473 si
360 3422 468 3489 sames,
486 3419 514 3472 si
532 3420 605 3484 lues,
623 3418 718 3472 statim
741 3418 918 3473 Cbrimionm
937 3420 978 3471 ad
994 3419 1032 3471 le·
1060 3419 1161 3472 buntur
1184 3417 1256 3472 boni.
1297 3419 1360 3470 Ista
1385 3433 1450 3472 uero
1476 3417 1645 3487 temporalia
1670 3420 1744 3474 bona
1769 3431 1800 3475 et
1820 3421 1893 3476 malo

202 3522 283 3560 onem
301 3506 484 3563 acclamatur.
519 3503 676 3574 Cyprianus
694 3508 791 3558 contra
807 3503 944 3560 Demetr.:
975 3504 1034 3558 Sed
1058 3504 1184 3573 utrisque
1201 3503 1289 3557 coluit
1308 3519 1366 3556 esse
1384 3504 1549 3573 communia,
1566 3511 1598 3557 ut
1616 3507 1893 3577 nccbanacupidiss

201 3593 276 3645 enim
307 3609 369 3644 acm
398 3592 491 3654 dicas,
515 3591 657 3658 plurimos
683 3590 830 3658 conqueri,
862 3591 939 3657 quod
959 3590 1034 3643 bella
1059 3598 1238 3660 appetantur,
1259 3605 1330 3658 qssoc
1349 3588 1420 3642 mali
1436 3591 1833 3659 quoquebaberecernmstur,
1847 3599 1938 3650 maxa

201 3679 325 3732 crebrius
343 3685 473 3744 turpant,
500 3676 578 3744 quod
594 3676 666 3744 lues,
693 3677 770 3743 quod
787 3676 880 3738 sames
897 3676 1033 3739 sarciant,
1059 3677 1137 3752 mala
1159 3675 1281 3745 turpiter
1303 3675 1456 3740 enitentur,
1479 3676 1578 3744 quibus
1602 3683 1628 3729 et
1646 3677 1714 3730 boni
1730 3679 1892 3751 plerumque

202 3764 280 3832 quod
296 3762 405 3824 imbres,
423 3762 500 3829 quod
512 3760 627 3828 plumas
643 3761 1034 3829 serenalonqasuspcndant,
1059 3763 1233 3832 afficiantur.
1277 3759 1398 3814 ”Idem
1424 3760 1474 3815 lib.
1499 3760 1534 3816 de
1562 3776 1653 3833 egone
1678 3761 1784 3822 Christ
1808 3781 1832 3822 e.
1857 3770 1891 3822 12

202 3848 282 3901 nobis
302 3846 448 3915 imputari,
469 3845 547 3898 ultro
565 3852 657 3898 tacere
676 3863 732 3899 non
750 3853 865 3914 oportet
900 3845 978 3900 Haec
995 3847 1034 3901 ibi
1059 3867 1086 3918 p.
1113 3853 1178 3904 320:
1213 3848 1346 3902 Ecclesia
1365 3848 1505 3902 catbolica
1518 3865 1572 3917 per
1590 3856 1679 3902 totum
1697 3852 1794 3906 orbern
1813 3853 1892 3921 lonpe

203 3932 298 3988 Vives.
333 3932 412 3986 Idem
432 3929 607 4002 Augustinus
625 3930 673 3987 lib.
696 3930 1033 3988 auenniensem.
1060 3934 1170 4003 lateque
1203 3935 1310 4003 diffusa
1342 3933 1461 4003 impetus
1489 3935 1609 3988 bostium
1639 3935 1782 4007 franpens
1806 3939 1893 4006 mapis

202 4017 422 4074 commemoratis
447 4017 614 4088 quibusdem
637 4017 774 4071 diutamis
788 4022 913 4071 veterum
932 4017 1034 4072 Roma
1059 4021 1201 4088 maqisque
1223 4021 1358 4074 roborato
1384 4027 1424 4073 est
1444 4037 1501 4073 non
1522 4021 1694 4086 resistendo,
1720 4024 1776 4076 sed
1799 4027 1892 4094 perse-

201 4120 299 4159 norum
317 4103 398 4158 bellis
415 4103 572 4174 subjungit:
591 4104 749 4157 Haecidco
763 4120 953 4173 commemoro,
968 4122 1033 4173 quo·
1059 4107 1197 4161 rendo.“
1241 4104 1320 4160 Idem
1348 4104 1397 4162 lib.
1418 4110 1442 4162 2.
1468 4105 1503 4161 de
1529 4105 1602 4161 civit
1622 4103 1677 4161 Dei
1699 4124 1724 4165 o.
1745 4114 1796 4165 2³.-
1830 4112 1893 4166 Non

200 4190 278 4244 niam
305 4190 388 4243 multi
409 4191 633 4258 praeteritarum
658 4207 753 4243 rerum
776 4190 885 4259 ipnari,
917 4192 1032 4258 quidam
1059 4193 1156 4260 mapni
1177 4193 1334 4261 persdamus
1354 4199 1493 4245 arronem
1509 4192 1692 4258 felicitatem,
1717 4211 1794 4264 quac
1812 4197 1893 4251 malb

200 4277 285 4331 stiam
311 4275 536 4329 dissimulatores
561 4292 629 4329 suae
648 4276 796 4345 scientiae,
820 4275 847 4327 si
864 4277 1033 4345 temporibus
1059 4279 1142 4333 etiam
1162 4279 1319 4348 plerunque
1343 4277 1519 4346 conceditur,
1546 4292 1596 4331 nec
1615 4295 1678 4332 eam
1694 4296 1797 4336 rursus
1815 4283 1895 4352 qisasi

101 4430 104 4435 ¹
203 4363 373 4418 bbristianis
397 4362 518 4430 aliquod
540 4362 642 4416 bellurn
660 4363 753 4432 paulo
776 4362 937 4416 diuturnius
956 4364 1034 4417 trabi
1059 4365 1163 4418 malam
1182 4363 1357 4431 arbitremur,
1377 4380 1438 4416 cum
1458 4363 1541 4416 etiam
1559 4365 1589 4416 in
1610 4381 1644 4418 ea
1662 4365 1768 4420 multos
1780 4368 1849 4437 pios
1861 4385 1912 4422 ae·

199 4449 309 4515 eidem,
337 4446 415 4501 illico
440 4448 471 4501 in
489 4455 615 4502 nostram
636 4449 802 4517 reliqicnem
823 4448 1032 4517 protervissime
1058 4451 1143 4504 bonos
1167 4449 1250 4501 unius
1275 4449 1335 4501 Dei
1356 4448 1478 4503 rubores
1498 4450 1712 4519 praepolluisse
1738 4453 1893 4511 rideamus.

199 4533 329 4587 insiliunt
347 4533 551 4597 occlamantes,
571 4535 690 4603 quodsi
707 4534 762 4587 ua
782 4551 837 4588 non
855 4542 927 4588 esset
944 4543 970 4588 et
988 4553 1031 4590 ee·
1057 4536 1119 4592 libr.
1141 4541 1180 4591 18.
1195 4536 1230 4590 de
1250 4535 1325 4589 civit.
1343 4534 1396 4590 Dei
1415 4551 1439 4588 e.
1457 4541 1497 4591 54.
1517 4535 1593 4590 circe
1610 4535 1709 4592 finem
1731 4539 1842 4594 Ambae
1858 4541 1893 4595 ci·

200 4627 258 4673 tere
274 4620 333 4673 ritu
350 4620 465 4672 numina
482 4619 655 4688 colerentur,
677 4619 739 4688 iam
755 4621 886 4674 Romana
904 4621 959 4675 illa
976 4623 1032 4676 cir-
1058 4624 1158 4677 abates
1181 4628 1299 4686 (terrens
1322 4627 1350 4675 et
1373 4621 1513 4683 coelestis)
1535 4623 1738 4691 temporalibus
1753 4627 1798 4680 cel
1818 4627 1893 4682 bonis

200 4712 270 4774 tute,
294 4722 365 4774 quoe
382 4706 536 4773 adjurante
555 4705 653 4758 Marte
672 4713 698 4758 et
715 4706 840 4759 Bellona
863 4713 944 4759 torua
964 4710 1032 4762 cele·
1055 4710 1167 4779 pariter
1181 4715 1303 4771 manner,
1315 4707 1359 4761 ael
1372 4707 1456 4761 malis
1465 4707 1577 4776 pariter
1590 4709 1772 4778 qulipuntusz
1783 4714 1894 4768 diuersa

199 4791 270 4844 riter
294 4790 371 4844 bella
393 4792 528 4857 confecit,
555 4792 588 4843 id
604 4808 713 4859 quoque
733 4792 877 4845 celerrime
890 4794 1031 4862 finiretur.
1057 4798 1130 4864 fide,
1147 4795 1261 4848 diuerso
1279 4810 1342 4864 spe,
1361 4794 1473 4848 diverso
1492 4811 1603 4864 amore,
1624 4797 1714 4850 donec
1731 4799 1835 4856 ultimo
1852 4802 1893 4870 ju

198 4876 305 4931 Eodem
330 4882 495 4947 argumento
518 4876 606 4931 utitur
623 4876 716 4930 Turca
733 4878 762 4931 in
780 4877 933 4942 Alcoreno,
957 4881 1031 4935 unde
1058 4882 1135 4935 dicio
1170 4888 1338 4949 separentur
1375 4886 1400 4933 et
1430 4880 1575 4949 percipiat
1604 4899 1790 4954 unaquaeque
1819 4904 1894 4941 m

199 4961 275 5030 dicit,
292 4962 422 5030 plodium
438 4963 494 5015 sibi
512 4962 646 5016 diuinitus
664 4972 763 5016 contra
781 4962 956 5019 Christianos
973 4983 1031 5020 esse
1057 4970 1148 5034 finem,
1166 4968 1248 5036 cajus
1267 4966 1362 5020 nullm
1381 4971 1422 5019 est
1432 4965 1510 5032 finis.
1529 4965 1577 5023 lib.
1596 4965 1632 5021 de
1644 4967 1729 5027 utilit.
1744 4971 1820 5030 cred,
1833 4990 1856 5028 a
1872 4980 1892 5029 1.

198 5048 343 5103 traditum.
389 5049 442 5103 Est
464 5048 551 5119 igitur
575 5056 769 5120 argumentum
789 5049 874 5116 illud,
897 5068 952 5121 quo
970 5052 1032 5106 Bel·
1057 5051 1228 5107 haereticum
1247 5069 1310 5107 eum
1330 5050 1495 5117 arbitretur,
1519 5052 1570 5120 qui
1587 5052 1715 5123 alicujus
1733 5059 1895 5128 temporalis

198 5134 331 5188 terminus
349 5133 451 5201 11111111,
476 5134 560 5203 plane
575 5135 729 5203 ethnicum,
753 5135 1031 5209 '1¹urcicumetEpi·
1058 5139 1197 5192 commodi
1224 5146 1250 5192 et
1279 5137 1397 5191 mammo
1431 5136 1541 5204 pieriae
1576 5139 1819 5212 principatusque
1854 5144 1895 5198 sui

199 5234 325 5288 curcum,
350 5218 406 5274 imo
430 5219 558 5274 diabolus
582 5220 728 5292 splendore
751 5238 898 5293 regnorum
917 5224 1031 5277 munde·
1057 5241 1146 5278 causa
1163 5225 1263 5291 salsas
1289 5223 1436 5294 opiniones
1461 5223 1598 5291 sequitur.
1636 5225 1782 5284 Amabius
1808 5230 1894 5286 libb

198 5321 296 5359 norum
320 5304 356 5359 ad
383 5304 568 5361 idololatriam
596 5305 736 5362 Christum
763 5307 892 5378 pellicere
915 5317 1030 5366 conatus
1058 5311 1121 5366 adv.
1141 5318 1218 5383 gent.
1238 5327 1301 5382 pag.
1326 5315 1388 5365 120:
1410 5309 1494 5363 Nibil
1509 5317 1550 5362 est
1569 5311 1651 5366 nobis
1663 5316 1842 5383 promissum
1859 5317 1895 5372 ad

198 5388 254 5443 tuit
272 5389 368 5446 lietth.
388 5397 418 5460 4,
436 5408 463 5449 r.
482 5397 507 5448 8.
538 5392 606 5449 Luc.
627 5399 740 5462 4,1.11.
775 5400 798 5449 θ.
818 5393 916 5450 Patres
933 5410 951 5450 a
969 5396 1029 5450 ieli-
1057 5399 1130 5453 banc
1154 5399 1257 5467 ubam,
1281 5413 1332 5451 noc
1350 5396 1379 5449 in
1398 5396 1567 5451 carunculae
1584 5397 1723 5462 sediculo
1742 5403 1895 5462 comanti

1186 5647 1201 5700 l
