4004 6022
811 292 862 348 nn
881 292 1073 353 sconsam.
1346 326 1352 351 ·.
1721 300 1783 365 040

93 447 300 519 Babylonicum
329 446 404 502 illum
431 447 460 501 10
485 448 655 520 Apocalypsi
682 450 851 506 meretricem
881 451 989 506 dc-Ide
1008 453 1072 508 ritis
1088 452 1261 524 pontificum,
1286 452 1420 522 Baptista
1437 451 1683 507 Mannsanuslib.
1702 458 1785 510 110-

93 542 248 589 moustrare
273 550 306 587 ac
330 533 441 603 publice
467 540 559 588 notam
582 536 673 590 faeere
690 537 820 595 soluisse.
860 539 928 590 Don
954 538 1097 608 photesiae
1125 544 1187 594 tart.
1239 538 1338 594 Jacob.
1373 539 1500 608 Philipp.
1530 541 1728 608 Berpomensis
1757 540 1786 594 in

95 622 183 673 Piero
197 622 230 673 di
242 621 342 672 Meuia
357 619 428 673 hanc
440 618 580 674 historiam
595 621 623 674 in
636 621 799 677 authenticis
811 621 928 676 auctori·
955 625 1145 695 supplemento
1168 624 1261 679 chron.
1303 625 1471 678 Tritlemias
1494 625 1522 677 10
1541 625 1635 681 chron.
1653 625 1784 698 Hirsaug.

95 708 149 761 bus
163 723 224 761 sese
235 706 368 775 reperisse
376 711 497 760 testatur
510 723 625 779 eamque
640 726 702 762 cum
711 710 849 763 nonnullis
867 668 942 762 aliisi
955 712 1100 764 Jobannes
1120 713 1234 765 Marisa
1253 712 1346 778 Belpa
1367 711 1403 764 (10
1420 709 1629 780 schismatibus,
1653 713 1786 766 Alterius

93 792 321 849 memorabilibus
336 790 522 847 Romanorum
538 794 733 864 Imperatorum
749 794 929 848 invictissimo
956 796 1116 864 Crastinus,
1148 798 1329 850 Hermannus
1361 799 1501 850 Aedituus
1528 798 1575 852 lib.
1606 803 1630 854 2.
1664 807 1733 869 part.
1762 806 1785 855 2.

94 881 196 935 Carolo
210 881 243 935 V.
263 878 480 950 lingualbcrica
497 880 642 950 inscripsit.
679 880 784 934 Valent.
804 881 928 933 Murmec-
954 884 1100 937 Jolannes
1120 884 1268 936 Henaldus
1281 881 1316 937 de
1329 888 1401 937 statu
1416 883 1547 938 ecciesiae
1560 884 1596 937 ad
1609 882 1738 937 Carolum
1751 881 1786 938 V.

92 985 144 1019 rsus
152 966 183 1020 in
192 965 412 1036 chronographia
420 984 452 1021 ex
464 966 612 1020 Iiuldensis
625 966 749 1021 coenobii
761 966 929 1021 bibliotheca
955 969 1096 1022 Henriens
1118 969 1266 1022 Cornelius
1284 969 1417 1037 Aprippa
1445 969 1479 1024 de
1503 968 1586 1023 nobil.
1610 976 1638 1023 et
1657 968 1785 1039 praecell.

92 1053 253 1123 conscripta
269 1058 297 1106 et
311 1051 490 1106 Fuldensium
509 1052 629 1122 praesuli
649 1053 776 1107 dedicata
794 1059 884 1107 aetate
903 1056 927 1108 3.
954 1071 1034 1108 serus
1057 1056 1168 1110 feminei
1193 1073 1226 1110 ac
1254 1055 1288 1109 de
1313 1055 1395 1110 00011.
1423 1055 1516 1109 scient.
1536 1073 1560 1108 c.
1581 1055 1615 1109 de
1635 1054 1784 1123 monachis,

93 1140 155 1209 ejus
174 1138 339 1193 mentionem
357 1137 433 1192 fucit.
462 1137 648 1193 Meminerant
658 1139 781 1209 ejusdem
798 1138 927 1193 Domini·
954 1143 1117 1195 Riolrarelus
1141 1143 1353 1210 Wasseburpins
1383 1142 1571 1196 Verdsmerssis
1594 1141 1624 1194 10
1649 1141 1785 1209 chronico,

93 1244 144 1278 000
169 1226 334 1279 1000101100
358 1225 506 1280 cardinalis
529 1225 590 1277 libr.
610 1232 633 1280 9.
662 1226 695 1279 de
717 1225 811 1280 concil.
832 1231 882 1279 art.
902 1232 926 1280 9.
956 1227 1039 1282 Liber
1066 1229 1111 1282 cui
1137 1228 1235 1282 titulus
1258 1229 1443 1297 puerperium
1471 1245 1567 1297 papae
1595 1227 1685 1282 editus
1712 1242 1786 1280 anno

92 1318 284 1367 00009011.
310 1313 359 1365 Pr.
377 1314 509 1365 Leander
523 1312 655 1364 Albertus
668 1313 856 1366 Bononiensis
872 1328 928 1366 mo·
958 1321 1030 1368 1599,
1067 1317 1237 1368 Bernartius
1266 1313 1409 1367 (iiras-das
1433 1313 1671 1385 historiographus
1693 1313 1786 1383 regius

92 1398 213 1466 nachus,
236 1385 283 1470 qui
303 1415 332 1451 se
351 1398 379 1451 in
399 1398 520 1452 texenda
543 1397 659 1450 historia
676 1397 737 1451 illos
755 1398 927 1468 potissimum
955 1399 1089 1469 Gallicus,
1109 1402 1218 1454 Paulus
1237 1401 1436 1455 Constantinus
1452 1398 1576 1470 Phrygio
1594 1400 1623 1452 in
1642 1399 1785 1467 chronicis,

93 1490 219 1539 secutum
246 1483 357 1553 scribit,
386 1484 433 1555 qui
458 1483 561 1537 rectius
587 1484 765 1554 exactiusque
789 1485 840 1539 visi
864 1491 929 1536 sunt
954 1488 1100 1541 Jotannes
1118 1489 1242 1542 [0010100
1268 1488 1296 1542 10
1316 1486 1460 1550 chronico,
1486 1486 1614 1539 Achilles
1641 1485 1786 1539 Gaesarem

94 1571 238 1641 scripsisse
269 1571 298 1623 10
326 1570 396 1624 libro
422 1569 540 1641 quodam
565 1570 739 1640 privilegiato
766 1570 928 1637 aCacsare,
955 1576 982 1627 in
1007 1575 1149 1644 chronico,
1188 1577 1261 1629 Luci.
1290 1573 1404 1628 Coelius
1430 1574 1590 1642 Rodipinus
1619 1573 1719 1628 solnm.
1746 1579 1784 1629 tt.

47 1674 77 1715 tr.
94 1656 209 1727 regibus
230 1655 427 1726 Hispaniarum
450 1663 478 1710 01
499 1653 660 1710 Galliarum.
701 1658 781 1710 Liber
807 1659 927 1710 110000.
954 1661 1039 1732 antiq.
1067 1661 1130 1717 lect.
1167 1662 1296 1715 Valerius
1320 1661 1469 1714 Anselmus
1491 1660 1520 1713 in
1544 1660 1637 1716 chron.
1663 1660 1784 1714 Beruen-

95 1743 253 1812 s'ndulpent.
281 1759 353 1796 anno
380 1749 452 1798 1525.
482 1742 587 1796 Romae
611 1743 702 1797 editus
722 1742 856 1812 affirmat,
880 1760 927 1823 0οῙ
953 1746 1029 1800 sibus
1055 1746 1163 1811 dicato,
1191 1749 1234 1802 M.
1256 1745 1370 1800 Gnarus
1394 1746 1422 1799 10
1447 1746 1540 1801 chron.
1562 1744 1623 1801 Ital.
1660 1746 1785 1799 lacobus

54 1890 62 1905 ,
94 1831 190 1900 gelum
209 1829 272 1882 huic
292 1829 420 1899 papissae
438 1836 546 1882 uterum
564 1830 670 1899 gerenti
689 1830 850 1899 apparuisse
864 1829 927 1899 ipsi·
956 1835 1040 1887 00010
1066 1833 1095 1886 10
1119 1833 1278 1904 chronolog.
1322 1833 1426 1886 Petram
1447 1833 1609 1897 Flanolrus,
1639 1834 1785 1886 Jobannes

94 1934 150 1988 qne
185 1917 325 1986 optionem
362 1914 482 1984 eligendi
515 1932 634 1985 poenam
669 1915 849 1986 temporalem
879 1922 928 1969 aut
953 1919 1112 1972 Nauclerus
1137 1919 1166 1973 in
1192 1917 1284 1974 chron.
1323 1920 1366 1971 M.
1386 1919 1527 1972 Antonius
1549 1919 1665 1973 Coccina
1687 1919 1783 1972 Sobel·

92 2010 234 2056 aeternam
256 2000 374 2067 dedisse,
392 1999 480 2070 ipsam
497 2017 561 2055 vero
578 2002 712 2072 pudorem
731 2001 926 2073 temporarium
952 2005 1023 2058 licus
1043 2004 1159 2061 ennead.
1183 2011 1208 2061 9.
1230 2004 1278 2059 lib.
1303 2012 1324 2060 l.
1366 2005 1512 2058 Jolsanaes
1537 2005 1629 2059 Stella
1655 2004 1784 2059 sacerdos

92 2087 217 2158 elegisse.
266 2087 397 2154 Ilaplae'l
432 2088 619 2141 Volateranas
655 2088 683 2141 in
715 2089 927 2156 commentariis,
952 2091 1083 2158 Venetus,
1101 2091 1185 2146 Liber
1204 2091 1249 2145 cui
1267 2091 1363 2146 titulus
1378 2093 1456 2145 Onus
1473 2092 1623 2155 ecelesiae,
1646 2090 1782 2145 Caristia

93 2192 165 2246 quos
187 2174 240 2244 ipsi
265 2172 389 2244 pontifici
413 2173 489 2228 iulio
514 2174 551 2230 ΙΙ.
578 2174 733 2244 inscripsit;
769 2175 926 2244 Stephanus
952 2196 1003 2231 nrm
1021 2178 1172 2233 illaesurus
1191 2177 1219 2230 in
1237 2177 1336 2232 Chron.
1358 2185 1386 2232 et
1405 2177 1452 2231 alii
1470 2178 1576 2248 plures,
1605 2194 1720 2249 quorum
1745 2185 1783 2233 te·

93 2263 209 2315 Btnnclr
232 2261 418 2314 Passavianus
442 2260 478 2314 ad
496 2261 686 2315 Alexandrum
704 2260 753 2316 VI.
773 2260 925 2316 (10110100-
952 2265 1080 2319 stimonia
1101 2265 1158 2319 late
1178 2271 1305 2319 recenset
1329 2263 1392 2319 ioh.
1416 2262 1514 2320 wolff.
1542 2263 1604 2319 lect.
1634 2262 1783 2318 memorab.

92 2366 147 2403 nae
167 2346 243 2404 urbis
255 2347 394 2400 miraculis
406 2364 478 2401 anno
494 2352 566 2401 1500.
597 2348 926 2401 10110000011000000110
952 2358 1024 2406 cent
1042 2356 1064 2406 9.
1082 2368 1154 2406 anno
1172 2358 1230 2408 854.
1248 2371 1275 2422 0.
1294 2357 1351 2406 224.
1369 2357 1398 2405 01
1413 2369 1488 2422 seqq.
1524 2349 1675 2404 Historiam
1694 2351 1782 2421 ipsam

91 2436 194 2490 Gallus
218 2434 252 2488 dc
277 2433 400 2489 bonitate
425 2439 453 2488 et
479 2433 585 2487 malitia
605 2450 686 2488 sexus
706 2433 830 2498 feminei,
856 2435 925 2487 Pla·
952 2437 1073 2492 Polonus
1099 2439 1138 2492 sic
1163 2437 1306 2492 describit:
1335 2438 1404 2490 Post
1426 2438 1546 2490 Leonem
1567 2435 1619 2491 IV.
1639 2437 1784 2489 Joitannes

88 2514 155 2576 'tina
173 2523 208 2576 de
227 2521 290 2574 vitis
309 2519 479 2590 pontificum,
499 2521 646 2573 illartinns
663 2521 802 2586 Paiones,
826 2521 924 2575 **Bel-
952 2526 1064 2593 Anplus
1094 2526 1208 2578 natione
1241 2524 1426 2592 Mopnntinus
1460 2524 1534 2576 sedit
1562 2523 1646 2576 annis
1677 2524 1784 2576 cluobsss

93 2609 225 2664 larminus
244 2608 278 2661 de
295 2608 389 2677 script.
409 2608 504 2661 eccles.
523 2607 551 2660 in
565 2605 685 2661 Martino
698 2607 804 2661 Polono
818 2624 844 2676 p.
860 2612 924 2661 360:
951 2611 1089 2664 mensibus
1107 2610 1228 2680 quinque
1246 2610 1344 2662 diebus
1361 2617 1482 2678 quatuor
1499 2610 1783 2679 0100000001οΜ01-

93 2696 129 2749 In
156 2695 301 2765 impressis
328 2695 411 2749 codd.
436 2695 571 2748 Mariani
596 2700 622 2747 el
646 2694 786 2762 Sipeberti
812 2694 926 2762 irrepsit
952 2705 1030 2751 eolus
1045 2714 1137 2751 mense
1156 2714 1228 2765 uno,
1248 2703 1374 2749 mortuus
1394 2703 1434 2749 est
1451 2697 1567 2751 Romae.
1608 2696 1665 2748 Hic
1682 2698 1783 2763 fertur

92 2783 162 2836 laec
180 2781 285 2847 fabula
303 2798 335 2833 ea
354 2780 480 2833 Martini
496 2780 602 2847 Poloni
622 2781 710 2850 libro,
737 2783 789 2834 sed
805 2782 835 2834 in
854 2781 924 2833 anti·
950 2784 1058 2847 femina
1079 2783 1170 2846 fuisse
1195 2791 1221 2835 et
1247 2799 1308 2834 cum
1325 2782 1355 2835 in
1373 2783 1500 2851 puellari
1516 2789 1607 2835 aetate
1625 2801 1644 2834 a
1661 2783 1782 2850 prodam

93 2869 157 2939 quis
174 2868 373 2936 manuscriptis
388 2868 579 2921 simulabatur.
608 2866 686 2921 idem
702 2866 786 2923 habet
796 2866 844 2922 lib.
856 2872 880 2921 3.
890 2867 925 2922 de
951 2887 1001 2941 000
1026 2868 1134 2922 amasio
1163 2868 1192 2921 in
1214 2867 1309 2921 latim
1331 2868 1412 2921 rrirsii
1430 2868 1555 2921 Athenas
1566 2868 1673 2933 sumant
1691 2869 1783 2936 dicata,

92 2956 127 3012 R.
146 2956 178 3012 P.
198 2972 221 3010 c.
240 2960 281 3010 24.
320 2953 449 3007 Ceterum
468 2953 531 3007 vide
549 2953 594 3006 hic
611 2953 789 3008 assertionem
801 2953 924 3009 vcrilahs
951 2956 981 3008 in
1000 2955 1120 3009 dirersis
1137 2953 1261 3007 scientiis
1280 2953 1322 3007 ita
1336 2954 1475 3023 profecit,
1496 2962 1526 3006 nt
1543 2953 1638 3007 001100
1651 2971 1710 3023 par
1729 2953 1785 3005 sihi

94 3042 240 3097 historicae
268 3041 303 3093 de
328 3056 403 3110 papa
421 3039 548 3095 iohanne
567 3038 647 3095 VIII.
669 3048 764 3094 contra
781 3040 924 3096 Bellarmi·
951 3042 1133 3110 inueniretur,
1163 3042 1235 3093 adeo
1264 3047 1294 3091 ut
1318 3046 1384 3107 post
1414 3040 1521 3092 Itomae
1549 3039 1644 3108 tepens
1668 3057 1782 3106 mopsos

92 3148 160 3184 num
190 3133 219 3183 et
248 3127 397 3181 Batonium
421 3125 576 3179 institutam
601 3143 618 3178 a
642 3125 772 3180 Cunrado
796 3125 923 3182 Declrero
950 3129 1098 3196 mopistros
1126 3125 1281 3194 0110000100
1306 3131 1330 3177 et
1348 3124 1494 3178 meditaret
1515 3125 1632 3178 baberet.
1664 3126 1781 3177 Etcum

93 3213 286 3286 Oppenheimii
299 3229 372 3266 anno
387 3217 459 3266 1912.
474 3212 503 3264 10
516 3218 538 3266 8.
568 3210 683 3282 Effigies
700 3213 830 3283 papissae
848 3213 923 3267 illius
950 3215 980 3267 in
998 3215 1065 3266 urle
1084 3213 1143 3266 uita
1162 3218 1188 3264 et
1207 3209 1324 3263 scientia
1343 3227 1462 3278 mapnae
1482 3210 1622 3279 opinionis
1641 3208 1781 3278 esset,'in

92 3300 272 3373 parturientis
305 3317 320 3352 e
352 3315 418 3353 saxo
453 3298 597 3353 efformata
633 3299 734 3353 mansit
768 3315 856 3370 usque
887 3301 923 3354 ad
949 3319 1055 3371 papam
1083 3297 1259 3352 concorditer
1283 3295 1407 3363 elipitur.
1452 3297 1512 3350 Sed
1536 3297 1566 3349 in
1592 3304 1702 3366 papatu
1727 3312 1781 3364 per

92 3390 175 3443 Pium
193 3388 228 3443 V.
255 3386 302 3458 qui
327 3402 386 3440 eam
407 3385 436 3438 in
454 3384 577 3438 Tiberim
594 3385 693 3455 projici
711 3387 867 3453 mandavit,
893 3395 925 3442 ut
950 3405 1029 3440 00000
1062 3384 1240 3449 familiarem
1271 3382 1489 3452 impraepnater.
1539 3385 1640 3436 Verum
1662 3390 1781 3451 ‘tempus

93 3475 225 3530 memoria
248 3474 308 3542 ejus
330 3471 370 3526 rei
393 3472 557 3526 aboleretur.
593 3470 725 3528 Hasenm.
750 3472 778 3526 in
795 3473 923 3545 triumph.
946 3483 1048 3544 partus
1069 3473 1217 3540 ipsoram,
1244 3487 1305 3522 curn
1331 3470 1367 3522 de
1389 3477 1486 3522 sancto
1505 3471 1592 3522 Petro
1613 3470 1642 3522 in
1661 3470 1779 3523 Latera-

92 3562 194 3632 papist.
220 3577 247 3629 p.
268 3565 326 3614 419.
351 3558 455 3611 Romae
480 3558 562 3612 etiam
581 3558 674 3628 pueris
695 3564 789 3615 notam
809 3578 868 3615 esse
885 3559 924 3614 hi·
950 3581 1014 3615 num
1032 3561 1166 3622 maderet,
1194 3561 1346 3625 arrpnstata
1361 3563 1451 3624 partu
1468 3555 1541 3608 inter
1562 3555 1734 3614 Colossaeum
1754 3562 1779 3608 et

92 3648 205 3703 storiam
235 3646 415 3700 memorat.**
466 3643 624 3711 Sipebertus
658 3645 864 3699 Gemilacensis
894 3647 923 3701 in
952 3648 1050 3702 Sancti
1064 3643 1213 3700 Clemmtis
1224 3642 1370 3696 eeclesiam
1382 3643 1493 3712 peperit
1506 3642 1536 3696 in
1548 3642 1603 3696 ria.
1630 3643 1779 3712 Etpostea

92 3732 253 3796 annalibus,
278 3731 432 3785 Marianus
460 3731 559 3783 Scelus
580 3729 608 3783 in
628 3730 755 3785 chronico
780 3749 813 3786 ex
832 3740 922 3788 vestu·
950 3741 1060 3788 mortua
1074 3729 1350 3798 ibidern,utdieitur,
1363 3728 1474 3798 sepulta
1484 3730 1550 3794 fuit.
1579 3732 1618 3783 Et
1628 3737 1780 3798 propterea

91 3819 219 3874 stissimis
248 3815 444 3872 coenobiorum
470 3813 548 3868 libris
576 3815 691 3870 collecto
716 3817 745 3871 in
769 3834 841 3871 anno
865 3825 921 3874 854.
950 3821 1026 3890 quod
1041 3817 1183 3872 Dominus
1197 3832 1277 3886 popa
1296 3817 1413 3868 eandm
1431 3814 1506 3869 0100
1524 3831 1637 3884 semper>
1645 3815 1779 3884 obliquat,

91 3905 262 3974 110001010ιο
287 3904 316 3956 10
339 3901 498 3972 polychron.
523 3898 570 3954 lib.
590 3909 612 3956 5.
638 3917 661 3956 c.
680 3906 721 3957 32.
757 3905 923 3958 Fasciculus
950 3907 1074 3960 creditam
1093 3903 1204 3958 omnino
1223 3902 1405 3971 quibusdam,
1425 3902 1502 3968 quod
1520 3900 1553 3953 ob
1572 3902 1779 3954 detestationem
1791 3911 1828 3950 11.
1841 3906 1887 3949 als.

90 4000 247 4060 ternporum
271 3987 398 4044 Werneri
423 3986 608 4054 lbrllcwinclr,
638 3987 795 4043 Olsronr'eon
819 3992 923 4045 Norin-
948 3993 1024 4058 facti
1046 3992 1097 4044 loe
1123 3991 1231 4056 faeiat,
1257 4004 1307 4043 nee
1331 3989 1420 4055 ipitur
1445 3988 1563 4056 ponitur
1592 3988 1622 4039 in
1650 3987 1779 4054 eatalopo

92 4080 224 4147 her-pense
257 4076 364 4129 Hartm.
396 4073 534 4128 Schedclii
569 4089 641 4127 anno
675 4080 747 4130 1494.
784 4094 923 4146 excusum,
949 4085 1110 4133 sarmarum
1125 4077 1288 4146 pontificum
1306 4082 1363 4127 tom
1378 4080 1497 4142 propter
1505 4073 1664 4125 muliebrem
1677 4090 1778 4138 seeum,

92 4165 261 4233 liudolphus
280 4161 473 4216 Fiscianensis
492 4160 650 4225 monachus,
669 4161 825 4216 Cicronieon
846 4164 924 4217 Cam-
950 4182 1034 4234 quom
1047 4170 1168 4233 propter
1187 4161 1394 4228 deformitatem
1411 4159 1494 4224 faeti.
1529 4157 1607 4213 Haec
1629 4158 1676 4213 ille
1695 4159 1778 4214 histo-

87 4254 247 4322 pistoriense
266 4247 497 4317 msnuscriptum,
522 4247 622 4317 inquo
643 4247 843 4302 abbatisillius
863 4268 923 4306 coe·
951 4250 1134 4321 riographus,
1170 4248 1205 4303 dc
1236 4262 1352 4319 quorum
1379 4245 1497 4300 veritate
1527 4263 1576 4315 per
1607 4245 1780 4318 octingentos

92 4337 170 4392 nobii
190 4339 392 4398 enumerantur,
412 4333 924 4408 [100010011000010010000001011,
949 4337 1036 4390 ferme
1065 4351 1151 4392 annos
1176 4336 1204 4389 in
1232 4334 1292 4404 ipso
1315 4331 1459 4387 Pontificio
1483 4347 1570 4404 regno
1595 4347 1735 4403 nunquam
1763 4349 1780 4386 a

95 4424 255 4479 Chronieon
272 4424 509 4490 Arpentoratense
526 4420 757 4491 manuscrIptum,
778 4423 841 4475 Otto
859 4425 924 4477 Fri·
951 4439 1089 4494 quoquam
1109 4420 1266 4476 dubitatum
1284 4419 1328 4473 rel
1348 4418 1538 4489 disceptatum,
1560 4418 1778 4489 summaeigitur

91 4509 245 4578 stirpensis,
268 4506 422 4571 Gotfridus
445 4507 630 4573 Viterlicnsis,
651 4509 790 4561 liebertus
813 4508 924 4577 (101100,
951 4508 1139 4581 impudentiae
1163 4513 1192 4562 et
1215 4506 1350 4562 audaciae
1372 4505 1457 4562 fiterit
1475 4511 1532 4560 tam
1553 4504 1778 4576 0011000100-

98 4596 264 4652 Willelmus
295 4596 397 4647 (locam
425 4611 448 4647 c.
477 4599 533 4648 124.
563 4592 653 4663 operis
680 4611 781 4665 nonag.
810 4595 924 4665 dierum,
951 4613 998 4651 ves
1016 4595 1176 4666 scriptores,
1202 4608 1319 4666 quornm
1343 4592 1573 4648 consentientium
1596 4591 1778 4647 monumentis

90 4684 240 4737 Martinus
264 4681 406 4735 illinorita
430 4680 457 4732 in
484 4679 577 4733 chron.
604 4681 684 4749 cujus
707 4681 805 4736 titulus
829 4682 924 4737 Floras
951 4699 1082 4753 expressa
1100 4681 1189 4751 liquet
1207 4680 1317 4750 raritas,
1336 4679 1472 4734 mandacii
1492 4678 1636 4750 cujusdam
1654 4693 1778 4749 arguere.

89 4777 261 4839 temporum,
280 4768 450 4821 Franciseus
470 4767 624 4819 Petrarclm
645 4767 675 4821 in
692 4767 798 4836 chron,
816 4768 923 4823 dolon·
952 4767 1069 4823 Oswald.
1087 4766 1205 4821 Crollius
1223 4766 1252 4820 in
1270 4765 1408 4820 itinerario
1426 4764 1522 4820 Italico
1540 4770 1681 4834 memorat,
1700 4764 1778 4821 Senis

89 4855 289 4910 nesBoeatius
308 4853 342 4909 de
359 4852 440 4906 claris
459 4850 564 4906 mulier.
580 4868 605 4907 c.
619 4857 660 4907 99,
690 4853 836 4907 Jolmnnes
850 4855 924 4910 Hms
951 4855 979 4907 in
1009 4853 1113 4924 templo
1142 4851 1294 4908 cathedrali
1326 4850 1489 4907 catharinae
1525 4851 1645 4906 omnium
1677 4850 1776 4904 Roma·

90 4943 128 4997 de
147 4940 244 4996 eccles.
265 4957 289 4996 c.
312 4945 350 4995 13.
379 4938 532 4993 Castrensis
549 4937 598 4993 lib.
620 4945 642 4992 5.
662 4954 687 4994 c.
706 4944 729 4992 3.
769 4941 924 4996 0110001000
950 4958 1047 4996 norum
1067 4937 1228 5010 pontificum
1247 4936 1332 4993 facies
1350 4937 1472 5008 sculptas
1490 4939 1519 4992 10
1538 4953 1672 4992 marmore
1690 4935 1776 4991 rideri

92 5028 320 5093 Coristantiense,
343 5026 469 5079 Joeolus
496 5026 531 5076 sle
549 5024 719 5091 110οί000010
739 5024 768 5078 10
788 5025 923 5092 chronico,
950 5032 979 5081 et
997 5026 1025 5079 in
1045 5026 1088 5080 his
1106 5040 1217 5097 quoque
1238 5040 1288 5078 suo
1312 5022 1407 5078 ordine
1425 5023 1539 5094 reperiri
1557 5021 1712 5078 iohannem
1729 5039 1777 5093 pa·

90 5115 252 5168 Amerinus
277 5112 319 5167 tit.
347 5117 386 5167 16.
409 5115 480 5181 part.
506 5115 530 5164 2.
554 5127 576 5163 c.
602 5116 624 5164 1.
649 5106 677 5182 ξ.
702 5116 725 5165 1.
767 5101 1014 5184 610οο1000100οι
1039 5111 1185 5182 0100010110
1208 5111 1250 5164 his
1274 5108 1377 5165 verbm:
1402 5109 1522 5163 Femina
1546 5106 1650 5179 Appia.
1690 5109 1776 5161 Anto·

89 5210 170 5257 00100
202 5199 302 5256 Ulmae
333 5198 495 5268 impressum
525 5211 597 5250 anno
633 5200 705 5249 1486.
758 5196 923 5266 Cornpilntio
948 5201 1031 5254 ninus
1054 5205 1199 5266 memorat,
1227 5196 1366 5268 quoddam
1391 5197 1501 5267 signum
1525 5197 1683 5267 sculpturae
1706 5213 1775 5256 mar·

91 5286 293 5353 cli-ronolopica
322 5283 424 5353 scripta
455 5299 527 5336 anno
559 5286 631 5337 1479.
662 5281 789 5339 Francos.
818 5301 836 5337 a
861 5285 923 5341 Joh.
948 5301 1056 5341 moreae
1079 5284 1107 5338 in
1130 5284 1190 5351 ria,
1215 5283 1265 5338 nbi
1289 5283 1341 5338 hoc
1364 5282 1550 5353 contingeret,
1576 5282 1612 5336 ob
1633 5284 1716 5356 hujus
1735 5291 1774 5344 rei

91 5371 211 5426 Pistorio
234 5371 323 5435 edita,
355 5371 434 5423 Vetus
457 5369 606 5422 chronicon
628 5368 825 5423 Germanicam
843 5388 923 5426 ercu·
948 5372 1105 5428 memoriam
1122 5370 1242 5442 positum
1259 5369 1352 5424 fuisse.
1389 5369 1470 5422 Felia
1488 5370 1645 5424 Malleolus
1662 5372 1690 5426 in
1709 5373 1773 5428 dial.

89 5476 155 5512 sum
173 5459 317 5528 Augustae
336 5472 408 5510 anno
433 5461 505 5510 1415.
544 5453 700 5508 Guilelmus
717 5456 843 5510 Jaoolus
866 5477 921 5514 mo·
948 5459 984 5513 de
1004 5456 1087 5513 nobil.
1112 5455 1210 5520 refert,
1231 5454 1412 5510 Benedictum
1434 5455 1547 5510 tertium
1564 5456 1593 5510 in
1613 5456 1773 5516 001100000-

90 5544 198 5601 nachus
221 5542 419 5599 Ecmondensis
445 5558 531 5612 prope
554 5542 721 5599 Alcmariam
738 5542 768 5598 in
785 5543 921 5616 rhythmis
946 5545 1016 5601 riam
1044 5548 1147 5600 certum
1170 5542 1266 5600 sellam
1289 5541 1364 5615 apud
1381 5531 1537 5599 iohannem
1556 5542 1771 5603 Iatnsnsnsem
