4004 6022
224 246 281 306 itt
816 237 939 296 LOCUS
956 234 1162 295 acuamus
1181 235 1325 298 PRIMUS

219 397 371 463 toqonnmr
390 395 426 448 de
443 392 637 464 mammasti,
656 394 709 447 sest
727 395 763 447 de
780 393 955 448 aceidmmii
972 408 1055 462 sapa·
1081 391 1143 446 vini
1163 401 1283 448 maneat.
1318 392 1496 449 Innocentius
1519 393 1568 449 hb.
1592 399 1617 449 1.
1641 394 1677 449 ds
1701 400 1785 466 myst
1802 410 1866 466 cap.
1886 399 1919 450 tr

219 481 261 533 sis
279 482 475 548 conversione,
500 478 611 549 alioqui
627 496 684 533 non
700 487 922 534 marmur-assent
938 477 1056 532 Ιιιαέιί-
1082 478 1210 534 tianae
1227 481 1438 548 quiescerent,
1465 481 1542 550 qsaod
1559 480 1632 534 sicat
1645 487 1712 549 poet
1730 482 1920 534 eoneematio-

220 575 265 620 tae
298 566 332 619 ob
361 583 485 633 manna,
520 565 602 622 Num.
636 572 674 621 11.
705 565 779 622 idem
811 572 905 622 tamen
933 563 1056 636 subjicit,
1082 581 1143 618 nem
1167 582 1235 619 sera
1257 565 1346 634 panis
1363 575 1508 619 remanent
1529 567 1704 635 accidentia,
1728 574 1756 620 et
1773 567 1815 620 sic
1833 567 1920 621 mam

219 669 323 707 manna
340 653 433 719 fuisse
451 660 547 722 typam
565 654 751 707 eucharistiae
775 671 831 708 non
850 654 947 722 quoad
964 660 1055 705 trans-
1081 668 1148 704 uera
1160 652 1254 720 panis
1263 659 1376 706 maneat
1392 652 1562 718 substantia,
1585 652 1653 720 auia
1671 653 1745 705 sicat
1762 653 1919 721 mbjeatarn

218 739 491 804 substantiationem,
516 741 569 793 sed
592 740 688 807 moad
704 739 893 793 accidentiam
910 754 1055 792 ramanen-
1081 754 1138 790 non
1151 745 1245 806 potest
1262 737 1410 791 mansisse
1428 739 1489 791 sine
1508 737 1706 806 accidentibus,
1726 739 1770 791 sie
1788 738 1919 792 madea-

218 827 288 878 tiam
311 825 367 879 uim
393 832 419 879 et
437 826 610 893 efficaciam,
639 826 761 878 comedit
780 825 853 878 emm
870 842 958 896 sapor
977 841 1055 878 man·
1081 823 1124 875 tia
1141 839 1198 875 non
1212 831 1332 893 poseant
1350 824 1559 877 scemurense
1571 824 1703 892 subjecto.
1740 830 1765 878 i.
1778 823 1823 879 De
1835 823 1919 881 moto

218 927 286 974 nas,
306 927 360 978 qrso
375 920 463 980 pacto
478 912 591 980 possint
610 910 772 963 accidentia
786 911 875 979 panis
894 918 920 964 ct
936 911 997 965 sini
1012 926 1055 963 re·
1080 907 1191 962 bomine
1209 907 1367 963 acutissimo
1385 916 1414 965 et
1432 909 1591 965 dccbssimo
1610 909 1714 966 fatetur
1731 908 1918 966 Bellarmiuus

218 1014 330 1050 manem
354 1005 381 1051 et
403 999 513 1051 nutrire
538 997 599 1051 sine
622 997 739 1050 illoram
755 997 920 1050 mimaritia.
953 998 1055 1065 itaque
1081 993 1130 1048 lib.
1149 1001 1172 1049 3.
1192 993 1227 1050 de
1244 995 1352 1051 euchar.
1371 1013 1395 1050 c.
1417 1002 1456 1052 23.
1476 992 1504 1070 ἐ
1521 1012 1608 1050 unum
1630 1003 1736 1063 umen,
1765 998 1843 1066 quast
1860 1014 1918 1051 nan

218 1084 353 1153 implicite
372 1093 397 1138 et
415 1093 614 1154 aameqnenter
630 1102 718 1155 sapor
736 1085 812 1139 alius
830 1092 912 1153 atmse
932 1084 1008 1138 alius
1025 1084 1055 1136 in
1080 1082 1188 1135 noverit
1218 1097 1382 1134 consensum
1406 1082 1486 1136 illum
1507 1089 1641 1151 patmm,
1673 1083 1820 1146 nimirum,
1852 1084 1919 1155 quia

218 1187 322 1223 manna
340 1178 424 1240 typus
440 1187 549 1241 meaque
566 1172 625 1236 suit
639 1171 970 1224 transsubstantiatione.
1003 1169 1054 1223 Sa·
1080 1163 1145 1218 telis
1160 1181 1216 1220 uon
1234 1174 1301 1220 erat
1338 1173 1362 1222 8.
1381 1166 1538 1222 Cassander
1558 1167 1586 1221 in
1603 1166 1721 1222 consult
1732 1185 1759 1239 p.
1772 1174 1814 1224 63.
1827 1176 1917 1224 traam

215 1274 272 1326 por
291 1257 365 1310 enim
382 1256 460 1310 alias
477 1257 566 1310 aliam
583 1257 767 1310 substantiam
784 1257 915 1310 comitari
937 1264 962 1309 et
979 1255 1054 1308 indi·
1080 1249 1340 1307 substantiationem
1364 1260 1391 1305 et
1416 1255 1526 1308 nomine
1550 1262 1576 1307 et
1594 1270 1627 1307 re
1645 1271 1746 1308 noram
1766 1270 1827 1309 esse
1847 1255 1918 1310 iate·

219 1361 285 1396 care
304 1344 383 1397 solet.
419 1341 475 1398 Sed
492 1358 544 1397 uec
561 1342 630 1397 haec
648 1341 769 1398 Cornelii
788 1342 925 1397 sententia
941 1341 1054 1411 probari
1079 1341 1134 1390 tur.
1169 1337 1301 1393 Erasmus
1319 1339 1348 1392 in
1367 1346 1460 1395 annot.
1482 1346 1503 1394 1.
1521 1338 1583 1394 Cor.
1603 1346 1627 1394 1.
1642 1357 1669 1410 p.
1683 1345 1748 1395 32¹1:
1767 1341 1918 1408 insanam

218 1435 325 1499 potest;
355 1435 376 1484 l.
396 1429 559 1483 miraculum
586 1428 670 1492 illud,
698 1427 773 1498 quod
797 1442 899 1482 manna
917 1426 1054 1480 unicuivis
1079 1425 1421 1479 transsubstantiationem
1451 1443 1515 1479 sera
1544 1426 1669 1490 definioit
1700 1426 1835 1492 melana,
1865 1427 1916 1481 dia

218 1531 327 1569 omnem
343 1531 470 1585 saporem
478 1531 529 1585 pro
542 1514 634 1570 lubitu
648 1513 736 1585 ipsius
750 1512 913 1581 exhibuerit,
927 1529 945 1566 a
956 1512 1054 1582 Moyse
1079 1510 1149 1563 eatis
1173 1518 1234 1563 crat
1259 1513 1388 1578 credere,
1407 1512 1473 1565 stes
1492 1511 1543 1564 sub
1558 1528 1636 1580 pane
1656 1520 1833 1581 causer-ata,
1858 1512 1915 1566 siue

217 1619 274 1656 non
303 1607 469 1671 annotatum
501 1608 524 1656 2.
549 1619 582 1656 ex
608 1600 679 1654 libro
702 1600 863 1671 Sapientiae
886 1599 916 1653 id
941 1597 1053 1669 probari
1080 1613 1240 1665 nimiumque
1266 1599 1350 1650 niodo
1373 1601 1472 1651 adeam
1493 1599 1599 1652 Christi
1621 1615 1731 1666 corpas
1769 1597 1915 1664 Quomodo

217 1688 329 1760 nequit,
358 1693 381 1742 3.
400 1686 512 1758 Moyses
537 1693 644 1742 certum
668 1687 774 1758 saporis
797 1703 907 1757 genus„
924 1684 1053 1739 videlicet
1078 1680 1165 1751 igitur
1185 1683 1503 1738 uamsubsuntiationis
1526 1684 1629 1756 dogma
1652 1686 1688 1740 de
1711 1684 1848 1739 catholico
1867 1702 1914 1755 pa·

218 1783 250 1828 ut
268 1772 375 1829 similae
393 1790 456 1827 cum
475 1773 569 1841 melle,
588 1773 687 1828 tribuit
703 1789 835 1842 mannae3
866 1778 889 1827 1.
908 1771 932 1825 si
951 1788 1053 1826 manua
1079 1773 1153 1820 trum
1171 1784 1307 1823 concensu
1325 1770 1439 1842 gloriari
1456 1771 1568 1841 potest?
1588 1769 1740 1842 Gregorius
1754 1772 1790 1825 de
1802 1770 1914 1826 Valent.

217 1858 343 1916 exhibuit
362 1874 471 1915 omnem
487 1852 622 1929 saporem,
632 1875 692 1914 cur
705 1857 847 1913 israelitae
861 1857 1053 1912 desiderarunt
1079 1852 1126 1906 lib.
1147 1860 1168 1908 1.
1188 1854 1224 1909 de
1243 1864 1381 1927 praesent.
1394 1856 1497 1912 Christi
1514 1857 1544 1911 in
1558 1857 1668 1913 eochar.
1679 1873 1704 1912 c.
1719 1863 1757 1912 111.
1769 1875 1798 1928 p.
1811 1863 1871 1914 331.
1886 1854 1914 1932 ξ.

217 1962 386 2011 cucumeres,
404 1961 536 2016 pepones,
555 1943 629 2013 allia,
645 1943 745 2015 pisces,
759 1961 855 1999 carnes
867 1942 943 1999 eta?
965 1949 988 1997 5.
1002 1957 1053 2012 per
1079 1938 1207 2010 denique,
1228 1942 1367 2011 agnoseit,
1381 1951 1481 2012 patres
1499 1943 1643 1998 obscurius
1661 1946 1696 1997 ste
1707 1945 1915 1997 mammbstam

216 2032 370 2088 coctionem
395 2037 424 2086 et
442 2031 682 2101 praeparationem
699 2030 788 2085 varios
806 2029 953 2101 acquisivit
971 2046 1051 2099 sapo-
1077 2024 1195 2079 tiatioae
1219 2026 1325 2080 ionitae
1345 2045 1404 2082 csse
1429 2037 1514 2098 atque
1535 2029 1705 2098 simplicius,
1734 2030 1803 2097 qaia
1832 2038 1914 2098 pata-

217 2136 275 2184 res,
300 2124 332 2172 ut
352 2117 498 2188 exponitur
515 2117 598 2173 Num.
619 2122 663 2185 ll,
682 2134 708 2171 v.
724 2121 748 2171 8.
784 2122 809 2171 6.
829 2115 852 2169 si
871 2115 915 2171 vel
934 2115 1051 2169 maxime
1079 2110 1156 2178 bant,
1175 2129 1204 2166 ee
1224 2131 1280 2166 non
1296 2114 1354 2166 nisi
1370 2115 1506 2169 catholice
1524 2134 1543 2168 a
1562 2114 1716 2170 camelinis
1730 2132 1813 2182 posse
1833 2116 1914 2170 intei-

218 2205 254 2259 de
271 2221 373 2258 manua
390 2203 445 2258 ista
462 2203 555 2258 omnia
566 2202 789 2270 concederentur,
802 2208 897 2257 tamen
911 2201 1048 2257 transsui>
1078 2196 1144 2265 liei,
1168 2206 1195 2251 ti
1220 2216 1254 2252 ne
1277 2201 1439 2267 mysterium
1465 2201 1644 2255 irridendum
1674 2200 1835 2270 infidelibus
1869 2218 1914 2255 ea·

218 2290 359 2345 sannatia
384 2289 465 2361 panis
492 2290 521 2344 in
544 2287 712 2343 eucharistia
735 2288 857 2343 nondum
883 2286 966 2343 etiam
989 2302 1052 2357 pro·
1074 2290 1226 2352 ponerent,
1251 2285 1280 2338 si
1303 2286 1332 2339 in
1356 2286 1529 2339 sermonibus
1541 2287 1732 2356 popularitas
1750 2289 1914 2341 senmsstiam

216 2377 329 2434 barat*
1079 2387 1161 2424 suam
1185 2370 1377 2439 emanassent.
1412 2371 1452 2426 At
1475 2372 1498 2425 si
1523 2370 1668 2428 obscurius
1690 2373 1727 2427 ds
1750 2372 1804 2428 hac
1829 2390 1914 2444 quse·

118 2480 145 2521 n
158 2479 204 2525 ιιι.
255 2469 310 2521 138,
347 2463 473 2519 Alteram
497 2461 614 2516 classem
638 2467 864 2532 argumentorum
887 2477 937 2531 pro
963 2466 1051 2514 trans·
1079 2456 1168 2511 stione
1184 2456 1269 2511 locuti
1288 2462 1354 2511 sunt
1372 2464 1473 2527 patres,
1493 2459 1630 2528 quomodo
1653 2458 1690 2512 ad
1707 2459 1831 2529 ipsorum
1848 2476 1913 2514 con·

88 2533 203 2575 i··²¹¹³⁰·
217 2549 447 2606 subsanuatione
467 2548 548 2618 pean
564 2545 749 2603 aerumna
769 2565 802 2603 ex
821 2546 986 2602 mumolus
1004 2563 1052 2618 pa·
1078 2559 1191 2597 sensum
1211 2544 1354 2614 provocari
1378 2544 1500 2615 poterit?
1540 2551 1565 2601 e.
1589 2544 1708 2600 uuum
1726 2545 1913 2616 symbolorum

87 2586 204 2686 dirimire
217 2641 302 2702 hum,
325 2650 397 2705 quas
420 2633 485 2687 inde
510 2649 599 2704 usque
617 2650 635 2688 a
655 2640 778 2703 tempore
797 2633 985 2704 apostolorum
1004 2631 1051 2687 de·
1078 2629 1337 2692 sacramentalium.
1367 2632 1447 2701 cujus
1478 2637 1571 2701 patres
1601 2631 1768 2686 mentionem
1799 2631 1913 2701 iaciunt,

88 2686 204 2779 nugi-m·
218 2721 320 2775 ducere
346 2724 462 2774 conatur
490 2717 538 2773 lib.
564 2724 588 2773 3.
613 2718 648 2772 de
671 2717 781 2773 euehat.
807 2735 831 2774 c.
851 2724 892 2772 211.
928 2719 1051 2788 Respon·
1078 2730 1195 2786 eamque
1211 2723 1312 2770 vocant
1328 2718 1498 2786 μετάληψιν,
1522 2718 1691 2791 perstatis,
1716 2725 1912 2790 persuasam,

86 2789 203 2880 mab,
217 2806 314 2860 demus
337 2805 367 2856 in
389 2819 504 2873 genere:
535 2808 556 2857 1.
575 2819 609 2857 er
633 2803 692 2856 sola
715 2801 859 2871 Scriptura
877 2821 957 2858 sacra
971 2802 1052 2857 firma
1077 2807 1230 2868 μετουσίαν
1251 2810 1303 2856 etc.
1328 2819 1505 2873 nequaquam
1523 2804 1664 2876 significat
1690 2805 1794 2860 nudam
1813 2806 1912 2861 saltem

86 2892 182 2981 ἕψω·
217 2899 245 2946 et
263 2890 377 2944 immota
392 2892 557 2959 argumenta
574 2887 602 2940 in
622 2887 746 2941 ιιιιίιιιΙίε
765 2886 830 2942 fidei
848 2888 906 2959 peti
925 2893 1051 2958 possunt,
1077 2892 1217 2942 nominum
1238 2889 1483 2958 permutationem,
1503 2890 1618 2945 otiosam
1636 2890 1807 2961 relationem,
1825 2892 1912 2964 signi·

88 2951 202 3032 addin?
216 2976 351 3030 meinati
372 2976 445 3027 enim
472 2992 566 3026 sumus
589 2990 674 3041 super
689 2974 910 3041 fastdamentum
927 2974 1049 3042 prophe·
1076 2970 1215 3026 ficativam
1242 2974 1365 3044 corporis
1389 2980 1418 3029 et
1440 2976 1584 3046 sanguinis
1604 2975 1707 3033 Christi
1726 2977 1852 3032 absentis
1868 2994 1910 3034 re-

85 3047 129 3085 m·
215 3069 309 3116 taram
332 3069 358 3114 et
382 3059 587 3128 apostoloram,
615 3056 719 3129 Ephes.
744 3064 775 3126 2,
802 3075 827 3114 v.
852 3065 894 3114 21).
928 3059 1050 3114 'l'homas
1075 3061 1338 3131 praesentationem,
1357 3061 1394 3115 ad
1415 3079 1497 3133 quam
1517 3064 1634 3119 accedat
1649 3065 1739 3119 virtus
1756 3064 1911 3137 spiritualis

214 3154 286 3217 part.
308 3153 329 3203 1.
352 3163 397 3217 qu
418 3152 440 3201 1.
463 3152 512 3201 art
538 3150 567 3200 8:
601 3144 694 3199 Sacra
721 3145 853 3199 doarina
880 3144 1048 3199 anctoritate
1074 3147 1104 3201 in
1123 3145 1191 3210 illis,
1217 3147 1266 3217 qui
1283 3145 1339 3202 fide
1359 3157 1563 3203 sacramentum
1580 3150 1738 3221 accipiunt,
1761 3157 1795 3205 ut
1812 3151 1910 3207 volunt

216 3232 384 3302 Scrsptmae
408 3233 560 3286 canonicae
584 3233 673 3286 utiam
691 3231 811 3302 proprie
833 3248 866 3284 ea
887 3233 1048 3285 necessitate
1076 3232 1243 3302 Celsiniani3
1273 3250 1324 3289 nec
1347 3233 1487 3306 significat
1508 3235 1682 3291 essentialem
1702 3237 1911 3294 conversionem

214 3320 448 3389 arpamentaneii,
465 3319 681 3373 auctoritatibus
700 3326 793 3371 autem
813 3319 935 3372 aiiornm
954 3320 1048 3372 docto·
1075 3319 1271 3375 eIementarum
1288 3320 1317 3374 in
1336 3337 1437 3391 corpus
1456 3325 1484 3375 et
1503 3321 1667 3392 sanguinem
1685 3321 1797 3389 Christi,
1819 3323 1912 3396 qualis

214 3424 276 3459 serm
294 3407 427 3461 ecciesiae
446 3423 502 3458 nan
523 3407 608 3474 quasi
623 3407 767 3474 arpaendo
789 3423 822 3458 ea
834 3405 981 3475 propriis.
997 3407 1050 3457 sed
1074 3405 1129 3459 fuit
1147 3422 1237 3476 aquae
1256 3406 1420 3461 Cananaeas
1445 3406 1475 3461 in
1493 3407 1587 3461 vinum
1605 3407 1738 3473 mutatio,
1764 3415 1797 3463 ut
1814 3408 1913 3465 solunt

215 3508 230 3545 e
250 3492 458 3562 probabiliter&
483 3492 613 3545 innititur
637 3493 709 3545 enim
730 3492 803 3555 sides
826 3499 926 3545 nostra
942 3491 1048 3545 revela·
1074 3492 1228 3561 Pontificii3
1246 3493 1294 3548 scd
1313 3499 1467 3562 pristmum,
1482 3493 1692 3548 translationem
1712 3494 1911 3551 elementorum

215 3579 286 3632 tiam
304 3578 453 3648 prophetis
478 3586 503 3630 et
529 3578 666 3646 apostolis
686 3579 799 3642 sactae,
826 3578 877 3646 qui
900 3577 1049 3633 canonicos
1075 3579 1103 3632 in
1124 3579 1208 3633 alium
1227 3596 1261 3634 ac
1277 3579 1440 3635 nobiliorem
1460 3587 1578 3645 statum,
1604 3579 1644 3634 ita
1665 3586 1698 3635 ut
1721 3580 1802 3651 panis
1820 3581 1858 3636 sit
1876 3598 1911 3637 aa

214 3664 302 3718 libros
329 3664 517 3733 scripserant,
544 3681 601 3727 nan
627 3670 719 3716 antem
745 3663 913 3718 revelationi
937 3665 997 3728 iili,
1023 3666 1049 3717 ei
1075 3670 1185 3720 maneat
1202 3665 1309 3721 ratione
1328 3665 1514 3736 substantiae,
1538 3666 1614 3738 quod
1636 3672 1703 3721 aute
1726 3668 1910 3723 commata

215 3767 287 3819 qnae
298 3751 411 3816 fuerat,
429 3749 497 3801 aliie
517 3749 786 3810 memmatensis.
823 3756 846 3805 2.
864 3750 978 3805 Petrum
997 3751 1048 3821 igi·
1074 3769 1137 3807 nem
1162 3750 1228 3818 fuit,
1255 3753 1304 3806 sed
1324 3752 1407 3820 juxta
1433 3752 1633 3808 institutionem
1655 3759 1682 3808 et
1700 3753 1910 3824 promissionem

214 3842 261 3890 tur
277 3852 373 3890 vocem
392 3835 528 3902 andimus,
544 3835 568 3887 si
585 3835 740 3891 consentiat
757 3852 820 3890 cum
839 3853 908 3892 voce
923 3837 1048 3893 coelestis
1076 3837 1176 3891 Christi
1193 3837 1296 3892 rirtme
1316 3838 1439 3906 ejusdem
1457 3838 1507 3892 fiat
1526 3839 1659 3908 quiddam
1677 3838 1810 3909 amplius,
1834 3838 1910 3911 quod

214 3920 306 3976 Patris
325 3919 354 3974 in
373 3920 517 3990 Scriptura
534 3919 672 3988 sonantis,
698 3920 809 3992 ipsimet
832 3939 951 3993 namque
975 3923 1047 3978 hanc
1074 3930 1157 3978 antea
1181 3939 1236 3978 non
1261 3928 1333 3989 erat,
1359 3922 1489 3979 videlicet
1515 3922 1673 3994 symbolum
1700 3924 1911 3994 sacramentale,

214 4005 268 4061 sibi
291 4012 450 4061 statuerunt
475 4005 578 4078 legem,
609 4011 641 4060 ιιι
662 4007 832 4063 ostendimus
856 4008 886 4063 in
907 4015 987 4066 tract.
1012 4010 1047 4066 de
1074 4026 1123 4080 per
1142 4009 1217 4080 quod
1236 4008 1419 4063 distribuatur
1436 4026 1537 4080 corpus
1554 4009 1657 4064 Christi
1676 4009 1804 4066 omnibus
1817 4025 1909 4064 sacra·

213 4094 386 4164 interpretat.
411 4091 510 4163 Script.
535 4088 562 4166 ξ.
583 4097 624 4148 91.
668 4093 804 4164 Magnum
827 4094 882 4148 illis
905 4095 1045 4164 honorem,
1072 4102 1166 4152 mento
1194 4095 1349 4161 utentibus,
1376 4095 1421 4150 rei
1438 4103 1470 4151 ut
1488 4095 1593 4150 Paulus
1612 4095 1747 4168 loquitur,
1774 4103 1909 4152 sacraria

214 4180 254 4235 uti
271 4196 323 4249 par
341 4188 397 4247 cst,
421 4177 584 4247 deferimus,
605 4196 661 4233 non
684 4179 827 4234 tamenin
847 4179 975 4234 thronum
992 4183 1046 4237 Dei
1072 4181 1194 4252 corporis
1214 4180 1325 4237 Christi.
1361 4181 1445 4236 Hunc
1469 4197 1529 4235 esse
1553 4181 1704 4252 genuinum
1729 4198 1841 4238 sensum
1862 4201 1908 4238 ve·

213 4266 388 4322 collocamus.
426 4263 600 4335 esuriemus
623 4282 657 4319 ex
683 4266 751 4337 ipsis
774 4266 899 4338 patribus
924 4276 1045 4324 uosuam
1072 4275 1161 4324 terum
1187 4275 1265 4337 patet
1290 4283 1323 4322 er
1352 4284 1399 4330 eo,
1430 4267 1496 4338 quia
1521 4267 1650 4323 unionem
1678 4270 1907 4324 sacramentalem

212 4352 367 4409 luculenter
384 4350 604 4406 confirmavimus
623 4352 795 4407 sententiam.
824 4361 849 4410 1.
862 4353 1046 4411 Discemendi
1071 4353 1152 4425 panis
1180 4360 1208 4408 et
1232 4353 1355 4424 corporis
1380 4353 1526 4408 conserunt
1552 4369 1615 4408 cum
1640 4354 1742 4408 unione
1766 4355 1907 4424 personali

213 4447 279 4494 sunt
300 4444 393 4510 patres
414 4437 557 4493 orthodoxi
579 4437 608 4491 in
625 4437 742 4494 ccclesia
758 4439 900 4510 primitiva
917 4441 1045 4511 apostoli·
1073 4441 1189 4494 duarum
1208 4445 1384 4504 naturarum,
1412 4455 1475 4492 curn
1495 4446 1588 4494 nmen
1605 4456 1661 4494 una
1678 4445 1778 4494 natura
1796 4441 1908 4496 nonsit

213 4541 263 4580 cac
282 4524 374 4580 vicina
397 4541 414 4579 a
435 4524 614 4594 scriptoribus
630 4524 783 4580 Pontificiis
802 4527 985 4596 posteriorum
1005 4544 1046 4584 se
1073 4531 1179 4580 mutata
1196 4526 1241 4579 rel
1260 4540 1393 4580 conversa
1411 4524 1439 4577 in
1454 4523 1577 4588 alteram,
1595 4531 1627 4579 ut
1640 4525 1758 4579 vidimus
1771 4527 1907 4597 superius,

213 4611 346 4667 culorum.
384 4618 407 4666 5.
423 4610 514 4667 Valde
530 4610 617 4682 igitur
634 4611 726 4666 audax
743 4619 787 4667 est
803 4611 964 4668 Bellarmini
984 4630 1045 4684 pro·
1073 4616 1101 4667 et
1127 4613 1194 4682 quia
1221 4611 1250 4664 in
1275 4626 1349 4683 aqua
1374 4609 1505 4680 baptismi
1529 4610 1612 4665 talem
1640 4611 1821 4668 mutationem
1847 4612 1907 4668 lieri

213 4696 384 4766 nuntiatum,
408 4696 482 4768 quod
506 4703 599 4766 patres
617 4714 635 4750 a
654 4702 779 4768 tempore
796 4697 984 4768 apostolorum
1002 4714 1045 4752 us·
1072 4702 1207 4766 statuunt,
1226 4714 1299 4769 quas
1317 4702 1411 4751 tamen
1429 4714 1484 4751 non
1502 4704 1545 4752 est
1561 4697 1723 4766 essentialis,
1745 4698 1795 4754 sed
1815 4716 1906 4755 saura

213 4801 268 4856 que
284 4784 321 4839 ad
339 4782 526 4838 Lateranense
546 4782 692 4837 concilium
711 4782 1046 4840 transsubstantiationem
1072 4784 1215 4852 mentalis,
1239 4791 1270 4839 ιιι
1290 4782 1375 4855 paulo
1400 4789 1463 4854 post
1486 4783 1650 4842 ridebimus.
1695 4790 1734 4841 111.
1756 4784 1790 4839 [(1
1814 4785 1904 4857 ipsum

212 4869 390 4941 agnoverint,
413 4885 477 4924 cum
500 4867 675 4923 lombardus
701 4869 749 4923 lib.
774 4876 799 4927 4.
825 4876 894 4926 sent.
920 4870 983 4926 dist.
1006 4876 1044 4926 11.
1072 4870 1234 4942 comprobat
1251 4870 1374 4942 genuina
1391 4869 1540 4941 explicatio
1559 4888 1666 4939 vocum,
1685 4871 1786 4942 quibus
1806 4871 1837 4926 in
1853 4872 1905 4928 hoc

211 4953 252 5010 lit.
274 4955 310 5012 A.
329 4955 469 5023 ostendat,
492 4972 529 5010 ne
553 4971 603 5009 suo
626 4955 737 5026 quidem
757 4961 881 5027 tempore
901 4957 1045 5012 delinitum
1071 4955 1203 5027 mysterio
1226 4962 1356 5024 utuntur3
1386 4957 1590 5025 μειανιοιὴσιως
1614 4956 1781 5013 vocabulum
1808 4974 1825 5012 a
1848 4958 1905 5013 Da·

211 5041 365 5108 exstitims,
392 5041 486 5110 quatis
503 5040 541 5093 sit
558 5040 614 5094 ilia
631 5043 749 5095 mutatio
767 5058 816 5096 sea
832 5044 991 5112 conversio,
1011 5022 1199 5105 deimasceno
1221 5040 1269 5096 lib.
1288 5049 1312 5097 1.
1339 5041 1410 5098 orth.
1434 5041 1482 5098 fid.
1508 5059 1567 5114 cap.
1590 5050 1629 5100 11.
1649 5051 1814 5115 usurpatum
1831 5044 1904 5101 idem

211 5142 269 5197 qua
285 5126 437 5198 loquuntur
455 5132 578 5192 veteres,
595 5143 633 5178 an
649 5126 799 5195 formalis,
819 5146 858 5181 an
875 5130 1045 5183 snbstantia-
1070 5127 1109 5181 sic
1128 5127 1264 5194 declarat,
1291 5128 1367 5198 quod
1391 5128 1472 5199 panis
1488 5135 1518 5183 et
1532 5131 1626 5185 vinum
1646 5129 1905 5203 aspectantium,

210 5211 256 5280 iis,
273 5230 312 5264 an
331 5212 451 5266 alterius
469 5212 587 5279 ceneris.
625 5213 762 5282 Definire,
782 5214 829 5283 ait,
847 5233 903 5269 non
922 5215 1045 5284 sufficio.
1070 5223 1263 5285 assumantur,
1295 5215 1374 5268 norit
1406 5217 1479 5270 enim
1505 5217 1587 5270 Deus
1614 5216 1726 5288 (inquit)
1753 5216 1904 5272 humanans

209 5296 288 5353 vixit
314 5304 408 5353 autem
434 5297 609 5353 lombardus
633 5297 709 5352 eirca
725 5315 829 5355 annum
848 5299 950 5356 Christi
973 5306 1045 5357 litt.
1069 5300 1272 5371 infirmitatem,
1296 5302 1375 5372 quod
1397 5302 1545 5370 complura
1567 5318 1622 5355 asa
1640 5318 1696 5355 non
1714 5303 1785 5355 trita
1803 5305 1904 5358 aduer-

108 5402 136 5443 ι
149 5398 196 5442 tet.
209 5390 233 5442 6.
251 5382 372 5440 Thomas
394 5390 467 5456 part
488 5389 512 5441 3.
534 5403 580 5458 qu.
600 5391 642 5440 15.
667 5389 718 5438 art.
737 5389 762 5440 2.
787 5386 956 5442 mentionem
976 5386 1045 5442 iacit
1068 5393 1148 5440 sator
1175 5388 1288 5442 motata
1317 5389 1428 5455 ferens,
1460 5396 1570 5441 assuto
1601 5388 1688 5456 iaicas
1717 5390 1905 5444 condecrenea

209 5470 391 5544 quorundam,
409 5470 458 5543 qui
477 5472 626 5542 posuerint,
645 5472 723 5541 qaod
738 5472 896 5528 admontis
909 5474 997 5544 panis
1016 5480 1045 5528 et
1068 5489 1136 5526 usas
1148 5489 1205 5543 per
1224 5480 1357 5527 ammeta
1373 5480 1494 5528 amarae
1514 5489 1548 5526 ea
1558 5473 1642 5541 facit,
1662 5483 1905 5548 qamsammsper
