4004 6022
181 336 240 398 tlt
681 391 685 400 ,
739 323 860 383 Locus
877 317 1081 383 meminus
1099 321 1297 382 SECUNDUS

179 485 290 554 pratiae
315 490 342 537 et
368 482 497 536 caritatis
525 480 636 536 sinodo
663 481 736 535 inter
764 498 794 536 se
822 481 964 552 conjuncti
985 486 1010 533 et
1039 479 1149 550 (inquit)
1167 480 1211 534 hic
1230 479 1398 548 accipienda
1418 485 1530 531 estnon
1547 478 1637 532 solum
1654 482 1795 547 exparte,
1816 492 1874 547 pua

179 570 310 639 collipati
331 577 401 623 sunt.
436 568 508 621 Item
531 568 676 621 ecclesiam
702 570 814 623 domem
832 569 892 622 Dei
914 567 1010 637 appel·
1033 567 1233 636 perspi-inatus·
1253 568 1284 619 in
1308 566 1393 619 terris
1419 582 1438 617 a
1457 565 1527 619 solis
1546 572 1609 618 ortu
1626 579 1714 633 usque
1733 566 1776 617 ad
1793 581 1872 618 occa·

179 657 239 710 lari
262 658 316 725 ait,
345 658 412 725 quia
435 656 473 709 sit
496 656 570 709 velut
594 672 653 708 una
669 655 806 724 familia,
832 671 916 724 quam
940 669 1095 706 unumsum
1120 653 1244 706 laudans
1267 668 1366 706 nomen
1385 650 1515 718 Domini,
1538 658 1645 720 etpost
1662 653 1810 705 onustatis
1827 666 1872 704 ca-

178 743 388 814 paterfamilias
414 743 577 796 moderatur
606 750 632 794 et
660 742 690 795 in
724 758 781 810 qua
807 749 846 794 est
878 742 1011 793 bonorum
1035 739 1190 808 ptioitatem
1220 747 1337 792 cantans
1361 740 1499 793 cumcun
1522 755 1639 806 nouum,·
1668 755 1764 791 uerum
1788 737 1872 791 etsbm

181 833 302 884 omnium
334 829 526 900 spiritualium
559 829 764 885 communior*
815 826 947 881 Erasmus
982 827 1011 880 in
1038 842 1071 879 es
1089 827 1158 895 illo,
1183 843 1254 896 quae
1272 827 1302 880 in
1322 827 1408 882 coelis
1425 842 1548 896 semper,
1566 842 1599 879 ee
1618 825 1806 894 quocondita
1825 831 1872 893 est,

180 917 270 988 symb.
288 915 393 973 catech.
410 922 434 971 l.
454 932 481 986 p.
501 920 563 970 145:
590 914 722 968 Ecclesia
735 916 855 982 proprie
875 914 952 967 dicta
972 903 1158 983 ceticohaesit
1182 914 1246 966 Deo
1268 929 1318 966 nec
1340 912 1432 965 ullam
1454 913 1501 965 sui
1515 929 1606 966 casus
1631 912 1737 965 malum
1762 919 1803 965 est
1827 927 1872 964 ea·

180 1021 289 1058 arcana
311 1003 431 1056 societas
452 1004 494 1055 ad
514 1001 600 1054 uitam
625 1009 767 1055 aeternam
787 1000 1127 1109 praedestinato-iperio.
1151 1002 1198 1053 'Et
1214 1005 1324 1070 postea:
1345 1000 1467 1067 Utraque
1486 1018 1543 1052 una
1561 1001 1614 1054 erit
1630 1000 1770 1053 consortio
1783 1006 1871 1053 aeter·

178 1108 255 1159 rum,
281 1091 363 1158 cuites
385 1104 487 1155 mapna
506 1103 579 1156 pars
596 1088 662 1155 jam
684 1089 744 1157 opit
764 1090 845 1157 apud
862 1085 1135 1154 Christum-nitatis
1159 1094 1185 1139 ct
1203 1104 1276 1139 nunc
1294 1104 1350 1139 una
1369 1094 1408 1140 est
1425 1086 1535 1140 vinculo
1553 1087 1694 1155 caritatis,
1722 1102 1795 1155 quac
1811 1093 1871 1139 tola

180 1194 329 1248 praecem
347 1181 487 1245 superest,
514 1173 544 1228 in
561 1175 613 1227 hoc
630 1182 730 1228 uocata
748 1182 803 1237 est,
829 1181 859 1226 ut
883 1176 923 1227 ad
938 1191 1010 1225 sum·
1023 1148 1026 1225 Ι
1038 1173 1163 1227 instituta
1176 1181 1216 1226 cst
1229 1175 1270 1226 ad
1283 1174 1430 1227 colendum
1442 1190 1526 1226 unum
1539 1176 1637 1227 Deum.
1662 1173 1740 1228 Idem
1751 1172 1816 1230 libr.
1831 1178 1870 1229 10.

179 1283 253 1318 mam
276 1264 432 1333 puritatem
457 1262 594 1329 enitatur,
620 1269 646 1314 et
672 1269 744 1314 recte
766 1267 886 1329 nepotur
909 1230 1073 1333 habereide
1090 1257 1141 1312 civ.
1168 1259 1223 1315 Dei
1241 1276 1263 1314 c.
1282 1266 1311 1314 7:
1339 1258 1407 1313 Oum
1430 1261 1499 1329 ipsis
1518 1260 1617 1327 (beatis
1635 1260 1757 1330 angelis)
1776 1277 1870 1314 sumus

179 1350 319 1405 maculam
345 1356 394 1401 aut
413 1364 526 1417 nepam,
552 1347 595 1401 uel
617 1364 671 1416 per
694 1347 898 1414 synecdochen,
925 1343 969 1397 uel
992 1338 1094 1399 aiuna
1118 1345 1217 1399 civitae
1239 1347 1308 1414 Dei,
1332 1348 1380 1399 cui
1401 1347 1506 1401 dicitur
1529 1348 1560 1400 in
1579 1348 1708 1402 Psalmo:
1734 1346 1871 1402 Gloriam

179 1454 264 1506 scopo
281 1453 329 1489 sess
341 1437 413 1505 fine,
433 1435 507 1487 unde
525 1432 598 1486 sumi
615 1433 868 1487 denominationem
884 1433 1012 1496 fatentur
1037 1435 1114 1486 elicta
1137 1441 1201 1486 sunt
1227 1435 1262 1486 de
1286 1440 1312 1486 te
1336 1435 1436 1487 orbitas
1456 1434 1527 1503 Dei,
1553 1434 1634 1502 cujus
1655 1452 1725 1503 pars
1743 1435 1775 1488 in
1792 1434 1871 1488 nobis

181 1523 340 1587 dialectici·
362 1522 502 1575 interdum
527 1527 620 1573 tamen
644 1519 779 1573 ccclesiae
801 1536 853 1572 uos
872 1519 913 1571 ita
935 1518 1010 1572 dila·
1035 1521 1242 1589 perapsinatur,
1257 1521 1373 1588 parsin
1386 1520 1622 1591 illisopitulatur.
1649 1519 1870 1578 Hucreierenda

180 1618 266 1673 tatur,
289 1616 321 1662 ut
338 1625 431 1662 omnes
448 1608 583 1677 baptismo
600 1607 699 1661 tinctos
717 1606 932 1675 complectatur,
953 1603 1011 1657 siue
1038 1613 1080 1660 est
1101 1605 1236 1661 consessio
1260 1606 1419 1661 Bellarmini
1443 1607 1504 1662 libr.
1535 1612 1557 1663 3.
1585 1607 1777 1664 decesisse
1799 1614 1823 1666 5.
1844 1603 1870 1683 §-

176 1699 236 1768 pie·
250 1697 345 1751 vivant
370 1696 427 1749 siue
444 1710 531 1751 secus
567 1692 678 1748 Euchir.
698 1692 792 1748 christ.
811 1692 897 1747 instit.
915 1689 1010 1745 Calon.
1023 1748 1026 1771 ἱ
1037 1693 1154 1763 penult:
1178 1693 1312 1747 Ecclesia
1334 1694 1510 1763 triumphans
1527 1695 1606 1747 senius
1624 1702 1678 1762 est,
1700 1696 1757 1749 imo
1773 1697 1871 1765 potius

182 1784 217 1839 de
244 1798 359 1838 sacram.
385 1779 489 1836 ordinis
512 1797 540 1851 p.
568 1786 629 1835 171:
666 1781 700 1833 Ut
726 1788 817 1833 autem
844 1780 1012 1833 contendant
1036 1796 1094 1832 usta
1111 1788 1151 1832 est
1168 1797 1228 1833 cum
1247 1781 1392 1835 militante.
1430 1781 1459 1833 Si
1478 1796 1544 1851 ergo
1564 1780 1738 1852 triumphans
1753 1781 1871 1837 ecclesis

182 1871 294 1940 quidem
310 1868 462 1935 ecclesiam,
480 1868 646 1922 invisibilem
665 1884 730 1936 esse,
749 1867 826 1937 quod
842 1867 878 1919 de
895 1865 1012 1919 ecclesia
1036 1873 1079 1920 est
1101 1865 1260 1930 invisibilis,
1285 1866 1381 1937 negari
1404 1867 1513 1938 nequit,
1539 1868 1681 1923 ecclesiam
1704 1868 1871 1923 catholicam

178 1955 458 2026 praedestinatorum
486 1971 541 2008 non
568 1971 714 2022 nepamus,
740 1953 828 2006 nihilo
852 1952 955 2020 secius,
982 1957 1012 2002 ut
1038 1968 1097 2007 esso
1117 1951 1292 2020 invisibilem,
1312 1952 1386 2023 quod
1402 1952 1475 2006 enim
1488 1952 1560 2023 parti
1573 1953 1709 2021 convenit,
1723 1955 1776 2009 toti
1789 1955 1871 2010 etiam

142 2075 145 2097 .
182 2045 339 2113 opinamur,
356 2041 436 2095 nobis
455 2042 612 2104 concedent,
633 2039 777 2094 ecclesiam
794 2054 851 2092 esse
867 2036 1012 2100 visibilem,
1036 2045 1150 2108 propter
1167 2038 1243 2094 illam
1256 2046 1362 2109 purtem
1374 2038 1459 2093 tribui
1472 2038 1562 2095 debet.
1588 2039 1740 2094 Turrianus
1752 2046 1834 2096 tract.
1847 2045 1870 2096 t.

181 2145 252 2200 quae
279 2129 358 2182 bonis
380 2128 518 2181 admistos
535 2126 615 2180 habet
633 2127 724 2180 malos
740 2125 846 2178 visibili
861 2124 932 2188 fidei
945 2140 1011 2192 pro·
1024 2123 1085 2178 ἶ111).
1106 2130 1129 2180 3.
1149 2141 1173 2181 c.
1194 2130 1219 2179 1.
1238 2125 1290 2178 hoc
1310 2141 1461 2195 agnoscere
1478 2125 1603 2190 videtur,
1629 2127 1740 2198 quando
1759 2127 1870 2182 scribit:

179 2218 305 2282 sessione
333 2223 359 2269 st
389 2221 630 2268 sacramentorum
659 2213 849 2267 communione
881 2211 1011 2264 sociatos.
1041 2211 1102 2265 Una
1120 2218 1178 2264 tota
1196 2212 1313 2264 ecclesia
1328 2213 1438 2280 partim
1454 2213 1573 2266 visibilis
1592 2221 1641 2282 est,
1656 2215 1764 2284 partim
1777 2215 1872 2268 inussi-

180 2303 250 2372 (Nos
272 2317 336 2358 vero
360 2300 479 2356 libenter
501 2299 530 2353 id
554 2299 747 2366 concedimus,
774 2310 805 2353 ut
834 2302 952 2368 apparet
978 2313 1012 2351 ex
1038 2297 1110 2353 bilis.
1147 2296 1219 2352 5.1n
1239 2297 1340 2368 quibus
1358 2299 1538 2370 praecipuum
1557 2299 1611 2356 Dei
1630 2300 1735 2355 cultum
1753 2307 1783 2355 et
1794 2318 1871 2357 orna-

181 2392 301 2462 August.
320 2387 438 2444 confess.
458 2393 509 2442 art.
527 2393 552 2444 ’1.
572 2392 600 2443 et
620 2388 658 2452 8.)
694 2392 717 2442 3.
736 2385 770 2440 ln
790 2384 890 2456 quibus
907 2384 1011 2452 dicunt,
1037 2389 1133 2437 natum
1156 2384 1287 2439 eeclesiae
1308 2392 1465 2455 agnoscunt
1485 2401 1544 2440 esse
1562 2387 1710 2442 internum.
1742 2387 1872 2443 lustinus

181 2478 217 2533 ad
246 2474 390 2533 ecclesiam
415 2473 578 2529 catholicam
609 2473 746 2543 pertinere
771 2489 865 2529 omnes
895 2477 1012 2538 sanctos,
1037 2469 1066 2522 in
1084 2469 1163 2540 epist.
1181 2470 1216 2524 ad
1235 2468 1337 2541 Diogn.
1359 2488 1386 2542 p.
1405 2475 1469 2526 ³84:
1495 2472 1651 2527 lnoidbilis
1671 2475 1818 2528 animuin
1834 2475 1872 2528 oi·

181 2563 229 2635 qui
247 2562 284 2617 ab
303 2560 409 2632 origine
429 2559 524 2614 mundi
544 2558 685 2629 usquead
704 2559 773 2613 haee
797 2563 923 2628 tempora
939 2557 1012 2611 vire·
1037 2555 1117 2609 sibili
1138 2573 1257 2626 corpore
1275 2564 1408 2626 tanquam
1422 2556 1573 2626 praesidio
1593 2560 1744 2614 constituta
1760 2569 1817 2628 est,·
1832 2561 1873 2616 sic

181 2656 260 2717 runt,
287 2648 348 2719 quis
374 2647 446 2702 enim
471 2646 500 2699 in
522 2645 575 2700 hac
592 2647 650 2699 vita
668 2645 728 2698 illos
749 2649 861 2699 externo
879 2644 1012 2713 adspectu
1039 2650 1065 2694 et
1085 2643 1241 2697 Christiani
1259 2651 1476 2710 capnoscuntur,
1501 2645 1567 2697 dum
1585 2646 1615 2698 in
1634 2648 1738 2702 mundo
1756 2664 1873 2702 comma

181 2730 323 2788 intuetur?
350 2731 525 2803 Augustinus
543 2731 572 2784 iu
585 2730 687 2785 Psalm.
703 2736 743 2786 1111.
762 2745 837 2785 conc.
856 2736 885 2784 ιε
904 2729 1013 2800 Corpus
1038 2737 1153 2797 rantur,
1187 2731 1240 2783 sed
1265 2729 1415 2783 theelath
1441 2737 1481 2783 est
1509 2746 1605 2785 eorum
1631 2733 1722 2785 cultus
1752 2733 1874 2788 diuinus.

182 2821 267 2889 hujus
292 2819 393 2888 capitis
416 2817 532 2871 ecclesia
557 2824 610 2883 est,
637 2833 694 2869 non
718 2831 789 2886 quae
813 2816 943 2870 hocloco
964 2823 1012 2877 est,
1039 2813 1173 2886 Origenes
1190 2812 1263 2868 hom.
1284 2819 1325 2870 13.
1343 2815 1372 2868 in
1391 2814 1474 2871 Num.
1493 2816 1664 2873 circumed.:
1684 2818 1874 2887 Soljustitioe

181 2908 233 2961 sed
258 2921 329 2977 quae
354 2904 405 2958 hoc
430 2904 492 2957 loco
518 2910 544 2956 et
563 2918 619 2971 per
642 2910 728 2956 totum
753 2911 894 2956 terrarum
912 2901 1014 2969 orben,
1041 2903 1170 2957 Christus
1188 2909 1238 2965 est,
1256 2901 1321 2954 huic
1340 2902 1367 2955 si
1383 2901 1462 2970 luno,
1481 2903 1514 2956 id
1531 2913 1571 2958 est
1591 2905 1709 2959 ecclesia
1721 2923 1781 2968 sua,
1800 2923 1875 2976 quae

181 3009 232 3048 nec
250 2991 305 3046 illa
322 3006 394 3061 quae
414 2989 465 3042 hoe
485 2996 619 3059 tempore,
637 2990 689 3042 sed
705 2989 740 3043 ab
759 2989 821 3058 ipso
838 2988 910 3042 Abel
927 3004 1014 3057 uspse
1039 2989 1142 3041 lumine
1163 2987 1243 3041 illius
1264 2987 1408 3057 repletur,
1429 2989 1532 3058 jucncta
1546 2991 1642 3058 fuerit
1668 2999 1694 3044 et
1715 2993 1829 3062 penitus
1848 2994 1876 3047 ei

182 3082 224 3135 acl
247 3095 295 3133 eos
321 3079 371 3148 qui
392 3077 531 3130 nascituri
547 3084 613 3130 sunt
631 3093 716 3145 usque
733 3075 763 3129 in
783 3076 865 3142 linem
883 3084 909 3129 et
926 3075 1014 3129 medi·
1040 3075 1215 3141 adhaeserit,
1245 3074 1423 3135 festivitatem
1449 3078 1608 3131 neomeniae
1636 3078 1695 3147 opit
1717 3084 1769 3134 etc.
1809 3086 1873 3133 tunc

183 3167 240 3223 turi
257 3167 287 3220 in
306 3164 455 3232 Christum,
473 3171 545 3217 totus
557 3163 683 3233 populus
700 3171 857 3217 sanctorum
878 3164 920 3216 ad
929 3180 1013 3215 unam
1040 3170 1087 3226 est,
1106 3162 1219 3230 girando
1231 3176 1318 3228 nepte
1329 3160 1520 3233 viderintque
1535 3165 1732 3234 comprehendi
1744 3167 1874 3221 humanis

182 3254 320 3308 civitatem
337 3251 549 3322 pertinentium,
572 3266 644 3319 price
665 3250 764 3304 abitas
789 3266 891 3319 corpus
911 3249 1016 3310 bhm‘sti
1040 3248 1216 3316 adspectibus
1229 3255 1332 3316 potest.
1368 3249 1542 3320 Augustinus
1560 3249 1588 3304 in
1606 3249 1709 3307 Psalm.
1723 3259 1769 3307 44:
1790 3251 1873 3308 Intus

183 3349 234 3410 est,
251 3341 332 3408 cuius
345 3346 431 3409 caput
443 3345 482 3392 est
494 3336 630 3391 Christus.
654 3334 718 3390 Lib.
734 3342 755 3391 1.
773 3336 809 3392 de
828 3336 905 3408 bapt.
917 3343 1014 3392 contre
1035 3334 1184 3402 pulchram
1203 3331 1286 3401 notit,
1305 3332 1355 3401 qui
1370 3336 1487 3403 speciem
1500 3337 1560 3405 ejus
1572 3338 1683 3391 amarit.
1719 3336 1873 3400 Quaerunt

183 3427 285 3482 Donat.
309 3440 332 3481 c.
355 3429 392 3480 lb.
417 3423 526 3488 scribit,
555 3424 628 3476 duas
655 3439 712 3477 esse
738 3423 876 3492 ciuitates,
901 3423 952 3477 hoc
974 3429 1014 3476 est
1039 3421 1177 3472 interiora
1191 3420 1435 3489 pulchritudinis?
1451 3423 1635 3492 conscientia;
1654 3423 1872 3480 ibividetChri·

183 3515 255 3567 duas
273 3511 412 3575 ecclesias,
433 3528 550 3580 quamm
568 3526 626 3562 usna
639 3510 752 3578 peperit
768 3511 891 3574 Abelem,
907 3510 1013 3569 Enoch,
1039 3515 1110 3574 stus,
1131 3506 1172 3559 ibi
1188 3513 1264 3559 amat
1285 3506 1424 3574 Christus,
1442 3509 1483 3561 ibi
1499 3509 1655 3578 alloquitur
1675 3509 1816 3577 Christus,
1834 3514 1875 3567 ibi

86 3612 170 3657 mue.
184 3599 247 3653 Noli
272 3605 299 3651 ct
323 3595 531 3663 Abrahamum,
558 3595 676 3663 Moysen
701 3596 783 3648 etiam
805 3603 831 3649 et
851 3597 1013 3666 prophetas,
1036 3593 1123 3661 punit
1142 3593 1282 3661 Christus,
1308 3593 1348 3646 ibi
1366 3603 1482 3647 coronat
1501 3593 1635 3651 Christus.
1671 3595 1735 3652 Huc
1752 3599 1874 3669 pertinet

183 3682 339 3752 apostolos,
373 3688 510 3748 martyres
540 3689 565 3733 et
595 3697 688 3733 omnes
713 3681 797 3735 bonos
824 3681 1013 3750 Garutianus,-
1040 3679 1114 3751 quod
1138 3677 1322 3734 Bellurminus
1348 3696 1372 3735 c.
1399 3687 1422 3736 2.
1449 3682 1584 3752 concedit,
1603 3685 1739 3753 masclam
1759 3703 1818 3740 esse
1836 3689 1872 3740 de

183 3771 274 3824 altera
292 3785 357 3823 uero
372 3767 495 3835 Geinum,
513 3765 607 3834 Oham,
624 3767 781 3835 ismalilem,
794 3771 882 3836 Esau,
895 3769 1013 3835 Judarm
1039 3768 1135 3820 anima
1149 3767 1289 3834 eccleciae,
1302 3767 1365 3821 licet
1379 3786 1434 3821 non
1446 3768 1501 3821 sint
1515 3771 1549 3821 de
1563 3787 1695 3839 corpore,·
1715 3787 1738 3825 c.
1754 3777 1777 3826 6.
1791 3790 1873 3842 quos·

186 3856 326 3911 Simonem
341 3856 460 3925 Mapum
483 3861 509 3906 et
532 3861 638 3907 ceteros
654 3854 956 3921 pseudo-christianos
974 3859 1015 3909 ad
1040 3856 1106 3907 dom
1125 3870 1183 3907 esse
1200 3855 1231 3906 in
1249 3854 1366 3908 ecclesia
1385 3855 1487 3919 estimo,
1505 3873 1560 3909 non
1579 3864 1670 3910 autem
1688 3873 1806 3927 corpore
1822 3877 1872 3914 seu

183 3943 251 3996 haec
272 3958 359 4011 usque
382 3948 507 4011 tempora
530 3940 560 3993 in
585 3940 732 4009 affectione
751 3940 872 3993 animali
885 3943 1013 4011 pertina-
1039 3948 1155 3994 emerna
1174 3941 1434 4010 communicatione,
1452 3944 1528 4010 quod
1548 3943 1673 4011 srcs‘ficiat
1691 3943 1751 3997 illis
1769 3947 1810 3999 ad
1827 3963 1871 3999 sa·

183 4123 284 4185 aperta
309 4114 487 4185 praechione
518 4113 693 4168 dissentiant.
738 4112 817 4167 Beda
844 4112 873 4166 in
900 4129 960 4184 cap.
990 4121 1014 4169 b.
1040 4122 1089 4182 cet,
1108 4130 1185 4182 spes,
1205 4114 1313 4168 comtos
1331 4121 1381 4169 etc.
1400 4115 1456 4168 sint
1474 4115 1504 4166 in
1522 4116 1647 4181 ecclesia,
1663 4117 1723 4187 jam
1742 4134 1808 4173 vero
1827 4136 1869 4175 ex·

183 4201 305 4257 Centies
345 4200 424 4255 Sicut
453 4215 525 4252 unus
555 4201 700 4263 dominus,
727 4214 785 4252 una
809 4200 902 4267 fides,
929 4219 1013 4255 unum
1038 4207 1117 4256 terno
1142 4201 1276 4270 adspectu
1304 4199 1452 4268 dijudicari
1481 4203 1590 4274 nequit,
1618 4204 1730 4275 quinam
1757 4206 1812 4260 sint
1836 4204 1870 4261 de

184 4289 335 4357 baptisma,
363 4304 436 4340 unus
464 4288 543 4340 Deus
569 4294 595 4338 et
621 4294 707 4355 pater
734 4287 874 4350 omnium,·
904 4287 946 4340 ita
973 4296 1014 4341 est
1040 4287 1131 4341 anima
1156 4286 1289 4342 ecclesiae
1319 4293 1348 4341 et
1373 4287 1402 4340 in
1431 4304 1547 4358 quorum
1574 4290 1703 4345 cordibus
1731 4291 1804 4347 dona
1823 4291 1871 4347 illa

183 4393 240 4428 sena
279 4374 398 4429 eeclesia
440 4374 588 4428 electorum
625 4373 746 4425 omnium
778 4373 927 4428 multitudo
959 4391 1014 4443 per
1038 4373 1160 4439 interna,
1177 4371 1259 4438 fides,
1277 4387 1356 4444 spes,
1374 4372 1474 4427 caritas
1493 4381 1544 4431 etc.
1581 4376 1671 4431 locum
1688 4376 1824 4448 habeant,
1843 4386 1871 4435 et

185 4460 279 4515 omnia
305 4467 332 4516 et
357 4459 457 4513 mundi
481 4458 560 4521 loca,
592 4464 618 4511 et
643 4458 733 4512 seculi
765 4466 893 4528 tempora
924 4461 1013 4514 eidem
1038 4469 1131 4514 tamen
1154 4458 1194 4513 illi
1218 4458 1272 4530 ipsi
1292 4459 1458 4529 peculiarem
1483 4460 1604 4532 aliquam
1628 4464 1786 4520 societatem
1808 4483 1869 4521 con·

183 4548 234 4600 uni
255 4548 320 4601 Deo
343 4553 370 4600 et
395 4545 481 4599 Patri
505 4545 638 4614 subjecta.
674 4543 825 4616 Gregorius
849 4545 944 4602 homil.
973 4553 1012 4603 19.
1038 4547 1163 4615 stituunt,
1186 4546 1251 4616 qnia
1271 4544 1381 4599 vinculo
1398 4546 1517 4617 Spiritus
1535 4555 1600 4603 sunt
1619 4551 1772 4621 conjuncti,
1797 4559 1826 4607 et
1842 4553 1870 4606 in

183 4633 213 4687 in
241 4649 356 4704 evang:
392 4629 529 4686 Conditor
561 4638 656 4684 noster
688 4630 770 4683 habet
799 4632 921 4703 uincam,
952 4635 1012 4686 seni·
1038 4633 1092 4686 illis
1110 4632 1220 4703 proprie
1238 4648 1271 4685 uc
1291 4632 1480 4704 principaliter
1499 4635 1624 4691 consistit
1640 4638 1765 4695 ecelesia.
1793 4637 1870 4711 Ergo

182 4719 317 4773 uersalem
347 4719 454 4773 scilicet
484 4717 643 4781 secusiam,
671 4732 742 4784 quae
771 4717 806 4769 ab
835 4718 906 4772 Abel
931 4719 1011 4787 justo
1038 4718 1135 4789 negari
1153 4718 1257 4788 nequit,
1276 4719 1421 4774 ecclesiam
1438 4721 1523 4786 illam,
1543 4739 1613 4793 quae
1633 4729 1675 4779 est
1688 4723 1891 4798 congregatio'

182 4824 267 4875 uspss
309 4807 351 4859 ad
392 4804 519 4857 ultimum
560 4803 690 4870 electum,
741 4802 791 4870 qui
834 4805 863 4857 in
908 4807 1012 4859 mundo
1038 4811 1210 4866 sanctorum,
1236 4821 1295 4859 esse
1320 4804 1493 4863 invisibilem.
1538 4807 1616 4864 Idem
1642 4811 1769 4866 concedit
1799 4813 1869 4869 liber

182 4893 341 4947 nasciturus
378 4899 436 4955 est,
483 4897 549 4958 quot
593 4897 704 4943 sanctos
750 4891 888 4960 protulit,
931 4892 1014 4961 quasi
1038 4889 1252 4944 Interimisticus
1271 4907 1295 4946 c.
1310 4896 1339 4947 9:
1358 4894 1489 4948 Ecclesia
1507 4904 1642 4965 quatem
1660 4906 1768 4952 canuae
1786 4917 1866 4954 mem-

182 4986 223 5032 tot
249 4978 384 5048 palmites
412 4977 494 5031 misit.
547 4983 571 5032 4.
605 4975 637 5029 In
672 4974 773 5046 quibus
808 4976 844 5031 ad
880 4976 1011 5032 ecclesiae
1038 4976 1095 5028 bris
1113 4975 1231 5045 talibus,
1258 4994 1329 5047 quae
1346 4983 1497 5034 secundum
1515 4983 1661 5037 casitatem
1678 4984 1785 5052 uisum,
1803 5003 1867 5040 scn-

183 5064 335 5121 cstholicae
371 5062 528 5119 societatem
563 5062 646 5117 etism
675 5062 891 5134 triumphantem
925 5062 1010 5119 eccle
1036 5068 1144 5114 storum
1163 5070 1203 5116 est
1221 5070 1490 5120 tantumeteatenus
1499 5068 1867 5136 spiritualisetinuisibilis.

183 5149 252 5204 siam
269 5150 407 5223 pertinere
426 5150 539 5218 docent,
563 5148 625 5218 quis
645 5147 719 5204 enim
739 5151 898 5206 societatem
916 5149 1011 5205 beato-
1037 5146 1082 5203 Sic
1108 5161 1175 5221 ergo
1201 5165 1234 5204 ex
1255 5167 1301 5206 ore
1326 5151 1544 5208 educandorum
1561 5155 1662 5211 veritus
1679 5159 1867 5215 testimonium

183 5253 244 5291 rum
279 5238 308 5291 in
344 5236 427 5292 coelis
467 5234 681 5305 triumphantem
714 5235 805 5293 vidit?
838 5236 1011 5309 Augustinus
1034 5233 1141 5305 recipit

183 5323 212 5377 in
246 5321 377 5379 enchirid.
409 5322 444 5375 sd
473 5321 603 5378 Laurent.
634 5337 696 5392 cap.
729 5326 769 5377 511.
805 5340 868 5379 cum
900 5322 1012 5394 exponit
1071 5327 1111 5378 19.
1145 5323 1328 5381 Bellurminus
1358 5325 1605 5391 demonstraturus,
1636 5329 1782 5385 ecclesiam
1808 5349 1867 5388 esse
1880 5315 1935 5356 Μ’

184 5396 339 5464 udculum'
365 5407 484 5477 symboli
522 5408 614 5463 &edo
655 5407 801 5462 ecclesiam
835 5409 1012 5495 catholicam,
1036 5407 1188 5481 visibilem,
1213 5406 1411 5483 praesupponit
1438 5422 1461 5464 c.
1487 5415 1513 5468 9.
1540 5428 1609 5484 resp.
1637 5415 1673 5470 ad
1695 5433 1753 5489 arg.
1774 5425 1799 5475 8.
1816 5436 1866 5475 nos
1879 5420 1935 5512 {¹552

185 5497 277 5558 docet,
291 5509 349 5548 non
364 5492 455 5546 solum
473 5496 509 5547 ds
525 5495 672 5564 militante,
688 5495 742 5548 ssd
756 5494 841 5550 eliam
858 5497 894 5551 de
914 5496 1013 5551 trium·
1037 5496 1109 5549 duas
1128 5497 1262 5552 ecclesias
1277 5500 1393 5565 hupert,
1415 5498 1444 5546 et
1460 5509 1484 5551 ο.
1507 5500 1544 5556 11.
1563 5496 1591 5575 θ
1613 5506 1635 5556 1.
1652 5520 1703 5558 nos
1721 5505 1865 5560 ecclesiam
1878 5522 1935 5565 ras

181 5581 288 5659 phanis
309 5576 504 5637 arenauno
523 5577 821 5654 ommittendum
855 5580 1011 5650 Ωωιοια
1037 5579 1782 5652 Μηιιπιυίιῶᾱῆιθῦῑύιωιπυιιιιιιοιιιιαιιιιη.
1809 5585 1934 5670 81111ξῖξῇ
