3998 6024
749 258 801 317 DE
820 260 945 319 mona
962 260 1099 322 (1οΕοὼ
1711 277 1770 336 10³

72 410 104 466 in
122 412 173 466 hac
188 428 222 466 re
241 415 373 479 aedunt,
397 432 482 486 pisam
500 414 608 484 inponit
622 416 668 470 sui
682 417 797 472 modulo
817 433 910 472 conse·
937 418 1017 473 nohis
1034 418 1179 489 displicet,
1206 419 1318 475 rabum
1335 420 1480 489 audimus,
1500 423 1612 478 'motum
1629 400 1771 493 sentimur,

72 499 132 551 cisti
150 499 269 565 fuerint.
313 501 383 555 Cum
401 503 482 555 nohis
499 503 528 556 in
547 521 632 557 sacra
649 521 738 559 coena
754 520 868 559 carnem
885 511 911 558 ιι
937 507 1049 559 modum
1066 507 1216 576 nescimus,
1237 508 1432 577 praesentiam
1448 509 1597 564 credimus.
1633 511 1770 564 Pressas·

72 587 238 655 sanprsinem
259 585 369 642 Christi
384 588 509 643 exhiberi
524 597 641 660 nepam,
665 592 792 659 modum,
819 588 909 660 inqui
936 591 1013 658 tiam,
1031 592 1153 662 inquam,
1173 593 1316 648 credimus
1332 611 1389 648 non
1408 594 1499 648 minus
1511 613 1771 667 meanwarorum,-

72 679 133 739 unt,
161 673 284 740 definias
302 681 352 727 aut
371 692 427 728 non
444 677 641 744 persuadebis.
677 676 767 745 Atqui
783 692 833 746 epo
852 693 909 745 my·
935 670 972 731 de
994 680 1077 733 modo
1096 680 1276 751 praesentiae
1294 680 1367 735 nihil
1383 687 1486 734 temere
1502 682 1661 752 definimus,
1684 684 1770 748 addo,

71 759 151 812 elerii
169 759 324 814 altitudine
343 761 373 814 in
392 769 535 830 stuporem
552 763 689 832 abripior.
727 763 825 832 Neque
843 778 909 816 uero
935 783 984 819 nec
1004 765 1086 819 anaia
1105 765 1282 835 inquirimus,
1300 784 1356 821 non
1374 767 1466 836 mapsa
1482 785 1565 837 quam
1584 768 1615 822 in
1632 768 1770 838 baptismo

71 859 112 897 me
145 847 236 915 pudet
267 847 460 900 admmatione
495 865 584 902 meam
621 849 812 917 ignorantiam
847 865 909 901 cum
934 859 1044 917 nostro,
1069 853 1207 921 quomodo
1231 853 1321 906 abluit
1344 871 1395 908 nos
1419 855 1537 923 sanguis
1557 854 1665 909 Christi
1671 875 1683 924 ,·
1713 873 1770 910 non

71 931 163 986 Paulo
180 931 281 998 fateri.
333 931 445 994 Quanto
468 934 540 988 enim
563 935 597 988 id
622 935 727 1004 satius,
760 951 845 1004 arsam
865 950 910 987 aa·
934 938 1025 1007 magis
1045 956 1129 1009 psam
1152 938 1183 991 in
1201 936 1305 992 OEmrsti
1329 939 1537 1008 incarnatione,
1562 942 1701 1008 quomodo
1720 959 1769 996 na·

71 1024 185 1071 ιιιιιιιιιι
214 1018 311 1072 carnis
339 1036 416 1073 meae
449 1037 544 1084 ιιιιιιι,
574 1023 652 1090 quod
683 1021 794 1074 Paulus
819 1020 908 1073 auum
934 1032 1014 1078 turae
1037 1024 1151 1078 diuinae
1173 1019 1295 1078 humana
1319 1024 1350 1078 in
1374 1027 1490 1079 eandem
1507 1026 1669 1096 hypostasin
1687 1026 1769 1081 unia·

71 1106 232 1174 mysterium
257 1122 316 1160 ιιιι
334 1107 510 1175 pronuntiat.
547 1106 692 1178 Quidquid
715 1107 787 1160 enim
811 1123 908 1176 super·
935 1118 987 1164 tur.
1028 1109 1179 1183 ”Negant
1205 1109 1373 1178 Calviainni,
1403 1112 1618 1169 conmoversiam
1643 1111 1769 1168 euchari·

70 1193 201 1247 naturale
236 1200 291 1261 ιιι,
328 1193 362 1246 id
388 1195 522 1263 profecto
550 1201 661 1264 captum
686 1194 794 1265 inpenii
818 1195 910 1247 nostri
934 1197 1031 1252 uticam
1054 1214 1114 1253 esse
1138 1196 1173 1252 de
1199 1196 1293 1270 aliquo
1316 1197 1382 1253 fidei
1405 1197 1536 1264 articulo,
1557 1198 1647 1271 Cingl.
1666 1204 1723 1253 tom
1743 1204 1768 1257 2.

70 1285 192 1350 superat.
228 1277 263 1333 In
283 1295 380 1334 comm.
403 1286 426 1336 1.
440 1278 503 1334 Cor.
523 1285 569 1335 lt:
600 1279 726 1334 Christus
746 1279 854 1334 ossibile
873 1279 907 1332 il·
933 1283 980 1340 fol.
1004 1289 1063 1340 374.
1088 1283 1117 1338 in
1141 1283 1215 1356 apol.
1240 1283 1277 1339 nd
1297 1301 1377 1342 serm.
1396 1284 1509 1340 Lutheri
1528 1287 1624 1341 ἰοιιιιι
1642 1283 1768 1339 Suerme·

71 1366 119 1419 lud
136 1365 293 1434 maiolum
318 1365 398 1419 noha
416 1366 594 1435 porripendo
612 1385 671 1420 una
688 1368 740 1420 dot
756 1368 841 1420 etiam
859 1384 907 1419 no-
933 1386 991 1435 ros,
1019 1369 1151 1425 Erasmus
1184 1369 1279 1426 Sabin.
1307 1369 1465 1440 Heinerus,
1494 1370 1563 1425 alias
1590 1371 1766 1426 Hermannus

71 1454 109 1506 his
133 1469 216 1506 ιιιιιιιι
238 1468 348 1521 corpus.
383 1453 482 1523 Neque
500 1453 573 1507 enim
586 1454 689 1519 sallao
707 1461 760 1522 est,
789 1471 842 1523 auo
860 1470 906 1505 va·
933 1455 1054 1514 Fabron.
1075 1456 1139 1515 libr.
1158 1456 1278 1513 Casselis
1298 1457 1373 1512 edito
1400 1473 1473 1512 anno
1501 1463 1574 1514 1601.
1599 1456 1645 1512 eui
1669 1456 1768 1512 titulun

64 1539 126 1593 mis
147 1540 252 1608 fipuris
275 1556 327 1593 nos
350 1538 438 1593 ludat.
474 1540 602 1594 Proinde
624 1541 701 1595 illud
717 1539 788 1594 nili
805 1548 845 1594 est
863 1557 907 1593 er-
934 1545 1095 1614 iutbetaner
1130 1544 1184 1600 unb
1221 1541 1383 1613 initialiter
1417 1560 1441 1598 e.
1474 1547 1496 1600 1.
1525 1543 1661 1600 rationem
1689 1543 1769 1599 addit

70 1631 112 1678 tra
129 1625 362 1693 contr-ommam,
378 1625 520 1679 ueritatem
538 1626 583 1680 hic
600 1645 661 1681 cum
679 1645 730 1681 suo
749 1627 829 1694 mano
844 1645 907 1680 con·
934 1627 1055 1685 Steinius
1078 1628 1107 1683 in
1133 1629 1264 1685 Grateero
1280 1628 1411 1701 triumph.
1428 1645 1452 1683 c.
1470 1634 1495 1685 5.
1511 1647 1539 1700 p.
1559 1635 1599 1685 el.
1617 1628 1682 1685 edit.
1702 1627 1768 1685 Hei·

63 1712 194 1780 junctam
212 1727 279 1768 esse.
315 1710 403 1764 Item:
420 1711 527 1781 Audio,
547 1713 618 1782 quid
635 1714 720 1777 serlo
737 1721 842 1780 sonent,
860 1730 906 1766 ne·
933 1714 1006 1771 delb.
1031 1732 1104 1771 anno
1126 1721 1199 1772 1605.
1217 1715 1284 1788 quia
1301 1715 1376 1789 quod
1393 1732 1448 1771 non
1469 1722 1512 1771 est
1528 1715 1558 1770 in
1575 1714 1716 1785 symbolo,
1738 1714 1768 1768 id

68 1815 117 1868 ares
135 1799 212 1852 enim
229 1797 327 1852 mortis
345 1804 452 1851 tantum
472 1815 506 1851 ac
523 1799 736 1853 resurectionis
749 1815 817 1852 suae
829 1799 906 1852 hene·
932 1817 983 1855 nec
1007 1802 1184 1857 credendum.
1227 1799 1452 1873 Respondemus:
1483 1808 1503 1857 1.
1522 1799 1715 1857 Controversia
1732 1799 1767 1856 de

67 1887 159 1950 ιιιιιιιι
185 1884 268 1938 nohis
287 1885 371 1953 offert
387 1882 532 1954 Obrimus,
556 1887 608 1939 sed
624 1903 727 1953 corpus
743 1886 849 1955 ipsum,
876 1886 905 1938 in
932 1894 1088 1943 sanctorum
1117 1888 1307 1943 communione
1338 1893 1381 1942 est
1410 1885 1445 1942 de
1470 1885 1586 1942 articulo
1613 1885 1688 1942 fidei
1728 1890 1767 1940 At

67 1990 118 2044 pue
139 1987 248 2041 passus
273 1978 314 2025 est
338 1978 365 2023 et
388 1926 549 2027 resurrexit.
567 1970 615 2026 lib
637 1970 671 2026 de
690 1987 756 2026 vera
773 1970 905 2027 eeclesiae
932 1974 1118 2030 controversia
1147 1974 1182 2030 de
1212 1990 1299 2030 coena
1327 1977 1369 2029 est
1401 1971 1436 2029 de
1460 1979 1620 2028 sanctorum
1645 1988 1766 2027 eommu-

64 2058 262 2113 reformatione
288 2076 316 2129 p.
340 2062 398 2113 320.
419 2058 491 2113 inter
510 2063 589 2114 tract.
608 2057 729 2148 theolog.
750 2057 815 2115 edit
832 2074 905 2113 anno
931 2059 1026 2129 nione,
1051 2064 1122 2116 teste
1147 2058 1461 2131 apostolol.Cor.10,
1484 2077 1509 2114 v.
1533 2065 1572 2115 17.
1608 2057 1767 2116 asianos

68 2150 149 2201 tota:
174 2145 351 2199 Ριοιιιιιιιίαι
371 2143 510 2214 Christus,
529 2162 559 2198 se
576 2128 678 2215 eorpus
696 2153 722 2199 ιι
741 2146 906 2213 sanquinem
932 2152 974 2202 eat
997 2146 1160 2202 adversariis
1187 2163 1290 2202 coenae
1314 2146 1416 2211 forma,
1448 2161 1515 2217 ergo
1533 2145 1607 2201 circa
1624 2160 1685 2199 eam
1704 2161 1767 2199 con-

66 2250 146 2286 ssasm
163 2234 238 2287 dare
254 2248 358 2301 panem
375 2239 401 2285 ιι
416 2233 510 2286 unum
532 2233 725 2302 porripendo;
749 2232 800 2286 hoc
818 2240 905 2286 totum
932 2232 1083 2288 troversiae
1108 2239 1172 2289 sunt
1196 2233 1230 2288 de
1258 2236 1308 2288 nrt.
1334 2232 1410 2288 fidei.
1452 2237 1477 2289 3.
1500 2230 1529 2286 si
1544 2232 1627 2302 juxta
1644 2228 1766 2301 Epipha-

66 2318 234 2392 recipimus,
265 2336 316 2373 nec
338 2336 403 2374 uero
426 2319 599 2383 dubitamus,
629 2320 696 2389 pasin
721 2337 775 2373 ιιιιι
802 2326 906 2373 constet
931 2320 1008 2373 nium
1031 2319 1061 2372 in
1084 2335 1175 2374 ancer.
1196 2319 1236 2388 ie,
1259 2319 1376 2389 quinon
1395 2319 1486 2372 credit
1505 2319 1540 2370 de
1559 2316 1610 2370 hoc
1626 2315 1767 2386 mysterio,

64 2405 251 2477 promissioni
267 2407 354 2475 fides,
375 2423 447 2476 areae
467 2413 541 2460 certe
561 2413 691 2459 constare
709 2406 819 2474 nequit,
838 2406 904 2476 quin
931 2405 1021 2475 ipsum
1045 2422 1140 2459 oerum
1158 2421 1231 2473 esse,
1268 2405 1340 2458 ιιιιιι
1363 2405 1449 2479 ῥητῶς
1470 2402 1598 2458 Christus
1615 2409 1767 2472 asseverat,

66 2509 111 2545 res
130 2491 296 2546 exhibeatur
314 2493 389 2562 ipsa.
407 2508 435 2562 p.
453 2496 512 2548 327.
530 2493 566 2548 b:
599 2490 709 2562 Corpus
728 2510 808 2545 suum
826 2491 906 2545 nohis
932 2490 1035 2545 eccidit
1064 2507 1079 2544 ι
1109 2493 1206 2560 pratia
1231 2491 1292 2544 Dei
1315 2499 1341 2544 et
1364 2489 1472 2555 salute,
1498 2490 1525 2543 si
1540 2490 1622 2560 juxta
1640 2486 1767 2543 'lbeodo-

67 2576 197 2633 dedum
220 2577 360 2648 porripit,
387 2580 617 2647 sededendumf
642 2577 809 2648 sanpuinem‘
825 2596 906 2631 suum
932 2583 1021 2635 retum
1042 2576 1106 2634 dial.
1119 2584 1143 2634 3.
1164 2578 1258 2631 statim
1272 2585 1340 2647 post
1360 2576 1555 2646 apostolorum
1572 2582 1700 2644 tempora
1717 2572 1770 2645 qui

63 2666 216 2736 propinat,
240 2657 293 2718 sed
317 2663 472 2722 hibendum.
509 2663 542 2719 In
560 2664 665 2736 optima
682 2663 846 2720 concordiae
863 2681 905 2719 ra·
931 2667 1084 2736 repebant,
1102 2665 1303 2718 eucharistiam
1321 2671 1451 2718 constare
1468 2662 1579 2716 ditatur
1596 2660 1694 2730 rebus,
1712 2665 1769 2715 ter-

66 2753 143 2807 tione
171 2769 201 2823 p.
235 2755 311 2808 1002.
343 2749 446 2806 citante
475 2750 511 2809 D.
543 2750 664 2823 Pelargo
688 2750 724 2805 ad
745 2750 833 2807 Notas
851 2768 906 2806 non
931 2769 1002 2807 rena
1025 2759 1051 2806 ιι
1069 2750 1196 2820 coelesti,
1220 2750 1375 2821 publicitus
1389 2748 1649 2822 pronuntiabantur
1669 2745 1767 2802 ιαιιι-

65 2838 179 2894 candidi
200 2853 266 2909 pag.
287 2843 352 2894 159:
376 2836 414 2891 In
431 2855 516 2892 sacra
533 2855 622 2894 coena
638 2838 805 2892 miraculum
821 2855 905 2906 aqna·
931 2839 996 2907 tici,·
1019 2836 1116 2910 utique
1138 2855 1195 2893 non
1216 2837 1269 2893 erit
1287 2836 1475 2893 ιοιιιιοιιιιὶι
1490 2833 1619 2891 verbalis.
1652 2837 1679 2891 4.
1697 2832 1768 2890 Con·

66 2925 182 2994 scimus,
213 2926 291 2993 guod
309 2931 335 2976 ιι
356 2933 475 2978 notarem
490 2926 566 2994 fines
586 2932 613 2979 ιι
629 2942 725 2979 sensus
743 2925 835 2979 nostri
850 2942 905 2979 mo·
931 2924 1080 2989 troversia,
1114 2925 1143 2978 in
1172 2925 1252 2994 cujus
1286 2921 1486 2994 dijudicatione
1514 2938 1602 2991 prava
1628 2918 1768 2992 judiciam

68 3014 135 3065 ιιιιιιι
159 3009 319 3066 medita*
360 3010 512 3065 Perkinsus
535 3011 564 3066 in
590 3010 692 3068 cathol.
712 3010 822 3067 reform.
841 3027 905 3066 con·
931 3010 1116 3068 damnationis
1144 3013 1287 3074 aeternae,
1314 3015 1406 3065 reatus
1431 3008 1554 3081 corporis
1578 3011 1607 3062 et
1624 3006 1768 3080 ιιιιςιιὶιιιι

65 3104 135 3154 trov.
158 3104 199 3154 10.
218 3112 242 3152 c.
262 3102 284 3152 1.
302 3095 419 3165 fatetur,
444 3115 547 3167 corpus
567 3096 676 3152 Chresti
691 3098 722 3150 in
737 3115 825 3152 coena
842 3114 905 3150 rea·
930 3099 1043 3155 Domini
1070 3096 1256 3166 contrahitur,
1277 3095 1398 3151 verbalis
1422 3113 1477 3151 non
1495 3101 1545 3151 est
1579 3092 1620 3148 At
1636 3093 1705 3149 haee
1726 3099 1768 3149 ta·

65 3185 172 3239 lissima
199 3183 338 3252 cohiheri5
355 3197 386 3237 c.
412 3187 436 3239 2.
456 3201 513 3237 non
532 3187 567 3238 de
585 3186 649 3255 ipsa
663 3184 826 3254 praesentia
846 3200 905 3237 cor·
930 3186 965 3241 lis
998 3192 1019 3243 1.
1044 3184 1106 3241 Cor.
1138 3189 1177 3240 11.
1222 3190 1246 3238 5.
1264 3182 1311 3236 An
1333 3181 1460 3237 rerbales
1481 3180 1594 3237 vocabis
1612 3186 1768 3237 commover-

62 3272 147 3341 poris
176 3279 203 3324 et
224 3270 372 3339 eanpuinis
397 3271 428 3323 in
452 3287 553 3340 coena,
579 3275 632 3326 sed
650 3274 685 3326 de
703 3272 786 3326 modo
804 3272 904 3324 dunta-
931 3273 1001 3337 sias,
1019 3282 1091 3343 qua'e
1109 3269 1161 3325 tibi
1182 3286 1245 3324 cum
1264 3266 1436 3339 Capernnitie
1458 3273 1486 3321 et
1504 3265 1606 3321 Christi
1622 3265 1768 3321 homicidis

66 3367 116 3412 rat
153 3358 345 3429 precationem
379 3373 437 3412 esse
468 3358 573 3414 scribit.
618 3358 743 3414 Pezelius
775 3357 836 3412 libr.
870 3356 904 3411 de
930 3355 1125 3413 intercedunt?
1148 3355 1192 3410 his
1216 3354 1289 3410 enirn
1312 3372 1362 3409 nos
1388 3370 1468 3409 ornas
1488 3351 1586 3407 titulis.
1623 3357 1647 3407 6.
1666 3352 1766 3408 Bilste·

65 3459 155 3500 coena
186 3461 214 3514 p.
246 3448 288 3499 44.
316 3442 397 3508 dicit,
428 3460 458 3499 se
485 3443 624 3516 profiteri,
654 3445 794 3514 objectum
819 3444 904 3513 hujus
931 3445 993 3500 niue
1010 3443 1039 3498 in
1057 3441 1154 3514 logicis
1174 3441 1222 3497 lib.
1243 3447 1264 3496 1.
1282 3459 1309 3512 p.
1332 3445 1388 3496 113.
1400 3438 1467 3495 edit.
1479 3437 1589 3494 Hunos.
1607 3455 1680 3494 anno
1701 3445 1767 3497 1594

67 3535 217 3591 κοινωνίας
235 3546 293 3584 esse
311 3547 367 3584 non
386 3536 493 3584 tantum
513 3531 687 3585 divinitatem
705 3538 755 3584 aut
766 3529 904 3600 Spiritum
931 3537 1016 3601 caput
1040 3529 1175 3586 Johannis
1199 3534 1224 3584 θ.
1241 3525 1350 3595 referri
1366 3527 1407 3580 ad
1424 3543 1553 3595 coenam,
1575 3542 1634 3579 esse
1649 3525 1700 3579 suh
1719 3543 1766 3580 ra·

68 3625 119 3672 aso
136 3617 265 3671 meritum
285 3617 359 3684 ejus,
385 3624 435 3669 aut
453 3617 613 3684 efficaciam
632 3617 774 3687 corporis,
794 3617 847 3670 sed
862 3614 904 3683 ip·
930 3617 1006 3672 tione
1025 3616 1143 3669 articuli
1153 3615 1229 3685 fidei
1247 3613 1430 3676 credendum,
1454 3620 1485 3666 ut
1502 3612 1596 3682 dicat,
1623 3612 1767 3682 Ubiquita·

66 3721 128 3757 sam
147 3702 254 3759 Christi
271 3718 384 3755 carnem
403 3709 429 3755 et
448 3705 619 3774 sanprsinem.
637 3721 664 3774 p.
675 3708 716 3758 12.
734 3702 905 3757 contrarium
930 3704 990 3757 rios
1009 3702 1067 3756 nisi
1082 3703 1111 3755 in
1131 3708 1273 3754 oeternum
1293 3698 1379 3752 velint
1397 3699 1546 3762 damnari,
1563 3697 1638 3752 ι’ἆιιιι
1655 3707 1686 3753 ut
1696 3717 1767 3769 pro-

67 3793 126 3844 ruis
148 3806 205 3860 per
231 3789 403 3842 calumniam
427 3791 513 3843 tribui
537 3789 721 3862 conqueritur.
766 3786 903 3859 Redolph.
930 3792 1062 3857 fiteantur
1087 3789 1156 3857 copi.
1197 3785 1271 3853 Quid
1296 3801 1363 3856 ergo
1386 3783 1435 3840 liet
1452 3783 1487 3840 de
1506 3801 1587 3840 sacra
1603 3789 1767 3841 menatae

68 3876 240 3934 Gualtherus
258 3876 287 3929 in
306 3875 384 3946 epist.
404 3875 522 3930 dedicat.
540 3875 578 3931 ad
592 3874 772 3933 Wilhelmum
786 3872 904 3929 Hassiae
930 3893 987 3931 non
1013 3892 1046 3930 eo
1068 3875 1157 3947 magis
1182 3873 1255 3928 inter
1280 3869 1345 3926 fidei
1368 3870 1500 3926 articulos
1522 3870 1614 3927 locum
1631 3871 1767 3927 habebit?

66 3962 276 4035 Landgrarium
301 3963 497 4017 commentario
516 3962 596 4033 epist.
613 3960 650 4016 ad
667 3961 806 4017 Romanos
825 3977 904 4030 prae·
930 3963 1006 4034 Ergo
1023 3966 1130 4016 nonest
1142 3966 1307 4032 λογομαχια,
1324 3959 1374 4015 sed
1385 3962 1619 4032 μυσιηριομαχια.
1652 3964 1674 4012 1.
1687 3958 1766 4022 Quae

66 4050 136 4105 han:
167 4049 331 4103 Dolendum
357 4057 410 4117 est,
437 4048 560 4103 homines
589 4048 700 4117 alioqui
723 4050 857 4101 cordatos
879 4054 904 4100 ιι
930 4050 967 4104 ad
984 4048 1090 4103 cultum
1108 4046 1231 4101 divinum
1250 4046 1405 4117 pertinent,
1426 4061 1461 4100 en
1478 4044 1562 4098 etiam
1579 4043 1616 4099 ad
1634 4043 1767 4099 articulos

66 4155 122 4191 non
148 4136 223 4190 mals
247 4137 362 4205 affectos
385 4133 457 4190 adeo
484 4137 635 4199 caecutire,
659 4141 691 4187 ut
712 4135 747 4188 oh
765 4143 904 4188 certamen
930 4135 996 4191 fidei
1013 4133 1160 4207 pertinent.
1196 4130 1251 4187 Sed
1270 4137 1443 4186 sacramenta
1461 4129 1766 4202 pertinentadoultum

67 4223 323 4278 sacramentarium
342 4229 368 4275 ιι
385 4223 426 4274 sic
444 4221 500 4274 levi
517 4223 553 4275 de
572 4238 658 4274 ιαιιιιι
673 4222 852 4291 offendantur
878 4227 904 4273 et
931 4221 1063 4277 divinum.
1098 4219 1185 4274 Exod.
1208 4224 1248 4289 12,
1266 4237 1292 4288 ι,
1311 4221 1360 4275 26:
1381 4218 1500 4282 Qtsando
1517 4218 1575 4284 filii
1587 4216 1674 4273 uestri
1683 4216 1766 4272 inter·

66 4319 177 4365 tantum
199 4325 257 4362 non
283 4309 362 4378 quod
385 4308 415 4360 in
438 4308 589 4378 prouerbio
614 4307 730 4376 dicitur,
756 4307 787 4360 in
806 4307 904 4360 culicis
930 4309 1083 4377 ropalmnt:
1110 4305 1187 4368 Quid
1210 4323 1280 4375 opus
1299 4305 1350 4359 hoc
1367 4304 1464 4358 uobis!
1486 4303 1516 4356 in
1534 4320 1606 4374 assae
1622 4302 1709 4360 verba
1725 4302 1766 4359 sio

66 4415 163 4451 morsu
186 4395 339 4449 Herculem
365 4395 499 4448 invocent
540 4391 653 4447 Isaacus
677 4390 858 4448 Cnsaubonns
875 4393 905 4447 in
930 4399 1130 4451 commentatur
1154 4392 1309 4447 Tessanus:
1339 4391 1523 4447 Samamenta
1542 4400 1606 4447 sunt
1617 4408 1691 4462 pare
1708 4391 1766 4446 cul·

64 4498 138 4552 resp.
174 4481 210 4535 ad
251 4479 358 4552 epistol
388 4478 513 4535 Perronii
542 4480 652 4534 nomine
682 4478 756 4549 regis
784 4478 905 4549 Angliae
930 4491 975 4535 tus
982 4498 1087 4551 ,ᾳιιιιιι
1105 4481 1168 4534 Deo
1184 4486 1335 4550 praestare
1352 4486 1483 4532 tenanur.
1494 4479 1522 4513 *2

64 4568 171 4639 sumpta
200 4582 267 4638 pag.
300 4572 342 4623 35.
372 4582 405 4620 ex
436 4563 485 4621 lib.
512 4563 635 4636 episcopi
666 4563 784 4619 Eliensis
807 4573 904 4620 eontra
967 4574 1024 4625 105.
1051 4566 1180 4637 Speciose
1206 4566 1292 4638 igitur
1318 4569 1347 4621 et
1370 4565 1558 4637 plausibiliter
1580 4563 1663 4632 haec,
1689 4562 1765 4637 quod
1778 4577 1803 4619 a
1817 4576 1862 4620 ιιι.

65 4654 282 4709 Bellnrminum.
312 4652 396 4714 Quod
415 4651 592 4706 cardinalem
606 4669 661 4705 non
680 4652 760 4720 latet,
784 4650 841 4704 nisi
859 4669 904 4705 vo·
930 4655 1117 4709 controversia
1144 4653 1179 4709 de
1205 4671 1226 4707 s
1254 4652 1422 4709 eucharistia
1444 4670 1499 4707 non
1527 4653 1562 4707 sit
1588 4651 1623 4705 de
1647 4650 1764 4706 articulo
1776 4632 1852 4722 ⁸24⁶ss

63 4743 167 4797 lentem
186 4740 307 4806 etultro,
326 4739 398 4793 dicit
412 4739 549 4807 Christus,
566 4739 618 4792 loc
631 4745 671 4791 est
684 4754 786 4807 corpus
797 4753 903 4806 meum,·
929 4740 1009 4809 fidei,
1029 4741 1168 4806 dicuntur,
1187 4757 1238 4796 nee
1256 4739 1417 4797 dubitamus
1435 4739 1470 4794 de
1489 4737 1697 4810 quamplurimis
1715 4755 1763 4793 nu·
1777 4735 1805 4773 ‘¹
1807 4738 1885 4774 neme

64 4848 131 4896 non,
149 4829 201 4882 hoc
220 4829 304 4882 modo
322 4828 374 4880 boc
392 4835 431 4880 ιιι
449 4844 551 4896 corpus
571 4843 668 4882 meum.
703 4825 794 4880 Nobis
812 4834 903 4879 antem
930 4827 1096 4882 ditoribus
1088 4846 1117 4882 ιιι
1143 4827 1267 4883 ecclesiis
1292 4826 1516 4882 Celsinianorum
1540 4843 1634 4880 verum
1654 4825 1762 4880 esseil·
1775 4796 1892 4885 lilibus

63 4917 206 4973 manain
224 4917 260 4968 cie
278 4913 385 4982 objecto
406 4914 544 4980 conuenit,
561 4915 596 4967 de
614 4915 698 4967 modo
716 4912 753 4966 lis
773 4919 821 4965 ιιι
858 4913 904 4965 De
929 4914 987 4983 lud,
1004 4914 1079 4986 quod
1096 4913 1221 4985 puriores
1237 4915 1294 4968 sint
1311 4914 1433 4985 ipsorum
1451 4931 1540 4980 aures,
1561 4929 1645 4984 quam
1663 4912 1763 4970 docen-
1775 4866 1883 4990 mim.

63 5005 117 5059 loc
153 5010 195 5056 est
233 5003 318 5065 firma
354 5000 411 5065 tide
440 5007 579 5069 tenemus;
611 5001 646 5053 de
676 4999 729 5055 hoc
756 5001 840 5052 modo
863 5005 904 5051 est
929 4999 1090 5065 tiumlabia,
1103 4999 1211 5054 interim
1225 5005 1317 5055 tamen
1330 5018 1354 5054 ιι
1345 5000 1498 5057 adversae
1509 4999 1595 5071 partie
1614 4999 1717 5069 scripta
1735 4991 1821 5098 erip
1822 5001 1891 5095 iffi*

62 5092 181 5160 (nempe
200 5104 257 5158 per
275 5085 649 5154 transsubstantiationem),
673 5088 709 5141 de
730 5087 827 5151 modo,
850 5101 904 5154 quo
929 5092 1093 5157 argumenta
1120 5084 1276 5157 expendere
1296 5087 1427 5156 velimus,
1448 5085 1530 5141 fateri
1555 5084 1665 5139 omnino
1690 5084 1764 5158 cogi·

62 5180 131 5245 fiat,
156 5183 188 5229 ut
215 5174 252 5228 sit
269 5190 335 5244 per,
362 5174 419 5226 sive
437 5172 481 5242 in,
511 5172 568 5224 sive
586 5188 661 5239 cum,
690 5173 748 5226 siue
766 5172 829 5241 suh,
847 5171 904 5225 siue
930 5191 1003 5236 mur,
1027 5189 1083 5226 non
1108 5171 1142 5226 de
1163 5173 1245 5226 modo
1264 5172 1438 5243 praesentiae
1458 5174 1551 5241 (quem
1569 5169 1679 5241 ipsimet
1696 5171 1764 5227 inte·

63 5273 160 5333 ιιαιιι,
188 5261 299 5316 nudum
322 5259 394 5313 inihi
413 5260 525 5313 salum
549 5265 597 5310 est.
639 5259 769 5327 Etonia
793 5260 904 5313 uerbum
929 5275 991 5314 mur
1016 5275 1076 5313 esee
1101 5257 1249 5329 mysticum
1272 5265 1300 5314 et
1318 5255 1552 5320 inscrutabilem),
1579 5256 1630 5312 sed
1649 5257 1711 5314 de
1703 5274 1765 5328 ipsa

63 5351 175 5406 ιιιὶιιιιιι
194 5348 295 5401 merito
314 5365 333 5400 a
344 5347 407 5413 fide
425 5346 587 5415 ablegamus
602 5345 719 5423 procul,
744 5345 817 5398 inter
832 5345 904 5398 scita
929 5343 1087 5417 praesentia
1114 5344 1237 5414 corporis
1265 5347 1294 5400 ιι
1327 5342 1469 5414 sanguinis
1497 5342 1599 5398 Christi
1627 5344 1764 5413 quaestio-

62 5438 177 5494 scholae
193 5437 335 5503 sortasse,
359 5432 434 5486 inter
451 5433 522 5496 fidei
538 5430 676 5484 articulos
695 5448 752 5483 non
763 5432 903 5499 ponimus.
929 5448 993 5486 nem
1019 5448 1086 5487 esse.
1130 5429 1309 5486 Contendnnt
1334 5429 1406 5484 enim
1432 5428 1595 5485 adversarii:
1624 5437 1644 5487 1.
1664 5448 1764 5503 corpus

65 5524 149 5593 Quod
177 5520 286 5578 dirime
317 5517 386 5574 olim
412 5520 509 5586 fertur
537 5517 713 5589 Durandus,
742 5517 903 5587 ιιιιιιιᾳιιιιιι
930 5517 1032 5574 Chnsti
1063 5532 1120 5572 non
1147 5515 1200 5572 nisi
1228 5516 1258 5570 in
1287 5514 1364 5570 coelo
1391 5509 1614 5574 substantialiter
1634 5532 1763 5588 praeseus
