4004 6022
769 247 822 303 11
839 246 964 306 sacas
979 245 1118 306 cosas
1730 263 1787 323 ηρ

91 400 142 456 hoc
166 399 267 456 modo:
309 399 342 454 In
367 393 620 470 praedicationibus
652 401 842 472 personalibus
873 419 928 457 non
955 399 1019 456 ideo
1051 407 1127 458 recte
1157 402 1274 458 dicitur:
1307 403 1438 460 columba
1463 410 1507 460 est
1534 403 1653 475 Spiritus
1682 425 1704 464 s.
1733 425 1789 463 non

93 492 182 556 potest
210 485 267 540 dici
295 485 325 540 in
357 485 512 542 abstracto:
543 486 673 541 divinitas
700 495 740 543 est
761 488 927 544 humanitas.
955 487 1150 557 essentiatiter,
1173 488 1222 544 sed
1241 493 1355 559 propter
1371 488 1539 560 peculiarem
1557 491 1742 561 praesentiam
1761 499 1789 550 st

93 573 165 643 Ergo
190 589 243 627 nec
272 572 301 626 in
332 572 585 642 praedicationibus
607 574 852 629 sacramentalibus
872 574 928 628 dici
955 572 1091 629 unionem.
1137 574 1249 645 Negant
1274 575 1459 630 Bellarminus
1486 583 1514 631 et
1542 576 1692 645 Pistorius,
1718 578 1789 635 hanc

91 664 194 728 potest:
221 658 303 728 panis
328 665 370 712 est
395 675 495 729 corpus
518 657 629 715 Christi.
671 659 701 714 Si
723 665 797 716 esset
820 666 928 715 tantum
954 659 1169 730 propositionem
1190 661 1219 716 in
1238 660 1389 732 Scripturis
1408 661 1539 730 inveniri,
1558 664 1608 719 ssd
1625 664 1789 734 opponimus

90 745 153 800 unic
183 745 322 816 quaedam
344 743 417 799 inter
440 761 541 815 panem
565 751 593 800 et
619 763 737 816 corpus,
760 763 815 801 non
835 753 928 816 posset
954 745 994 800 eis
1012 744 1081 800 haec
1101 746 1157 801 duo
1174 752 1350 817 argumenta:
1378 747 1459 812 Quod
1477 766 1561 818 super
1580 749 1723 805 Christum
1742 751 1789 806 ds·

15 818 21 832 ⁶
90 830 158 886 dici:
188 830 270 901 panis
289 837 331 884 est
348 847 449 900 corpus
469 830 581 885 Christi.
614 831 711 900 Ratio,
730 831 796 903 quia
815 838 928 902 propter
954 831 1075 896 scandit,
1106 839 1149 886 est
1171 832 1290 902 Spiritus
1315 852 1335 889 s.
1374 832 1510 890 Columba
1537 851 1621 906 super
1648 836 1790 891 Christum

90 916 222 971 unionem
245 917 276 973 in
299 917 417 971 11111111
440 917 476 971 de
502 933 622 986 persona
642 916 744 972 Christi
763 935 818 972 non
837 923 929 988 potest
954 916 1106 973 descendit.
1141 919 1218 989 Ergo
1235 919 1365 974 columba
1384 927 1426 974 est
1444 919 1564 990 Spiritus
1583 938 1606 977 s.
1642 920 1724 986 Quod
1741 922 1789 978 Jo

90 1000 157 1055 dici:
185 1001 344 1057 humanitas
370 1010 412 1058 est
430 1002 570 1058 divinitas.
606 1002 680 1074 Ergo
699 1003 850 1074 propositio
870 1003 926 1072 ills,
954 1002 1059 1056 hannm
1087 1002 1215 1073 Baptista
1241 1005 1325 1069 vidit,
1351 1012 1392 1060 est
1415 1005 1534 1076 Spiritus
1563 1025 1585 1060 s.
1625 1006 1789 1064 Columbam

89 1087 169 1156 panis
187 1094 231 1144 est
248 1104 349 1158 eorpus
370 1088 480 1158 Christi,
499 1089 605 1160 aliquid
628 1090 689 1158 plus
709 1090 823 1145 denotat
843 1108 926 1162 quam
952 1090 1095 1147 Johannes
1118 1090 1249 1161 Baptista
1271 1091 1349 1147 vidit.
1384 1091 1459 1162 Ergo
1483 1091 1613 1147 columba
1637 1100 1680 1147 est
1703 1093 1789 1164 Spiri-

89 1172 235 1242 unionem,
253 1173 384 1230 videlicet
402 1175 577 1231 essentialem
597 1175 777 1231 mutationem
797 1177 877 1246 panis
898 1177 926 1230 in
952 1184 997 1231 tus
1018 1197 1040 1234 s.
1077 1177 1231 1249 Utriusque
1248 1178 1405 1248 argumenti
1423 1179 1590 1247 praemissae
1603 1178 1713 1234 (11111111
1729 1198 1788 1236 ser·

89 1275 187 1329 corpns
207 1257 319 1315 Christi.
361 1259 424 1314 Hoc
447 1267 641 1330 argumentum
667 1261 850 1316 Bellarminns
868 1262 927 1333 qui-
952 1263 995 1317 bis
1030 1270 1139 1318 exstant
1171 1264 1247 1334 apud
1280 1263 1466 1335 evangelistas
1500 1263 1600 1319 Matth.
1625 1271 1658 1333 3,
1693 1284 1718 1320 1.
1746 1273 1787 1322 16.

90 1344 151 1399 dem
174 1345 321 1416 praeterit,
344 1345 393 1400 sed
418 1347 485 1416 quia
502 1347 538 1401 ab
557 1346 715 1403 adrmsario
733 1347 827 1419 aliquo
845 1348 926 1403 nobis
952 1348 1037 1403 Marc
1070 1357 1097 1419 1,
1122 1368 1148 1405 v.
1181 1355 1219 1404 10.
1258 1348 1328 1403 Luc.
1354 1355 1384 1412 3,
1412 1368 1436 1404 1.
1466 1355 1507 1404 22.
1545 1349 1609 1404 Job.
1640 1357 1668 1415 1,
1694 1368 1720 1407 s.
1746 1356 1788 1407 31.

90 1429 174 1499 objici
197 1435 306 1501 posset,
334 1430 398 1486 ideo
417 1430 470 1486 boc
490 1432 551 1486 loco
570 1433 767 1504 explicandum
787 1441 837 1489 est.
872 1435 925 1490 Rs-
952 1441 977 1492 1.
996 1435 1068 1502 Quia
1085 1435 1179 1506 angeli
1200 1436 1228 1489 in
1246 1435 1376 1501 assumtis
1398 1435 1494 1490 formis
1516 1436 1654 1506 corporeis
1672 1435 1788 1491 bomini·

90 1515 257 1585 spondemus
283 1515 383 1586 igitur,
407 1516 442 1572 ds
467 1534 539 1586 pane
566 1534 621 1572 non
648 1518 810 1588 simpliciter
833 1528 861 1575 et
878 1520 925 1574 ab·
953 1523 1005 1576 bus
1025 1521 1136 1591 saepius
1154 1529 1357 1592 apparuerunt,
1376 1521 1439 1576 ideo
1457 1520 1492 1575 de
1509 1520 1564 1575 illis
1582 1528 1658 1576 recte
1677 1522 1787 1591 dicitur,
1899 1554 1910 1570 ·

90 1599 190 1668 solute,
209 1600 259 1657 ssd
277 1600 307 1655 in
325 1619 378 1656 usu
396 1603 590 1659 sacramentali
609 1604 777 1675 praedicari,
797 1606 872 1676 quod
889 1607 926 1660 sit
952 1612 1089 1662 assumtae
1113 1607 1175 1662 illas
1198 1607 1301 1662 formas
1326 1605 1412 1660 fuisse
1435 1606 1490 1660 Dei
1515 1606 1637 1677 angelos.
1683 1607 1787 1662 Beller-

90 1703 188 1757 corpus
213 1686 332 1755 Christi,
354 1688 430 1743 uude
452 1689 579 1759 subjecto
607 1689 679 1746 solet
695 1692 762 1745 addi
779 1693 860 1763 panis
878 1710 925 1748 eu·
952 1693 1042 1748 minus
1068 1694 1159 1747 denuo
1187 1698 1288 1764 negat,
1314 1693 1343 1745 in
1366 1691 1461 1746 bibliis
1484 1692 1556 1748 hanc
1573 1693 1788 1763 propositionem

90 1771 266 1841 charisticua,
284 1773 364 1843 panis
383 1773 555 1840 benedictus,
573 1777 653 1846 panis
671 1795 753 1848 quem
771 1778 925 1850 frangimus
952 1778 1083 1846 inveniri,
1113 1779 1161 1833 ssd
1187 1777 1264 1832 facili
1288 1778 1401 1849 negotio
1427 1795 1460 1832 ex
1484 1777 1539 1832 illis
1563 1778 1665 1835 deduci
1687 1785 1787 1849 potest

91 1865 141 1915 etc.
169 1875 255 1930 quam
277 1865 446 1929 postremam
470 1860 662 1917 limitationem
687 1863 829 1933 apostolus
847 1881 925 1919 usur-
952 1863 985 1918 ld
1011 1864 1088 1934 quod
1112 1864 1242 1918 uiderunt
1261 1863 1351 1918 sancti
1367 1862 1422 1918 Dei
1440 1863 1579 1932 homines,
1604 1863 1717 1919 fuerunt
1741 1881 1788 1919 au·

31 1983 34 1991 .
90 1950 137 2013 pat
157 1950 179 2000 1.
199 1942 262 2001 Cor.
283 1950 373 2012 111,1.
396 1951 434 2001 16.
471 1945 711 2011 Quemadmodum
729 1947 815 2020 igitur
831 1950 860 2004 in
877 1950 925 2005 ab·
954 1949 1017 2020 geli.
1054 1949 1142 2020 Atqui
1166 1948 1255 2004 sancti
1281 1948 1335 2004 Dei
1355 1948 1480 2004 homines
1500 1949 1630 2003 viderunt
1653 1956 1789 2005 assumtus

90 2036 191 2085 structo
218 2029 313 2084 divina
337 2037 437 2086 natura
457 2048 513 2086 non
541 2033 718 2102 praedicatur
739 2034 775 2090 de
798 2035 927 2101 humana,
953 2035 1056 2090 formas
1081 2042 1217 2091 externas.
1253 2034 1328 2106 Ergo
1348 2042 1487 2089 assumtae
1505 2034 1570 2089 illae
1588 2040 1716 2090 externae
1735 2034 1789 2089 for·

91 2123 252 2184 11111111,
282 2117 332 2171 sed
355 2122 462 2172 tantum
486 2118 515 2170 in
543 2125 689 2185 concreto,
716 2122 790 2191 quod
812 2122 926 2176 evidens
954 2138 1015 2176 mae
1032 2120 1145 2177 fuerunt
1162 2121 1256 2192 angeli
1272 2120 1335 2175 Dei.
1373 2121 1451 2174 Idem
1466 2119 1607 2189 judicium
1626 2119 1661 2175 de
1680 2120 1789 2176 visioni-

91 2208 285 2274 argumentum
304 2208 358 2270 est,
387 2203 517 2258 unionem
535 2205 708 2274 personalem
726 2206 787 2262 esse
804 2224 925 2272 causam,
953 2209 1006 2263 bus
1026 2206 1136 2262 divinis.
1176 2208 1244 2261 Vidi
1268 2209 1362 2260 Deam
1381 2225 1399 2259 a
1417 2207 1496 2271 faeie
1516 2208 1694 2274 adfaciem,
1721 2206 1791 2263 dicit

92 2286 301 2343 fundamentum
331 2304 365 2343 ac
395 2288 498 2343 fontem
532 2290 643 2345 illarum
674 2293 925 2363 praedicationum
952 2294 1075 2350 Jacobus
1092 2292 1252 2364 patriarcha
1270 2291 1342 2348 Gen.
1364 2297 1411 2355 31,
1436 2309 1462 2347 s.
1483 2297 1505 2346 2.
1541 2292 1610 2345 Vidi
1635 2294 1789 2347 Dominam

91 2374 128 2430 ita
148 2390 263 2447 qnoque
284 2374 319 2428 de
345 2391 418 2444 pane
440 2375 621 2434 eucharistico
646 2395 701 2432 uon
719 2380 880 2451 simpliciter
899 2391 928 2437 et
953 2383 1090 2434 sedentem
1107 2379 1313 2448 supersedens
1331 2378 1479 2445 excelsum,
1506 2376 1743 2443 111111Ε11.6,1.
1766 2385 1788 2435 1.
1846 2386 1849 2392 ’

91 2459 217 2515 1111111111
253 2466 333 2516 extra
365 2461 494 2517 unionem
529 2468 557 2517 et
592 2480 673 2518 usum
699 2466 926 2522 sacramentalem
953 2470 994 2522 At
1017 2465 1087 2520 nihil
1113 2464 1189 2519 aliud
1207 2464 1350 2528 videnum,
1377 2480 1460 2534 quam
1481 2463 1583 2517 formas
1605 2469 1733 2519 externas
1751 2464 1788 2519 ad

92 2544 281 2615 praedicatur,
310 2547 384 2616 quod
401 2545 438 2599 sit
454 2563 556 2616 corpus
572 2548 688 2617 Christi,
710 2551 760 2603 sed
777 2551 807 2605 in
825 2552 927 2608 unione
952 2562 1062 2623 tempus
1089 2559 1234 2608 assumtae.
1270 2552 1346 2623 Ergo
1372 2551 1477 2605 formae
1503 2549 1569 2604 illae
1595 2557 1725 2605 externas
1748 2549 1787 2604 di·

92 2637 118 2686 et
140 2649 196 2688 usu
212 2632 419 2698 sacramentali,
440 2633 515 2703 quod
534 2635 705 2690 cateridem
723 2646 926 2708 argumentum,
953 2644 1054 2694 cuntur
1075 2638 1168 2706 Deus,
1196 2655 1251 2692 non
1275 2646 1389 2708 propter
1408 2634 1584 2691 essentialem
1600 2635 1788 2705 mutationem,

92 2717 219 2773 unionem
237 2718 465 2773 sacramentalem
488 2735 549 2774 esse
567 2736 692 2788 11111111,
716 2722 926 2779 fundamentum
953 2724 1001 2780 sed
1036 2730 1151 2797 propter
1179 2723 1348 2794 peculiarem
1381 2720 1585 2796 praesentiam,
1598 2727 1627 2775 et
1650 2720 1787 2777 unionem.

92 2819 123 2859 ac
141 2802 249 2860 fontem
267 2804 378 2858 illarum
394 2805 638 2875 praedicationum.
674 2806 703 2863 Si
720 2809 810 2878 dieas,
835 2818 864 2864 et
882 2828 926 2866 ve·
955 2810 1001 2865 Sic
1026 2810 1144 2881 apostoli
1168 2809 1298 2863 dicuntur
1328 2809 1439 2862 11111111
1461 2808 1534 2861 vitoe
1559 2815 1743 2861 contrectasse
1764 2815 1790 2860 st

91 2896 162 2945 teres
180 2896 210 2945 et
227 2889 394 2946 recentiores
413 2890 539 2947 absolute
556 2895 724 2965 quandoque
741 2897 927 2966 pronuntiare,
953 2897 1056 2951 11111111
1075 2897 1139 2953 Joh
1158 2901 1206 2962 20,
1223 2914 1249 2951 s.
1270 2901 1311 2951 28.
1345 2900 1366 2949 1.
1384 2892 1449 2949 Joh.
1474 2899 1502 2957 1,
1521 2910 1544 2946 v.
1567 2901 1588 2948 1.
1623 2892 1712 2964 Atqui
1731 2909 1790 2947 ver·

92 2976 165 3047 quod
183 2975 265 3043 panis
281 2975 318 3029 sit
335 2993 435 3047 corpus
448 2977 566 3046 Christi,
584 2981 790 3049 respondemus,
808 2982 927 3053 explica·
954 2982 1019 3038 bum
1037 2982 1120 3050 vitae,
1137 2981 1151 3034 ὁ
1170 2981 1273 3050 Λόγος,
1290 2980 1319 3035 in
1338 2996 1368 3036 se
1385 2995 1419 3034 ac
1438 2996 1489 3050 per
1502 2995 1532 3034 se
1543 2977 1698 3043 invisibilis,
1715 2977 1789 3033 vide·

91 3062 192 3121 fiouom
220 3062 377 3118 necessario
403 3063 561 3119 addendam
588 3065 632 3120 vel
655 3066 927 3139 subintelligendam,
954 3076 1000 3124 tur
1016 3069 1103 3140 igitur
1123 3075 1151 3123 11
1169 3072 1360 3124 contrectatur
1377 3065 1406 3119 in
1428 3065 1549 3129 humana
1567 3072 1680 3133 natura,
1706 3080 1790 3135 quam

91 3163 123 3203 sx
156 3148 250 3204 verbis
290 3148 470 3204 institutionis
494 3157 534 3204 et
567 3153 744 3222 pronuntiato
775 3155 928 3224 apostolico
954 3154 1136 3224 personaliter
1154 3153 1208 3208 sibi
1227 3151 1324 3207 univit
1340 3150 1343 3154 ’
1361 3157 1384 3207 5.
1404 3150 1477 3216 Quia
1493 3151 1570 3206 Deus
1588 3151 1617 3205 111
1639 3149 1673 3206 V.
1691 3151 1723 3205 Τ.
1743 3167 1789 3221 pe·

18 3241 116 3292 11111.
133 3234 197 3297 Cor.
218 3240 263 3304 111,
287 3237 688 3308 v.16.quodscilicetpanis
707 3256 758 3293 nec
778 3241 927 3308 οὐσιωδῶς,
954 3240 1051 3295 euliari
1088 3238 1170 3293 modo
1200 3236 1375 3309 praesentiae
1405 3235 1550 3292 habitabat
1582 3253 1665 3306 super
1695 3252 1789 3293 arcani

92 3337 142 3376 uso
162 3324 337 3387 1111111111
355 3328 478 3388 tantum,
505 3323 554 3378 sed
570 3328 709 3395 μυστικῶς
723 3326 751 3380 11
768 3344 821 3382 usu
838 3344 927 3383 sacra-
954 3325 1138 3396 propitiatorii
1168 3324 1197 3378 iu
1220 3323 1311 3378 medio
1330 3321 1494 3390 Cherubim,
1518 3321 1583 3376 ideo
1599 3338 1665 3376 arca
1682 3322 1791 3378 elevata

92 3406 204 3462 mentali
234 3407 271 3462 sit
298 3424 397 3478 corpus
425 3407 541 3479 Christi,
576 3408 629 3465 boc
659 3417 716 3480 est,
753 3413 795 3467 uti
822 3413 927 3469 Paulus
954 3417 1028 3468 recte
1047 3411 1148 3465 dicitur
1166 3409 1302 3464 Dominus
1321 3424 1469 3478 exsurgere
1487 3413 1601 3486 propter
1619 3407 1788 3477 peculiarem

93 3499 218 3550 notantes
241 3499 270 3550 et
293 3493 440 3564 perspicue
461 3494 598 3566 loquitur,
626 3497 701 3566 quod
724 3499 820 3568 panis,
845 3517 927 3571 quem
953 3497 1008 3554 Dei
1027 3497 1064 3551 ad
1089 3512 1182 3550 arcam
1208 3493 1372 3565 praesentia.
1409 3493 1553 3548 Monemus
1577 3499 1671 3548 autem
1689 3494 1789 3563 denuo,

91 3579 259 3652 frangimus,
290 3579 326 3634 sit
353 3585 485 3635 11111111
514 3581 635 3651 corporis
659 3581 771 3640 Christi.
808 3591 832 3642 2.
853 3587 927 3652 Quia
953 3583 1101 3640 collatione
1119 3582 1228 3637 illorum
1245 3579 1433 3650 exemplorum
1452 3584 1559 3633 nosmet
1575 3580 1624 3644 uti,
1641 3595 1697 3633 non
1710 3581 1788 3653 quasi

91 3664 217 3721 Christus
238 3665 378 3721 mediante
401 3666 469 3722 flatu
490 3666 570 3721 dedit
589 3668 721 3737 apostolis
740 3669 874 3741 Spiritum
894 3691 926 3738 s.,
953 3687 1003 3741 per
1021 3668 1113 3724 omnia
1129 3668 1203 3723 idem
1223 3666 1321 3721 modus
1340 3664 1512 3736 praesentiae
1532 3672 1560 3718 et
1579 3664 1688 3720 unionis
1705 3667 1742 3720 sit
1759 3665 1788 3722 111

91 3752 152 3807 ideo
181 3758 257 3807 recte
289 3751 402 3807 dicitur:
436 3751 519 3808 flatus
548 3752 652 3808 Christi
683 3760 725 3808 est
755 3755 874 3826 Spiritus
904 3778 926 3816 s.
953 3772 1052 3823 coena,
1076 3754 1167 3826 qualis
1192 3751 1349 3823 praesentia
1366 3758 1395 3806 ct
1415 3751 1481 3806 unio
1499 3768 1590 3806 rerum
1608 3751 1788 3808 invisibilium

93 3837 274 3893 Bellarminus
299 3839 353 3892 hoc
379 3839 534 3910 praefracte
555 3846 655 3911 negat,
680 3841 730 3895 sed
747 3844 926 3913 proponimus
954 3859 1017 3897 cum
1036 3841 1155 3897 externis
1166 3839 1322 3894 visibilibus
1340 3838 1474 3910 symbolis
1492 3845 1534 3893 est
1551 3838 1685 3894 1111111111
1700 3855 1788 3897 exem·

91 3924 115 3978 ei
141 3924 344 3981 consideranda
373 3925 429 3980 duo
459 3933 631 3995 argumenta.
666 3926 748 3980 Prius
775 3927 828 3984 boe
854 3937 924 3985 esto:
953 3928 1023 3999 plis;
1054 3926 1104 3982 sed
1128 3935 1161 3982 ut
1186 3926 1349 3997 probemus,
1383 3926 1523 3997 disparata
1550 3925 1585 3980 de
1612 3941 1642 3980 se
1671 3926 1788 3982 invicem

90 4007 169 4073 Quod
187 4008 327 4080 apostolos
346 4009 447 4081 tetigit,
467 4016 510 4064 est
527 4011 646 4081 Spiritus
665 4031 702 4082 s.,
722 4013 806 4068 flatus
825 4015 927 4071 Christi
953 4020 1067 4084 propter
1084 4012 1214 4068 unionem
1232 4011 1370 4066 affirmate
1386 4010 1552 4082 praedicari,
1571 4010 1595 4064 si
1614 4011 1657 4066 sel
1671 4012 1790 4067 maxime

90 4095 181 4166 tetigit
208 4095 356 4165 apostolos.
399 4095 474 4167 Ergo
499 4095 582 4151 flatus
610 4096 713 4153 Christi
739 4106 782 4154 est
807 4100 926 4171 Spirius
954 4117 1039 4156 unum
1057 4116 1113 4154 non
1131 4105 1254 4155 mutetur
1272 4098 1454 4154 1111111111111·
1469 4097 1497 4150 in
1516 4095 1642 4151 alterum.
1682 4095 1788 4153 ”Gro-

91 4198 110 4235 s.
137 4198 195 4236 non
223 4181 336 4251 quidem
363 4181 557 4250 essentialiter,
585 4182 635 4238 sed
659 4191 772 4254 propter
788 4187 925 4242 unionem.
954 4186 1049 4258 gorius
1067 4187 1103 4240 de
1122 4184 1255 4241 Valentia
1271 4192 1336 4239 tom.
1357 4189 1382 4239 4.
1403 4183 1473 4254 disp.
1492 4190 1516 4240 6.
1535 4199 1581 4253 qu.
1602 4188 1626 4239 3.
1649 4191 1745 4255 punct.
1764 4188 1789 4240 2.

92 4266 232 4322 Posterius
262 4268 319 4321 tale
349 4273 404 4323 est:
439 4268 469 4322 Si
497 4269 578 4339 panis
607 4269 671 4326 ideo
700 4287 763 4326 vere
786 4271 887 4327 (11111111
909 4289 927 4327 a
953 4277 978 4338 5.
1002 4279 1026 4327 4.
1062 4271 1161 4328 Claud.
1188 4272 1304 4325 Sanctes
1331 4268 1366 4323 de
1390 4267 1501 4324 euchar.
1525 4273 1612 4339 repet.
1634 4276 1657 4325 1.
1680 4286 1741 4341 cap.
1763 4276 1788 4326 3.

93 4352 272 4423 scriptoribus
296 4352 492 4408 ecclesiasticis
514 4371 615 4427 corpus
640 4355 759 4425 Christi,
792 4357 858 4428 quia
885 4363 928 4413 est
953 4358 1050 4414 Thom.
1080 4357 1183 4413 Bozius
1215 4355 1263 4410 lib.
1296 4361 1335 4411 12.
1366 4355 1401 4409 de
1429 4361 1485 4411 not
1519 4355 1617 4410 eccles.
1649 4371 1709 4426 cap.
1738 4354 1787 4411 ult

94 4445 222 4494 κοινωνία
231 4439 479 4510 corporisChristi;
494 4443 619 4514 sequitur
627 4443 711 4498 etiam
720 4442 816 4499 flatum
826 4442 927 4498 Christi
955 4444 1085 4501 Nicolaus
1108 4442 1308 4514 Villagagnon.
1332 4440 1381 4495 lib.
1402 4445 1426 4496 3
1452 4448 1548 4495 contra
1572 4440 1677 4495 Calain
1703 4457 1726 4496 c.
1746 4445 1788 4497 12.

94 4541 153 4580 sors
177 4524 234 4581 dici
252 4542 332 4596 posse
353 4525 486 4596 Spiritum
505 4546 527 4585 s.
546 4528 612 4599 quia
630 4538 673 4585 est
689 4536 822 4584 κοινωνία
841 4530 926 4601 Spiri-
955 4535 1094 4599 statuunt,
1123 4546 1228 4582 manna
1250 4545 1306 4581 nen
1329 4544 1459 4596 soporem
1485 4535 1606 4597 tuntum,
1635 4527 1790 4580 sedetiam

54 4652 57 4659 .
94 4616 135 4665 tus
161 4630 184 4669 s.
227 4610 283 4666 Sed
311 4611 400 4678 illud,
435 4629 501 4684 ergo
523 4622 551 4668 et
573 4615 635 4670 hoc.
671 4615 833 4671 Collationis
857 4616 927 4670 ratio
954 4616 1139 4671 substantium
1161 4611 1202 4668 dd
1227 4623 1318 4667 votam
1337 4614 1538 4667 comedentium
1556 4621 1692 4679 mutasse,
1716 4615 1790 4666 adeo

94 4697 238 4752 manifesta
261 4703 317 4765 est,
343 4698 410 4769 quia
426 4707 458 4753 ut
474 4699 558 4754 flatus
577 4700 680 4756 Christi
695 4701 749 4756 fuit
766 4718 821 4756 uon
839 4702 928 4757 solum
954 4711 984 4757 ut
1002 4703 1029 4756 si
1047 4703 1109 4772 quis
1126 4701 1209 4756 vellet
1229 4701 1373 4754 consedere
1391 4717 1485 4768 11111,
1503 4699 1655 4765 pectinem,
1675 4699 1789 4753 saceba-

93 4790 235 4839 cxteruum
265 4782 393 4855 signum,
425 4786 474 4840 sed
500 4786 583 4841 etiam
602 4787 759 4857 symbolum
781 4794 810 4842 11
826 4785 928 4858 ὄχημα,
953 4807 1016 4843 rum
1036 4795 1210 4844 1111111111
1228 4805 1290 4841 mos
1308 4793 1461 4840 uerteretur
1484 4785 1527 4840 vet
1552 4786 1679 4838 11111111
1696 4785 1741 4838 eet
1759 4786 1789 4838 s'n

92 4884 138 4936 per
154 4869 232 4940 quod
250 4869 333 4924 datus
352 4870 407 4925 fuit
420 4870 563 4941 discipulis
578 4870 698 4942 Spiritus
708 4888 748 4942 s.;
766 4874 807 4928 ita
818 4891 928 4946 quoque
954 4874 1092 4942 pollinam
1110 4874 1153 4928 ost
1171 4874 1203 4926 in
1220 4874 1394 4938 saccharum,
1415 4872 1500 4941 idque
1516 4878 1618 4940 putem
1631 4870 1791 4938 significari

92 4956 168 5023 ponis
192 4961 237 5010 est
261 4972 317 5010 non
339 4957 429 5011 solum
452 4963 595 5011 externum
621 4958 745 5030 signum,
774 4961 928 5016 sedetiam
955 4961 1014 5014 illis
1031 4961 1121 5014 uerbis
1140 4958 1206 5030 Sap.
1227 4966 1272 5027 16,
1293 4977 1316 5014 v.
1335 4964 1376 5014 21.
1396 4959 1438 5012 ad
1455 4959 1532 5027 quod
1549 4955 1664 5025 quisque
1682 4955 1790 5011 noetus

92 5040 246 5111 symbolum
267 5040 417 5112 11ὅχημα,
437 5059 488 5112 per
505 5043 579 5112 quod
602 5044 684 5098 datur
701 5061 801 5117 corpus
817 5024 1178 5126 Christilconvertebatur,
1201 5049 1396 5116 μετεκρινᾶιο,
1419 5043 1452 5096 s'd
1476 5049 1516 5095 est
1536 5041 1789 5111 transtemperebc·

93 5125 148 5184 liec
170 5127 270 5200 negari
292 5136 398 5199 potest,
421 5145 523 5200 panem
545 5127 610 5185 ideo
629 5130 685 5185 dici
704 5148 804 5202 corpus
818 5131 928 5202 Christi,
953 5141 1012 5201 tur,
1037 5140 1067 5185 ut
1092 5149 1195 5184 manna
1220 5131 1250 5183 s'e
1277 5146 1309 5182 eo
1332 5129 1423 5194 fuerit
1440 5136 1522 5197 typus
1539 5129 1789 5181 transsubstantia-

92 5214 928 5286 11111111111111111111111101111111,111111111111111111111
953 5219 1038 5273 tionis
1055 5217 1144 5286 penis
1168 5218 1197 5268 in
1220 5232 1323 5284 corpas
1343 5212 1496 5268 0111111111
1516 5213 1694 5266 eucharistia.
1734 5213 1789 5268 Sed

93 5299 176 5356 sorba
188 5299 309 5371 apostoli
320 5301 436 5370 rejicere
452 5308 472 5356 1.
485 5299 547 5355 Cor.
563 5306 603 5368 10,
616 5319 642 5355 v.
656 5307 694 5358 16.
723 5309 747 5358 3.
760 5303 832 5369 Quia
842 5305 927 5375 Spiri-
953 5305 990 5363 ab
1008 5303 1063 5358 illis
1082 5300 1200 5357 discedit
1217 5299 1362 5356 Cornelius
1381 5317 1398 5354 a
1416 5297 1524 5369 Lepide
1545 5315 1643 5355 comm.
1660 5299 1690 5354 in
1711 5304 1788 5371 116

92 5390 135 5441 tus
157 5404 181 5444 s.
210 5387 240 5441 in
268 5387 406 5457 baptismo
433 5386 536 5442 Christi
560 5386 748 5457 incorporali
773 5395 802 5445 et
824 5391 927 5447 visibili
952 5390 1054 5446 Exod:
1084 5387 1229 5443 Sententia
1254 5387 1336 5450 baec,
1365 5384 1468 5456 inquit,
1496 5402 1569 5439 noue
1595 5393 1637 5439 est
1660 5393 1686 5439 et
1711 5392 1789 5442 osrst
1828 5454 1832 5459 .

91 5471 183 5541 specie
200 5486 232 5527 se
251 5471 440 5529 manifestavit
456 5490 490 5529 ac
513 5488 597 5544 super
614 5471 755 5529 Christum
774 5473 925 5547 descendit,
951 5477 1045 5532 solido
1071 5475 1266 5542 fundamento.
1317 5471 1409 5526 Verbo
1435 5472 1509 5526 enim
1538 5471 1704 5542 Scripturas
1732 5488 1788 5528 non
