4004 6022
774 184 827 239 ue
844 182 968 241 saeui
987 184 1167 244 ωηεν·
1186 198 1192 237 r
1267 200 1273 211 ·
1731 205 1795 262 ,Μ

10 346 35 383 Ρ·

10 392 42 429 ΙΙ

10 444 46 480 ers
93 423 298 478 funduneutar
328 427 350 476 l.
375 420 456 486 Quod
485 421 652 478 destituatur
677 425 809 479 mandato
832 424 934 478 divino.
948 423 1063 478 *tlemus
1084 432 1106 480 l.
1125 425 1188 482 Cor.
1209 432 1252 494 11,
1272 445 1298 485 v.
1315 431 1357 483 26.
1394 427 1534 500 Urgemus
1552 430 1667 502 insuper
1685 432 1738 487 hoc
1755 452 1797 488 ur·
1811 443 1837 484 x.
1852 443 1898 485 nt

10 499 54 582 ξ’
96 509 182 566 Nullo
194 507 357 578 Scripturas
369 507 449 578 apice
463 509 609 564 monstrari
621 514 721 578 potest,
733 510 873 564 Christum
883 509 935 563 hoc
948 496 950 587 i
963 516 1138 580 gementum:
1170 511 1199 566 Si
1223 512 1321 566 fractio
1340 514 1421 582 panis
1440 515 1469 567 in
1487 517 1578 585 prima
1595 525 1676 588 parte
1694 536 1797 575 coenae

10 603 38 633 ὓ
94 596 152 649 tine
170 610 273 665 panem
292 592 506 648 eucharisticum
522 593 638 666 fregisse
651 596 695 650 vel
708 613 725 648 a
739 596 819 651 nobis
835 612 934 666 panem
947 619 950 645 ι
963 602 1005 649 est
1028 598 1185 651 necessaria
1207 606 1320 667 propter
1339 598 1540 670 designandam
1558 602 1722 660 bautonem
1739 621 1796 660 cor-

10 645 57 735 [⁴⁹
93 681 174 736 illum
191 680 244 734 boc
265 679 321 734 fine
338 678 626 751 frangipraecepisse,
647 688 678 735 ut
696 682 795 735 fractio
813 668 1037 765 corporistoris
1067 681 1185 749 Christi,
1217 684 1313 754 utique
1345 685 1429 740 etiam
1460 687 1560 743 effusio
1584 689 1640 743 vini
1664 691 1692 743 in
1719 698 1799 760 parte

133 342 194 395 tea
211 335 271 394 aa·
288 334 417 393 essesut
427 337 679 408 nprsucntstirae
690 339 857 409 opponimus
867 339 935 394 haec
948 346 950 425 y
962 356 1016 409 pus
1024 340 1094 410 ejus
1111 339 1221 396 adsum
1238 345 1268 397 et
1282 342 1448 413 surguinssr
1466 345 1530 413 eJus
1542 343 1797 410 bibenda-snm.

93 763 204 820 Christi
211 783 263 836 per
276 781 339 821 eam
353 771 583 836 repraesentetur.
603 767 707 821 Ivellus
717 768 863 837 episcopus
875 767 935 821 Cal·
947 771 949 803 ³
962 784 1065 822 coenae
1085 768 1173 822 altera
1190 770 1346 823 necessaria
1364 771 1430 840 erit,
1463 781 1577 843 propter
1597 775 1797 846 designandam

93 852 225 907 manus
238 857 288 906 art
302 858 425 908 ltcent.
438 851 617 923 Hardingum
630 853 724 933 multis
736 861 846 923 patrum
858 851 1126 960 test-qeffmionem
1158 855 1302 925 sauguinis
1333 854 1443 911 Christi.
1486 858 1542 914 Sed
1573 862 1710 929 posterius
1731 846 1797 917 'dici

94 939 195 994 moniis
215 939 245 991 in
261 938 381 993 medium
399 938 528 992 adductis
545 941 658 993 tandem
677 939 826 1002 concludit,
844 939 1071 1011 sacra-:nequit
1110 956 1174 993 curn
1206 940 1241 995 de
1270 944 1507 1010 repraesentativa
1537 946 1593 998 vini
1623 947 1797 1001 eucharistici

94 1032 222 1079 mentum
240 1025 268 1078 in
286 1031 380 1094 partes
392 1025 511 1078 divisum
524 1042 592 1092 esse,
611 1043 666 1079 non
680 1035 711 1079 ut
722 1043 794 1080 nova
806 1026 936 1093 mysteria
947 1028 949 1103 ζ
961 1023 1095 1079 effusione
1121 1025 1208 1078 altum
1231 1026 1260 1079 in
1283 1026 1376 1080 verbis
1397 1029 1575 1084 institutionis
1593 1032 1630 1085 sit
1648 1031 1797 1088 silentium.

93 1110 245 1178 indicaret,
267 1111 316 1165 sed
343 1116 375 1165 ut
398 1111 519 1181 populus
543 1112 767 1167 communicaret.
804 1119 828 1167 2.
853 1108 1037 1180 Qu0d³hrgo
1057 1127 1108 1164 nec
1128 1111 1265 1179 posterius
1285 1114 1370 1166 aeseri
1388 1114 1479 1169 dehet.
1516 1123 1539 1172 5.
1559 1117 1641 1181 Quod
1659 1127 1797 1189 repugnet

93 1201 235 1268 repugnet
250 1204 367 1251 naturae
386 1197 419 1252 N.
436 1196 469 1249 Τ.
497 1197 618 1268 Figurae
631 1206 659 1252 et
669 1198 730 1268 typi
744 1197 883 1268 pertinent
897 1198 933 1251 ad
962 1194 1009 1248 fini
1035 1196 1225 1250 iustitutionis.
1270 1199 1298 1251 Si
1322 1197 1450 1253 Christus
1477 1200 1529 1255 hoc
1551 1201 1606 1257 line
1634 1204 1797 1260 instituisset

94 1281 128 1336 V.
145 1281 194 1351 Τ.,
220 1282 299 1352 quod
321 1281 375 1336 fuit
392 1289 502 1353 tempus
520 1283 681 1336 umbrarum
700 1283 783 1337 hodie
801 1284 829 1336 iu
848 1284 882 1338 N.
900 1282 932 1338 T.
946 1286 949 1359 l
961 1297 1068 1335 sacram
1087 1298 1215 1346 comam,
1237 1292 1268 1337 ut
1285 1301 1335 1353 per
1356 1284 1521 1340 fractionem
1538 1288 1619 1356 panis
1638 1306 1797 1360 repraesen-

92 1385 150 1422 non
178 1367 300 1438 amplius
328 1367 463 1422 hahemus
484 1385 572 1438 panes
595 1369 791 1438 propositionis
815 1370 932 1440 typicos.
946 1363 1066 1423 iareim
1093 1369 1192 1424 fractio
1220 1371 1343 1440 corporis
1371 1380 1400 1426 et
1423 1390 1472 1442 per
1496 1373 1659 1430 bibitionem
1680 1376 1738 1430 riui
1755 1394 1796 1430 re-

92 1452 227 1506 Officium
247 1452 325 1519 panis
343 1453 518 1507 eucharistici
537 1471 591 1508 uon
610 1463 653 1508 est
669 1455 839 1526 siguificare,
856 1472 933 1525 prae
945 1428 948 1507 i
960 1461 1186 1524 praesentaretur
1205 1455 1303 1510 effusio
1321 1458 1364 1511 sui
1383 1459 1536 1529 sauguinis,
1555 1461 1652 1532 utique
1664 1463 1693 1516 in
1705 1462 1796 1516 locum

91 1538 216 1609 figurare
235 1545 265 1592 et
281 1539 461 1603 adumbrare,
479 1540 528 1592 sed
547 1541 665 1594 docente
683 1541 809 1610 apostolo
831 1548 851 1596 l.
870 1541 932 1596 Cor.
946 1531 947 1537 ἵ
961 1542 1021 1611 typi
1045 1541 1190 1596 clarissimi
1216 1543 1365 1598 obscurum
1389 1551 1417 1599 et
1439 1545 1530 1600 miuus
1552 1549 1731 1618 perspicuum
1753 1555 1796 1620 ty·

95 1630 139 1693 tu,
163 1641 191 1681 v.
211 1630 252 1680 16.
277 1641 337 1679 esse
360 1631 521 1688 κοινωνίαν,
550 1626 671 1680 medium
695 1632 779 1697 atque
797 1643 932 1697 organum
961 1645 1026 1697 pum
1046 1629 1221 1686 instituisset.
1257 1630 1362 1700 Ecquis
1381 1631 1455 1686 enirn
1474 1649 1529 1687 non
1549 1634 1632 1702 videt,
1654 1636 1795 1690 mactatio·

90 1710 242 1764 exhibendi
270 1727 303 1764 ac
333 1709 518 1765 distribuendi
546 1711 669 1782 corporis
700 1712 811 1771 Christi.
857 1713 933 1784 Ergo
959 1731 1037 1778 uem,
1063 1717 1228 1771 serationem
1252 1723 1281 1770 et
1303 1718 1546 1773 manducationem
1571 1721 1638 1791 agni
1656 1721 1795 1791 paschalis

93 1797 178 1851 etism
205 1795 351 1851 fractione
376 1796 439 1850 finis
465 1805 508 1852 est
533 1815 587 1852 nou
613 1805 819 1868 repraesentare
843 1800 993 1855 cruci-'uc
1011 1801 1155 1873 sanguinis
1174 1802 1337 1858 effusionem
1356 1804 1439 1875 longe
1456 1805 1558 1860 clarius
1572 1815 1794 1877 repraesentasse

92 1883 223 1938 tixionem
242 1881 359 1951 Christi,
381 1883 430 1938 sed
450 1883 583 1939 inservire
602 1884 789 1940 distributioni
810 1886 931 1957 corporis
959 1904 999 1950 ea,
1019 1904 1090 1957 quae
1107 1888 1136 1942 in
1153 1905 1268 1959 corpore
1288 1896 1316 1943 et
1334 1890 1470 1961 sanguiue
1490 1891 1592 1946 Christi
1610 1893 1795 1964 contigerunt,

93 1969 211 2034 Christi,
239 1969 314 2039 quod
334 1984 385 2038 pro
402 1969 482 2024 nobis
502 1970 531 2023 in
549 1986 598 2024 ara
615 1971 705 2025 crucis
723 1973 863 2026 traditum.
902 1974 931 2028 si
958 1990 1041 2044 quam
1066 1975 1145 2044 panis
1172 1976 1415 2031 manducationem
1440 1985 1469 2030 et
1493 1979 1549 2031 vini
1575 1978 1737 2033 bibitionem
1764 1979 1795 2035 in
1840 1998 1842 2004 ’

94 2055 194 2111 fractio
210 2055 292 2125 panis
309 2056 337 2108 vi
355 2055 503 2111 verborum
520 2056 702 2113 institutionis
716 2058 855 2130 significat
869 2077 931 2130 pas·
958 2076 1037 2114 sacra
1056 2061 1164 2116 coena?
1199 2061 1340 2117 Posterius
1359 2067 1454 2118 sutem
1474 2063 1529 2118 dici
1548 2064 1652 2135 nequit,
1672 2081 1736 2119 cum
1754 2082 1794 2119 re·

26 2149 29 2153 ’
95 2143 199 2198 sionem
217 2141 321 2197 Christi
340 2142 368 2195 in
387 2158 482 2205 cruce,
500 2144 617 2198 eandem
635 2161 745 2215 quoquc
764 2145 932 2217 significavit
958 2151 1065 2216 pugnet
1090 2146 1244 2218 sapientiae
1266 2155 1294 2201 et
1320 2147 1465 2202 intentioni
1494 2147 1606 2203 Christi.
1641 2149 1717 2220 Ergo
1742 2167 1794 2205 nee

96 2231 123 2283 iu
149 2230 241 2300 prima
266 2245 361 2286 coena.
396 2227 437 2281 At
457 2228 496 2282 ibi
515 2246 570 2284 uon
589 2229 756 2302 significavit
774 2232 930 2303 passionem
958 2231 1035 2300 prius
1055 2233 1146 2288 locum
1165 2233 1260 2289 babet.
1288 2234 1412 2309 &illinis
1429 2233 1586 2298 fractionis,
1615 2235 1663 2305 qui
1681 2236 1795 2291 invertit

97 2315 198 2370 Christi
217 2316 244 2369 in
260 2331 356 2384 cruce,
383 2315 449 2385 quia
471 2332 571 2386 corpus
594 2323 654 2371 tum
672 2317 764 2374 adhuc
781 2325 841 2374 erat
858 2319 930 2375 fran-
958 2317 1049 2386 ipsum
1072 2318 1197 2373 veritatis
1223 2319 1363 2384 ordinem,
1385 2327 1428 2374 est
1451 2320 1566 2374 alienus.
1603 2322 1643 2374 At
1667 2321 1731 2375 talis
1752 2329 1794 2377 est

98 2402 228 2473 gendum
248 2417 303 2455 nou
322 2406 416 2455 autem
437 2400 566 2458 hactum.
601 2403 677 2474 Ergo
697 2407 930 2478 necuuncsigni·
958 2403 1020 2457 finis
1039 2403 1181 2459 fractionis
1201 2405 1281 2475 panis
1300 2405 1470 2475 analogicus.
1506 2405 1591 2475 Ergo.
1620 2406 1711 2460 Minor
1728 2424 1792 2476 pro·

98 2488 169 2544 licat
206 2487 406 2558 Respondeant
417 2505 484 2542 vcro
501 2488 582 2544 nobis
593 2490 751 2558 ademarii,
771 2510 827 2563 qua
840 2493 932 2548 fronte
958 2490 1055 2558 batur,
1081 2490 1147 2561 quia
1165 2496 1295 2560 typorum
1315 2489 1455 2544 Christum
1474 2489 1723 2561 praefigurantium
1743 2506 1793 2545 seu

98 2574 280 2642 contendant,
311 2575 447 2644 imagines
478 2592 570 2630 rerum
600 2592 741 2630 sacrarum
766 2579 795 2632 in
821 2579 932 2649 templis
958 2574 1111 2646 figurarum
1147 2575 1372 2630 ceremonialium
1405 2575 1538 2629 terminus
1572 2576 1607 2629 ad
1637 2593 1720 2646 quem
1749 2582 1793 2631 est

99 2661 316 2715 Christianorum
337 2677 392 2715 nou
412 2677 472 2714 esse
490 2661 647 2727 habendas,
668 2663 735 2733 quia
753 2665 849 2719 morali
869 2665 931 2736 lege
959 2660 1099 2732 Christus,
1127 2663 1156 2716 in
1174 2679 1228 2732 quo
1247 2662 1410 2732 implentur,
1428 2662 1572 2716 fractionis
1591 2669 1684 2716 auteur
1702 2662 1792 2732 panis,

98 2754 211 2802 cautum
230 2746 280 2815 sit,
304 2763 340 2801 ue
362 2746 530 2816 habeantur,
555 2753 639 2818 atque
662 2748 772 2804 interim
796 2749 824 2803 in
842 2767 931 2806 sacra
957 2754 1040 2818 prout
1064 2764 1082 2801 a
1107 2747 1277 2802 calvinianis
1303 2748 1484 2817 dascnhitur,
1510 2748 1644 2802 terminus
1672 2765 1727 2802 nou
1750 2754 1793 2802 est

98 2842 190 2889 mento
215 2849 320 2888 coenae
348 2839 475 2888 externas
502 2834 637 2903 passionis
661 2840 689 2889 et
712 2836 807 2890 mortis
830 2836 931 2892 Christi
957 2833 1017 2904 ipse
1035 2833 1170 2900 Christus,
1191 2833 1240 2888 sed
1254 2833 1343 2903 panis,
1363 2834 1438 2904 quod
1455 2833 1557 2888 exinde
1569 2833 1710 2903 probatur,
1726 2833 1792 2903 quia

99 2921 232 2992 imagines
255 2919 434 2975 constituant
471 2925 495 2974 3.
516 2918 596 2983 Quod
622 2929 760 2991 repugnet
782 2922 834 2992 ipsi
853 2929 930 2994 typo,
958 2921 1071 2991 quando
1086 2925 1229 2984 asserunt,
1247 2924 1375 2990 respectu
1393 2919 1565 2975 ceremoniae
1584 2921 1668 2988 hujus
1686 2918 1792 2973 scilicet

99 3013 212 3077 propter
228 3022 312 3077 quem
329 3005 456 3061 adhiberi
471 3006 595 3075 jubetur.
629 3007 701 3063 Nam
714 3025 814 3078 corpus
828 3008 931 3064 Christi
957 3006 1100 3061 fmcuonis
1118 3007 1210 3062 dicere
1230 3006 1366 3075 Paulum,
1395 3006 1499 3061 Christi
1523 3023 1624 3076 corpus
1649 3022 1710 3060 esse
1737 3005 1791 3059 fra·

98 3110 152 3148 nou
167 3099 210 3148 est
228 3091 348 3147 fractum
370 3091 399 3146 in
415 3108 497 3147 cruce
514 3092 579 3149 doh.
595 3101 633 3159 19,
652 3112 676 3149 v.
695 3100 735 3150 36.
755 3096 804 3150 sed
823 3113 931 3167 reprae-
957 3101 1045 3161 ctum,
1069 3095 1176 3149 etiamsi
1202 3093 1313 3165 proprie
1337 3111 1393 3149 uon
1411 3095 1447 3149 sit
1464 3093 1598 3160 fractum,
1625 3092 1696 3147 uihil
1715 3091 1791 3148 aliud

97 3177 234 3234 montisc
257 3178 307 3232 illa
329 3177 409 3248 panis
427 3177 528 3233 fractio
546 3180 748 3250 praesupponit
768 3181 930 3237 fractionem
958 3180 1067 3249 dicunt,
1096 3179 1149 3234 nisi
1176 3179 1251 3250 quod
1274 3180 1312 3235 ob
1331 3179 1489 3251 analogiam
1509 3178 1737 3234 sacramentalem
1756 3179 1792 3234 de

98 3266 126 3320 in
146 3265 249 3319 Christi
267 3280 397 3335 corpore,
424 3265 499 3319 unde
522 3265 563 3318 sic
582 3273 820 3336 argumentamur:
849 3269 930 3334 Quod
957 3283 1072 3337 corpore
1106 3265 1209 3321 Christi
1244 3265 1344 3320 fractio
1382 3265 1560 3336 praedicatur
1595 3263 1791 3334 metaphorice,

98 3352 133 3407 dc
151 3368 224 3423 pane
242 3349 411 3419 affirmatur,
431 3351 467 3406 de
485 3366 600 3421 corpore
617 3359 710 3406 autem
727 3352 829 3407 Christi
846 3371 930 3426 nega·
957 3353 1023 3424 quia
1039 3351 1119 3422 panis
1136 3350 1259 3421 corporis
1277 3351 1389 3421 signum
1405 3352 1567 3421 frangatur,
1594 3357 1623 3405 et
1639 3349 1679 3405 sic
1699 3348 1791 3404 termi-

97 3445 155 3508 tur,
181 3438 212 3492 in
235 3453 269 3493 eo
293 3453 350 3492 nou
377 3443 469 3507 potest
493 3437 701 3492 sacramentalis
721 3439 849 3510 analogia
865 3457 929 3495 con·
956 3444 1005 3492 nat
1031 3437 1194 3491 fractionem
1218 3437 1247 3491 in
1270 3443 1354 3507 typo,
1378 3437 1407 3491 iu
1429 3454 1516 3507 pane,
1544 3435 1644 3491 evertit
1661 3439 1790 3489 naturam

96 3525 200 3580 sistere.
236 3523 324 3595 Atqui
346 3523 447 3578 fractio
473 3523 507 3578 de
530 3541 603 3594 pane
625 3523 791 3590 affirmatur,
816 3527 851 3581 de
870 3544 930 3581 cor·
955 3525 1017 3596 typi
1036 3531 1065 3578 et
1077 3525 1114 3579 ab
1127 3523 1263 3594 antitypo,
1283 3523 1401 3590 Christo,
1419 3524 1455 3577 ad
1468 3528 1569 3593 typum
1579 3538 1680 3593 panem
1693 3527 1791 3577 contra

96 3627 163 3680 pore
189 3617 283 3666 autem
309 3609 413 3666 Christi
437 3617 564 3682 negatur.
600 3610 675 3682 Ergo
698 3612 727 3666 in
746 3628 779 3666 ea
797 3629 852 3667 uon
869 3620 929 3683 pot·
955 3618 1085 3681 typorum
1111 3615 1239 3664 naturam
1262 3609 1428 3681 regreditur.
1464 3609 1545 3675 Quod
1568 3608 1724 3662 Celsiniani
1741 3624 1791 3678 per

96 3703 138 3751 est
155 3697 287 3769 andogia
303 3697 512 3754 sacramentalis
533 3697 689 3753 consistere
725 3698 866 3770 Analogia
889 3708 930 3754 est
956 3695 1091 3768 imagines
1119 3696 1146 3749 in
1174 3695 1283 3765 templis
1313 3694 1514 3766 repraesentari
1539 3696 1653 3757 nolunt,
1680 3694 1733 3764 ipsi
1760 3695 1790 3748 iu

96 3783 264 3855 comparatio
294 3782 455 3838 habentium
482 3782 569 3851 λόγον
594 3800 650 3838 ιιοιι
677 3784 838 3854 simphciter
863 3803 928 3841 eun·
957 3801 1036 3839 sacra
1060 3800 1147 3838 coena
1169 3799 1219 3853 per
1244 3790 1371 3838 externas
1394 3782 1531 3851 actiones,
1555 3799 1607 3851 per
1628 3782 1790 3839 hathonem

97 3871 173 3938 deu,
202 3869 252 3925 sed
276 3868 401 3925 similem.
437 3868 494 3925 Ubi
519 3886 584 3922 vero
604 3869 632 3922 iu
652 3870 705 3924 hac
725 3873 929 3942 comparatione
955 3870 1062 3925 scilicet
1079 3869 1160 3940 panis
1180 3875 1208 3924 et
1227 3868 1394 3924 infusionem
1407 3869 1465 3923 vini
1482 3869 1662 3939 inpoculum,
1682 3883 1791 3938 reprae-

95 3963 136 4011 cst
158 3955 242 4024 liyor
266 3955 377 4019 similis,
407 3955 518 4025 quaudo
545 3955 574 4009 iu
604 3955 737 4028 προτάσει
766 3956 928 4023 affirmatur,
955 3962 1073 4024 sentent,
1092 3955 1217 4026 adeoque
1234 3955 1287 4026 ipsi
1306 3956 1467 4010 mandatum
1483 3955 1719 4024 praevaricantur,
1735 3971 1791 4024 quo

95 4043 169 4114 quod
185 4043 215 4096 in
235 4040 368 4096 ἀποδόσει
388 4040 525 4112 negatur?
551 4041 616 4095 Huc
633 4043 755 4111 pertinet
766 4050 851 4114 typus
862 4046 927 4117 agni
955 4043 1037 4096 toties
1068 4042 1203 4113 imagines
1234 4057 1267 4095 ex
1299 4042 1399 4097 nostris
1428 4041 1538 4111 templis
1566 4040 1667 4110 ejicere
1698 4040 1791 4094 conati

96 4128 245 4198 paschalis,
275 4129 324 4200 qui
343 4128 406 4182 ideo
424 4127 516 4198 hangi
534 4127 705 4198 prohibitus,
731 4134 764 4183 ut
783 4138 868 4202 typus
886 4149 927 4187 re·
956 4130 1062 4184 sonet*
1098 4135 1123 4184 6.
1142 4128 1223 4194 Quod
1243 4127 1511 4198 sapiatpapismum.
1541 4124 1681 4181 Pontificii
1693 4125 1790 4180 itidem

95 4216 244 4287 sponderet
272 4214 416 4284 antitypo,
446 4215 521 4270 unde
551 4214 590 4268 sic
621 4215 781 4269 inferimus:
815 4217 927 4272 Contra-
956 4233 1011 4270 non
1036 4222 1152 4285 propter
1176 4213 1413 4282 distributionem,
1439 4214 1489 4268 sed
1512 4218 1627 4283 propter
1644 4212 1791 4282 mysticam

95 4302 213 4357 dicteria
237 4302 272 4355 de
293 4319 349 4355 uno
372 4302 526 4372 eodemque
545 4301 627 4355 simul
644 4300 776 4356 affirmari
793 4322 848 4358 uon
865 4324 927 4375 pos-
955 4301 1185 4373 significationem
1205 4316 1306 4370 panem
1322 4300 1465 4371 frangunt.
1492 4299 1606 4370 Sergius
1619 4316 1643 4353 c.
1655 4299 1792 4354 'lhiforme

95 4398 164 4444 sunt.
200 4389 302 4460 Agnus
324 4387 461 4459 paschalis
485 4387 539 4441 fuit
562 4395 662 4457 typus,
688 4405 745 4441 nou
769 4405 830 4445 esse
854 4389 990 4455 fran-rde
1009 4404 1131 4443 consecr.
1148 4386 1211 4441 dist.
1231 4393 1262 4442 2:
1288 4388 1444 4454 ''Il-s‘jbrmc
1468 4395 1509 4440 est
1532 4405 1637 4455 eorpus
1664 4385 1791 4441 Domini,
1877 4424 1883 4439 .

94 4475 216 4547 gendm
235 4473 339 4528 Christi
362 4489 477 4543 corpus,
503 4473 568 4529 Joh.
590 4479 635 4541 19,
660 4492 685 4527 v.
708 4480 748 4529 36.
778 4474 865 4528 Exod.
887 4481 926 4542 12,
955 4476 1031 4527 Pars
1052 4474 1148 4527 oblata
1165 4474 1195 4525 in
1214 4473 1330 4526 calicem
1351 4474 1438 4526 missa
1456 4489 1560 4541 corpas
1581 4471 1694 4540 Christi,
1713 4472 1791 4539 qaod
1875 4524 1887 4541 ,Δ

94 4579 119 4617 r.
143 4567 186 4617 te.
223 4559 299 4632 Ergo
326 4559 425 4614 huetio
447 4561 528 4631 panis
554 4577 610 4615 nou
637 4566 730 4632 potest
754 4577 815 4615 esse
842 4567 927 4633 typus
952 4561 1013 4627 jam
1035 4560 1207 4623 recurrerit,
1232 4567 1384 4627 monstrat,-
1405 4576 1480 4627 pars
1499 4567 1621 4612 comesta
1642 4556 1790 4611 ambulans

94 4654 306 4718 repraesentans
324 4646 488 4703 fractionem
508 4648 644 4717 corporis,
673 4647 741 4701 alias
761 4647 795 4702 de
814 4663 928 4717 corpore
954 4647 1048 4700 adhuc
1066 4662 1153 4714 ncper
1170 4653 1294 4710 terram
1323 4663 1397 4714 porc
1415 4645 1444 4698 in
1462 4646 1553 4698 αὶιανι·
1570 4661 1655 4713 usqae
1671 4645 1713 4696 ad
1723 4642 1787 4696 mis·

93 4734 195 4789 Christi
214 4732 442 4803 praedicarentur
454 4734 676 4798 coneedictoria,
694 4734 824 4789 vidclicet
834 4733 927 4806 frangi
954 4749 1003 4785 sae
1028 4734 1109 4797 finem
1132 4749 1282 4787 remanens
1306 4749 1409 4801 cmpos
1432 4733 1462 4784 in
1479 4731 1623 4800 sepulcro,
1650 4730 1727 4797 quod
1744 4745 1803 4783 uss

93 4827 120 4875 et
136 4837 192 4875 nou
211 4818 312 4889 frangi
348 4826 373 4875 l.
393 4820 475 4883 Quod
494 4826 631 4888 repugnet
649 4819 815 4875 institutioni
831 4836 927 4874 sacrae
954 4834 1006 4888 quse
1026 4820 1067 4871 od
1082 4820 1167 4880 finem
1184 4818 1273 4871 secali
1292 4834 1413 4885 empore
1431 4825 1593 4871 caracterem
1610 4816 1640 4868 in
1651 4813 1789 4882 sepulcris
1847 4813 1849 4816 ’

93 4922 202 4962 cocum.
234 4904 433 4976 Praeterquam
446 4904 518 4959 enim
530 4905 606 4974 quod
617 4904 706 4960 forma
718 4924 814 4962 sacrae
824 4923 927 4962 coenae
954 4912 1043 4960 erant
1080 4903 1137 4960 Ubi
1157 4905 1251 4974 glossa
1269 4904 1362 4959 addit:
1386 4904 1449 4957 Hoc
1472 4904 1557 4957 hodic
1579 4921 1637 4956 non
1653 4908 1789 4967 servatur,

93 5008 269 5064 nequaquam
287 4991 316 5045 in
333 4989 652 5062 significativaquadam
665 4980 1006 5062 repraesentationeiscd
1032 4992 1106 5045 deos
1126 4998 1227 5059 portes
1252 4991 1345 5044 ciccae
1369 4992 1565 5056 comedentur,
1588 4989 1684 5057 pmcne
1712 4989 1789 5041 sicca

93 5080 141 5134 sed
171 5079 200 5132 iu
231 5076 372 5132 benedicti
404 5076 485 5148 panis
517 5091 551 5130 ae
575 5076 717 5133 sedisne
746 5095 779 5133 eo
804 5076 1006 5150 corporis‘pro
1032 5077 1180 5130 annuebat
1208 5075 1367 5130 sanctorum
1394 5077 1435 5128 od
1457 5076 1571 5129 laudem
1594 5074 1667 5134 Dei,
1698 5074 1790 5127 altero

93 5165 194 5220 Christi
222 5163 437 5218 manducatione
462 5168 492 5216 et
519 5162 548 5215 in
572 5159 713 5217 benedieti
737 5163 796 5218 riui
819 5182 852 5220 ac
871 5166 1030 5222 masicen
1045 5181 1101 5232 pro
1121 5163 1194 5229 illis,
1221 5164 1272 5230 qui
1288 5170 1353 5216 cant
1369 5163 1399 5215 in
1411 5161 1599 5230 purgatorio,
1626 5161 1712 5214 tertis
1728 5177 1790 5214 cam

93 5251 187 5306 diaute
212 5268 244 5304 eo
270 5249 415 5322 sanguinis
438 5247 544 5303 Christi
564 5247 699 5302 bibitione
723 5249 864 5319 consistit3
894 5268 926 5306 sc
939 5254 940 5259 ’
953 5251 1089 5319 sanquine
1111 5267 1168 5318 pro
1195 5248 1272 5317 iuis,
1296 5249 1348 5318 qui
1371 5255 1435 5301 erint
1463 5249 1493 5301 in
1515 5254 1635 5315 peceato
1661 5248 1788 5302 cissam

93 5338 165 5407 quod
192 5355 281 5391 coena
308 5337 436 5390 instituta
456 5336 505 5403 sit,
535 5352 591 5388 non
619 5339 651 5385 nt
676 5341 789 5387 mortem
816 5336 926 5392 Domini
953 5336 1105 5391 Durundus
1133 5333 1181 5390 lib.
1207 5340 1233 5390 l.
1266 5334 1364 5388 ration.
1391 5333 1447 5388 div.
1475 5331 1631 5387 officiorum
1657 5350 1718 5402 cap.
1748 5339 1789 5389 51.

92 5425 248 5494 frangendo
266 5440 365 5495 panem
384 5428 632 5492 repraesentemus,
650 5420 699 5472 sed
718 5425 749 5472 ut
766 5419 927 5490 illam„.cor-
939 5422 1029 5492 ¹hrum.
1049 5429 1097 5477 20:
1129 5421 1224 5482 Quare
1238 5422 1312 5490 fimet
1330 5427 1387 5474 trec
1402 5422 1523 5488 partes!
1541 5422 1582 5473 ad
1600 5422 1679 5490 quod
1696 5421 1789 5474 dicer

1592 5526 1638 5603 .
1669 5626 1671 5631 .
