4004 6022
268 256 307 315 ρο
576 226 579 233 “
852 239 1359 304 monsuonmsnsnnnrna

170 417 196 461 x,
208 416 254 459 tto
267 396 585 469 coeladensicssponits
596 399 709 454 Honest
719 399 1053 469 commmunicant
1063 407 1105 454 est
1132 400 1369 468 comminarem,
1379 397 1446 466 jam
1461 412 1528 450 uero
1545 395 1680 450 conneoio
1696 395 1831 450 seusam
1845 400 1980 450 σαι-οπο·

133 471 238 573 ἧξᾞ*
260 488 313 558 jus
325 495 352 541 et
362 503 430 540 unos
444 485 475 539 in
486 502 606 555 corpore
617 503 696 555 meo,·
714 486 783 541 haee
793 495 834 541 est
845 487 1010 557 communio,
1020 488 1068 555 ius
1080 494 1106 540 et
1131 501 1194 538 rum
1202 485 1233 538 in
1237 484 1434 554 propositione
1440 491 1480 536 est
1488 499 1543 548 res,
1552 498 1676 548 nonroc,
1686 498 1753 550 erpo
1763 481 1796 535 irs
1803 482 1979 536 comedens

136 582 190 615 Μ
204 582 254 614 ⁰⁰¹·
265 573 387 628 societm
404 573 460 626 mei
478 572 617 641 corpori.
649 578 672 627 7.
686 570 806 639 Quidam
816 572 941 643 speciose
951 572 1104 644 disputant,
1131 586 1187 623 non
1194 578 1287 639 potest
1297 570 1424 624 residere
1436 578 1543 638 tropon.
1566 567 1646 624 Haec
1659 567 1709 624 ille
1720 567 1890 626 mihine
1914 567 1977 634 Qui·

135 634 253 743 mu„
263 676 370 729 panem
381 660 1014 728 nnmmmmsipaamstontocom,oemm
1020 659 1105 713 etiam
1132 654 1197 708 dam
1215 673 1279 710 cum
1297 657 1327 710 in
1346 655 1469 711 dictione
1481 654 1577 726 aliqua
1589 654 1709 726 simplici
1720 672 1778 710 non
1788 660 1912 726 ponent
1923 661 1976 711 tnu-

136 750 226 793 porum
267 747 478 800 instrumentum
503 747 624 815 offerens
642 752 668 799 et
686 746 829 813 exhibens,
852 753 980 814 respectu
998 744 1106 798 scilicet
1131 759 1198 811 pum
1219 743 1375 812 ostendere,
1392 743 1586 814 excogitarunt
1606 742 1746 813 duplicem
1766 741 1976 814 mewnymin,

137 805 228 897 iil'ii-
261 833 410 903 fidetium
428 846 604 903 nequaquam
621 829 696 885 enim
708 837 866 902 agnoscunt
879 829 1104 886 sacramentalem
1131 829 1267 894 alteram,
1293 846 1367 898 puae
1392 831 1421 883 in
1443 830 1565 898 sinpsslis
1587 829 1700 883 uocibus
1725 837 1879 894 oceanum
1907 828 1974 882 alte-

135 903 249 990 m?
268 917 390 988 corporis
410 917 513 972 Christi
540 916 681 972 mediante
700 916 847 972 benedicto
866 934 939 987 pane
956 916 1104 971 mmduca·
1131 932 1202 980 ram,
1220 933 1292 984 quac
1310 916 1471 983 s'rtintepris
1478 915 1747 985 praedicationibus
1757 915 1974 984 immutatae,

137 1006 202 1042 rente
281 1004 288 1016 ·
455 1005 460 1018 ·
849 1003 854 1014 ·
1308 1003 1313 1016 ¹
1330 1004 1350 1054 ’ρ
1419 1004 1424 1015 ·
1511 1021 1537 1054 m
1632 1003 1638 1015 ·

267 1002 1103 1067 M
1395 1002 1972 1160 mentem

137 1164 231 1248 {m}
267 1194 322 1249 que
345 1177 442 1232 itidem
464 1176 651 1231 substantiam
671 1192 735 1230 cum
753 1175 848 1230 fructu
866 1191 970 1231 coenae
988 1175 1102 1230 confun-
1130 1182 1157 1226 et
1171 1176 1417 1242 praedicationem
1434 1175 1659 1242 mstonprnicam‚
1684 1174 1768 1229 illam
1793 1174 1896 1228 mcum
1914 1191 1972 1229 esse

136 1273 253 1327 uertex·
266 1262 344 1318 dunt.
387 1267 410 1318 8.
435 1262 555 1327 Quidam
579 1279 630 1333 per
654 1261 822 1318 vocabulum
845 1262 974 1332 corporis
1004 1277 1103 1332 synee·
1130 1260 1279 1329 Micam,
1304 1261 1377 1314 hanc
1400 1278 1465 1314 uero
1483 1261 1589 1330 intepri
1603 1261 1747 1316 ammom.
1784 1258 1844 1315 Sed
1863 1261 1971 1332 praedi·

136 1329 229 1418 ppnppso
265 1348 380 1403 dochics
402 1348 522 1420 intelligi
549 1353 651 1419 putant
676 1366 780 1418 corpus
806 1348 890 1402 simul
915 1357 941 1403 et
969 1349 1103 1415 animam,
1129 1344 1201 1399 cotio
1223 1345 1273 1400 illa
1300 1346 1488 1416 metonymica
1509 1346 1539 1400 in
1563 1350 1632 1400 tots*
1647 1344 1829 1401 attributione
1854 1351 1901 1401 est
1916 1363 1971 1401 me

136 1429 235 1471 cim·
265 1437 391 1504 adaeques
416 1443 505 1488 totam
526 1452 679 1504 personam
704 1432 823 1499 Christi,
849 1452 913 1489 cnm
940 1442 1034 1489 tamen
1061 1433 1101 1487 di·
1129 1450 1190 1486 rum
1215 1431 1394 1504 figmentum,
1424 1451 1489 1489 cum
1510 1449 1567 1487 non
1586 1431 1694 1503 possint
1716 1431 1820 1488 idonea
1843 1433 1971 1505 ejusdem

264 1519 365 1576 stincte
388 1518 630 1575 manducationem
651 1520 695 1574 sni
711 1520 834 1590 corporis
858 1520 997 1575 medianto
1020 1518 1102 1575 bene·
1129 1519 1257 1589 exempla
1285 1520 1440 1575 monstrari.
1485 1517 1637 1575 Goclsnius
1666 1535 1724 1573 uns
1750 1535 1817 1574 cnm
1845 1518 1970 1576 Keoher—

265 1605 341 1660 dicto
357 1622 430 1676 pene
442 1613 471 1662 et
480 1605 643 1662 bibitionem
655 1605 699 1660 sni
711 1605 854 1677 sanguinis
868 1605 1008 1661 mediante
1017 1606 1102 1661 bene·
1130 1622 1230 1660 manne
1262 1607 1373 1676 statuit,
1399 1607 1610 1676 propositiones
1631 1607 1772 1675 wdone
1792 1607 1970 1677 improprias

265 1692 340 1747 dicto
358 1691 423 1747 vino
440 1690 567 1747 Christus
586 1691 743 1747 instituerit.
1128 1700 1319 1761 sarapropter
1337 1693 1547 1762 compositionis
1567 1692 1920 1762 rutiorsernimpropriasn,
1935 1694 1970 1748 ii·

136 1790 170 1832 so
191 1790 253 1831 stu·
301 1783 343 1834 85.
376 1778 425 1831 Ad
445 1778 566 1849 logicam
582 1778 698 1832 classem
720 1777 870 1848 pertinent,
886 1778 936 1848 qui
949 1777 1100 1848 disputant,
1128 1784 1169 1829 oet
1186 1779 1302 1832 termini
1315 1780 1457 1848 simplices
1470 1778 1591 1848 proprie
1608 1777 1793 1847 accipiuntur,
1811 1777 1876 1834 ideo
1887 1785 1971 1834 voest

135 1846 245 1935 {ffi‘lffs
266 1864 377 1935 singula
400 1863 487 1919 verba
509 1864 620 1934 proprie
645 1863 758 1935 quidem
784 1862 889 1934 accipi,
913 1863 963 1919 sed
986 1863 1017 1918 in
1040 1863 1102 1934 ipsa
1128 1862 1217 1930 lopiac
1241 1865 1430 1934 inpropriae,
1459 1880 1542 1937 quem
1565 1863 1654 1918 solide
1683 1861 1817 1918 refellunt
1840 1863 1969 1923 Baltbn.

135 1947 212 2048 ffiffi
266 1949 447 2006 attributione
475 1949 713 2092 impDrpprietatem
735 1950 870 2021 tropicam
893 1950 986 2006 latere
1016 1949 1101 2090 ὂΞιιι-
1128 1948 1283 2090 Mepnprulp
1303 1957 1375 2092 {tii
1400 1957 1421 2007 l.
1448 1950 1509 2090 oph.
1535 1949 1635 2020 philos.
1654 1956 1726 2091 1spot
1733 1956 1787 2091 hp„
1801 1967 1828 2090 cl.
1848 1956 1873 2008 5.
1898 1969 1926 2024 q.
1944 1957 1969 2009 t.

136 2037 309 2089 amu·
590 2035 1617 2093 “z'noineto.es.an'..
1900 2039 1906 2051 '

135 2051 240 2194 {iffi
264 2036 547 2194 iciiismoiiaetiiisamloc
560 2044 729 2195 :lsiiucgpios
739 2039 965 2193 mpsim
975 2052 1100 2194 pirropria
1126 2126 1236 2177 tantum
1254 2140 1409 2191 monemus,
1427 2042 1629 2195 piiopgeidirnis
1647 2053 1725 2192 1112,
1738 2037 1969 2193 Ραπίιωῖιιᾚ

135 2203 254 2295 Ἢω
264 2210 471 2280 sipnificatione
493 2212 686 2282 accipiantur,
709 2213 751 2266 ita
772 2219 804 2265 ut
821 2212 946 2281 depone
962 2227 1058 2265 uerum
1075 2216 1101 2262 et
1125 2225 1180 2276 pus
1208 2206 1327 2275 Christi,
1352 2211 1447 2264 einum
1469 2219 1510 2264 est
1535 2211 1654 2280 sonpuis
1675 2208 1796 2278 Christi,
1824 2226 1883 2266 nen
1907 2228 1968 2267 esse

145 2307 236 2355 astum
265 2298 413 2352 essentiale
442 2298 551 2354 Christi
572 2316 674 2368 corpus
692 2298 891 2368 praelientur,
921 2304 954 2351 nt
977 2313 1010 2350 re
1032 2314 1101 2350 uera
1127 2293 1215 2364 ipsius
1247 2295 1350 2350 Christi
1378 2295 1437 2350 sive
1465 2295 1642 2366 Scripturas,
1677 2296 1728 2351 sed
1757 2313 1776 2350 a
1806 2298 1969 2354 doctoribus

134 2359 244 2399 mm
260 2386 466 2455 praedicatum
492 2385 523 2439 in
552 2385 619 2454 ipsa
635 2393 740 2439 *tamen
765 2392 825 2438 tota
845 2385 973 2439 oratione
996 2383 1102 2453 aliquis
1128 2380 1322 2436 ecclesiasticis
1357 2387 1521 2453 usurpatas,
1550 2381 1614 2436 ideo
1639 2382 1675 2438 de
1701 2381 1757 2436 illis
1780 2383 1969 2454 judicandum

263 2479 362 2542 oopus
384 2472 454 2526 insit
469 2489 580 2526 necatae
599 2479 647 2527 est.
682 2470 801 2526 Crellius
820 2471 850 2526 in
868 2469 966 2543 logicis
987 2486 1015 2541 p.
1038 2474 1100 2526 132:
1128 2484 1189 2523 esse
1206 2485 1239 2523 ex
1257 2468 1319 2539 ipsa
1337 2476 1438 2524 natura
1454 2468 1539 2539 hujus
1558 2469 1730 2538 sacramenti,
1749 2468 1825 2525 unde
1836 2471 1970 2525 donnum

262 2558 376 2612 Multae
393 2565 458 2612 ment
475 2559 615 2628 tipuratae
635 2559 855 2626 enuntiationes,
876 2557 907 2611 in
925 2556 1025 2627 picibus
1043 2564 1098 2610 tro·
1127 2554 1349 2614 sacramentales.
1396 2554 1491 2611 Verba
1516 2554 1634 2624 Christi,
1663 2556 1796 2625 accipite,
1821 2558 1969 2626 comedite,

258 2661 316 2713 pus
334 2659 423 2712 nepus
442 2644 472 2696 in
485 2644 668 2711 momiano,
685 2659 773 2712 neque
791 2644 822 2696 in
836 2643 940 2712 copula
954 2643 1028 2712 poni
1037 2648 1100 2710 pot·
1127 2641 1178 2695 hoc
1194 2648 1235 2695 est
1253 2658 1357 2711 eorpus
1374 2659 1481 2708 meum,·
1501 2642 1598 2711 bibite,
1615 2643 1668 2695 lloo
1684 2649 1725 2696 est
1742 2643 1861 2709 sanpuis
1880 2661 1969 2713 meus,

261 2737 316 2797 est,
341 2731 395 2781 sed
416 2729 447 2781 in
466 2736 527 2781 tela
545 2729 737 2793 attributione,
763 2729 797 2782 isi
814 2736 855 2782 est
872 2737 1000 2797 respectu
1012 2744 1099 2797 prae-
1127 2745 1182 2782 non
1200 2733 1265 2782 sunt
1281 2728 1401 2784 obnoxia
1418 2728 1473 2783 illis
1491 2727 1724 2796 cavillationibus,
1741 2745 1808 2783 eum
1826 2728 1968 2785 dumosis

262 2813 358 2868 dicati
372 2815 415 2866 acl
435 2813 596 2881 mljeotnm
632 2813 764 2868 Bucanus
782 2813 835 2868 loc.
856 2817 899 2875 48.
918 2830 945 2883 p.
965 2819 1029 2869 6⁰3:
1049 2815 1098 2867 Fi·
1126 2814 1177 2868 loo
1200 2830 1256 2867 non
1281 2812 1370 2868 solum
1396 2832 1511 2884 penem,
1537 2815 1587 2869 sed
1612 2819 1702 2869 totum
1722 2815 1900 2885 complexum
1918 2815 1968 2871 de-

261 2908 363 2968 purata
380 2907 422 2952 est
433 2898 615 2967 praedicatio
627 2897 738 2968 (inquit)
756 2914 843 2968 capue
861 2916 918 2952 non
930 2898 1100 2967 sirnplieitor
1126 2906 1211 2965 notet,
1229 2916 1348 2970 cumque
1367 2916 1419 2955 nec
1438 2901 1467 2954 in
1485 2900 1581 2971 aliqua
1598 2900 1794 2971 propositionis
1805 2909 1895 2972 parte,
1914 2918 1967 2957 nee

260 2985 455 3054 metaphorica
482 2992 532 3038 aut
556 2984 728 3052 aileporicu,
758 2985 810 3038 sed
832 2985 1021 3052 osstonpmica.
1062 2983 1100 3039 Et
1125 2986 1154 3040 in
1172 2991 1231 3041 tots
1249 2984 1430 3042 attributione
1447 2995 1544 3057 tropus
1564 2987 1712 3042 monstrari
1729 2988 1826 3057 possit
1869 2986 1967 3043 ”Go-

261 3075 373 3140 postea:
402 3071 545 3141 iipurato
570 3069 754 3140 praedicatio
783 3077 823 3124 est
847 3087 904 3123 non
929 3071 958 3124 in
979 3071 1099 3140 sinpulis
1125 3071 1220 3126 olenus
1253 3071 1301 3127 lib.
1324 3078 1348 3129 2.
1379 3073 1463 3129 instit.
1489 3073 1569 3145 logio.
1591 3091 1613 3128 o.
1638 3078 1661 3129 8.
1696 3073 1893 3144 improprium
1913 3084 1965 3144 est,

260 3157 365 3223 uubis,
391 3157 507 3211 seorsim
525 3165 552 3211 et
570 3156 602 3211 in
618 3172 678 3210 sese
696 3157 883 3210 consideratis
904 3158 1007 3226 (punis
1026 3158 1099 3212 enim
1126 3158 1203 3225 quod
1219 3160 1330 3212 ratione
1346 3160 1555 3230 compositionis
1567 3167 1608 3212 est
1621 3160 1815 3228 improprium.
1840 3160 1966 3215 Kecker·

261 3250 301 3297 est
318 3245 441 3314 proprie
460 3244 547 3314 panis
568 3250 594 3298 et
619 3261 723 3313 corpus
745 3260 801 3298 non
819 3243 1017 3311 disposicione,
1043 3263 1098 3299 non
1125 3260 1242 3298 mannus
1259 3243 1308 3299 lib.
1326 3249 1351 3301 2.
1368 3253 1437 3315 syst.
1455 3245 1537 3316 logie.
1557 3245 1679 3315 sepult
1692 3243 1845 3316 figuratum
1855 3247 1967 3304 retiam

260 3331 414 3400 tropicum,
442 3349 500 3385 non
528 3332 696 3401 fipuratum,
727 3330 814 3384 multe
844 3330 935 3383 minus
957 3338 1098 3399 spectrum
1126 3330 1313 3400 dispositionis
1331 3330 1493 3386 sicdelinit:
1514 3333 1583 3387 oum
1602 3332 1693 3387 eerbs's
1706 3332 1837 3402 propriis
1846 3335 1968 3388 retentis

261 3424 311 3470 out
319 3418 503 3486 phantasma,
521 3435 578 3471 non
594 3417 661 3471 item
679 3433 781 3486 corpus
799 3418 951 3486 mysticum,
969 3420 1047 3486 quoe
1059 3426 1099 3472 est
1123 3418 1320 3486 praedicatum
1341 3408 1463 3487 mljeoto
1485 3419 1628 3486 tribuitur,
1651 3436 1708 3472 non
1726 3418 1761 3472 ob
1778 3419 1920 3474 internam
1937 3427 1966 3474 d

262 3503 395 3567 nomia,
412 3511 463 3556 out
480 3503 592 3571 sipnum
609 3502 747 3571 eorporis,
764 3520 821 3557 non
838 3503 966 3557 meritum
985 3501 1098 3566 Christi,
1125 3504 1302 3557 essentialem
1331 3505 1556 3574 cohaerentiam,
1589 3506 1643 3558 sed
1671 3512 1814 3559 aurnum
1842 3514 1967 3560 tantum-

263 3592 315 3642 seo
327 3590 480 3659 proprium
499 3589 606 3644 Olrs'sti
623 3606 725 3658 corpus
742 3591 871 3658 denotat,
895 3589 1007 3643 omnino
1026 3589 1099 3643 enim
1125 3591 1209 3643 modo
1230 3590 1398 3643 relationem
1416 3599 1442 3645 et
1458 3591 1602 3654 unionem,
1626 3590 1803 3658 dnuapuunt
1821 3591 1898 3646 inter
1913 3594 1968 3646 ιἰιι·

264 3691 360 3729 oerum
371 3675 493 3730 Domini
511 3692 614 3745 corpus
627 3677 662 3728 de
672 3692 737 3729 uero
751 3691 829 3744 pone
841 3675 1028 3744 annectimur),
1048 3677 1100 3729 scd
1122 3676 1326 3746 proprietatem
1344 3674 1440 3737 λέξεως
1458 3684 1484 3729 et
1496 3679 1661 3736 συνθέσεως.
1687 3675 1778 3746 Atqui
1789 3675 1861 3732 haec
1871 3678 1969 3748 opinio

263 3760 293 3814 in
311 3769 370 3815 tota
387 3762 575 3830 naritutione,
594 3761 662 3830 posia
681 3761 785 3830 copula
803 3762 861 3815 duo
872 3762 1022 3831 desparata
1036 3780 1100 3816 con·
1129 3769 1150 3817 l.
1162 3767 1205 3816 est
1215 3777 1297 3827 nova,
1315 3760 1450 3815 hactenus
1467 3761 1540 3815 enim
1553 3760 1741 3826 Quintilianus
1752 3760 1855 3833 Philip.
1868 3769 1899 3818 et
1909 3777 1968 3818 om·

258 3847 364 3918 junpit,
382 3865 466 3916 prtem
485 3848 526 3902 sic
542 3848 679 3901 resolves-e
693 3847 774 3900 licet:
786 3848 873 3915 ponis
890 3857 930 3901 est
947 3848 1100 3916 symbolum
1125 3864 1174 3901 nes
1193 3846 1355 3914 docuerunt,
1375 3846 1611 3918 improprietatem
1621 3848 1703 3903 sitam
1715 3865 1778 3904 esse
1788 3848 1819 3903 in
1831 3865 1875 3918 eo,
1889 3849 1968 3922 qnod

263 3949 312 3987 ssu
333 3934 511 4002 sipmoulum
536 3934 666 4004 corporis
687 3932 801 3989 Girs'sti.
847 3931 907 3987 Seri
922 3951 1035 3987 rursum
1051 3951 1101 3988 no·
1126 3931 1211 3987 dictio
1236 3948 1254 3986 a
1274 3933 1388 4003 propria
1413 3931 1616 4004 significatione
1638 3935 1669 3989 in
1685 3934 1806 3990 alienam
1822 3939 1974 4006 sermm

263 4021 381 4074 wadum
398 4028 454 4091 est,
477 4037 535 4075 non
553 4035 613 4074 ease
631 4026 740 4074 tanton
757 4017 924 4073 lunationem
935 4021 1101 4089 jipnrotam,
1127 4024 1150 4075 2.
1169 4027 1212 4075 est
1229 4018 1295 4075 licta
1313 4018 1350 4073 ad
1363 4020 1527 4075 sdvandam
1545 4025 1635 4078 eiuro.
1665 4021 1820 4078 Geelenius
1832 4029 1856 4077 4.
1874 4021 1967 4093 prebl.

263 4108 475 4176 metonprnicam
500 4114 551 4161 aut
576 4104 809 4178 sipnifioatioam,
841 4106 911 4174 quio
935 4106 1101 4174 lanpuidius
1126 4105 1182 4177 leg.
1208 4123 1235 4176 p.
1267 4112 1323 4162 tot.
1369 4105 1443 4172 Quin
1470 4106 1535 4162 nolo
1559 4105 1679 4178 emplius
1704 4108 1874 4163 contendere
1900 4124 1967 4163 ctam

262 4193 418 4262 replicaret
446 4201 578 4247 natorum
607 4192 746 4262 mysterii,
775 4193 827 4245 ced
860 4193 1101 4251 sacramentalem,
1127 4208 1267 4264 quoquam
1293 4192 1328 4246 de
1344 4192 1436 4248 verbis
1455 4209 1570 4259 mense,
1589 4209 1653 4248 cum
1672 4209 1772 4264 corpus
1787 4191 1910 4265 intelligi
1930 4195 1969 4249 de

262 4278 492 4335 Keckermannus
509 4278 558 4337 lib.
578 4285 602 4335 3.
629 4285 697 4351 syst.
722 4276 807 4335 theol.
824 4294 848 4335 c.
869 4283 893 4334 e.
911 4295 939 4349 p.
960 4284 1019 4336 411.
1038 4296 1100 4350 pro·
1127 4294 1241 4348 corpore
1264 4278 1376 4348 proprie
1400 4278 1475 4333 dicto
1499 4280 1613 4349 planum
1630 4280 1667 4334 sit
1683 4295 1717 4334 ex
1735 4278 1864 4349 amoris,
1889 4280 1967 4352 qnod

260 4379 366 4436 ponens
383 4364 448 4419 bes:
460 4365 550 4434 panis
568 4373 609 4419 est
627 4382 729 4434 corpus
745 4362 860 4433 C'trs‘sti
875 4364 970 4418 vinum
981 4373 1022 4419 est
1035 4384 1100 4420 aan-
1126 4381 1177 4434 pro
1195 4363 1274 4418 vobis
1292 4364 1382 4431 datur,
1400 4370 1496 4433 repete
1510 4363 1585 4434 quod
1597 4364 1663 4429 dixi,
1681 4379 1741 4419 esse
1752 4363 1966 4420 attributionem

260 4452 324 4521 puis
344 4451 467 4517 Christi,
485 4460 566 4504 uocat
581 4450 789 4521 propositiones
804 4450 953 4519 relativas,
971 4452 1036 4504 item
1055 4467 1099 4504 eo-
1126 4450 1317 4521 impropriam3
1337 4455 1360 4504 3.
1381 4457 1423 4505 est
1441 4448 1527 4503 falsa:
1551 4460 1571 4505 1.
1585 4449 1616 4506 Si
1627 4450 1701 4506 enim
1713 4450 1742 4504 in
1754 4449 1967 4521 praedicatione

261 4538 396 4592 trinsecus
413 4544 440 4591 et
457 4537 624 4607 onalopicas
640 4537 870 4606 praedicationes
888 4553 990 4605 easque
1002 4538 1044 4591 sic
1055 4553 1099 4590 ec·
1126 4535 1264 4591 vocabula
1287 4536 1379 4590 emnia
1396 4541 1509 4589 manent
1526 4537 1639 4607 propria
1656 4542 1686 4591 et
1705 4542 1799 4592 umen
1815 4535 1880 4608 ipsa
1898 4537 1966 4593 diei·

258 4625 366 4695 plioot:
372 4623 461 4692 panis
471 4631 512 4677 est
522 4640 624 4693 eorpus
637 4623 751 4691 Christi,
761 4623 794 4676 iol
804 4629 846 4676 est
855 4640 964 4677 rumoso
978 4631 1004 4676 et
1014 4641 1100 4677 sacro
1127 4629 1173 4678 tur
1190 4621 1355 4692 impropria,
1378 4637 1435 4675 non
1453 4621 1572 4692 amplius
1592 4639 1611 4676 a
1627 4639 1692 4691 suo,
1715 4622 1765 4677 sed
1782 4639 1801 4677 a
1816 4623 1968 4696 peregrino

264 4711 332 4766 nnio
351 4718 391 4764 est
408 4710 482 4763 inter
494 4726 600 4779 panem
618 4717 646 4764 et
661 4727 771 4779 corpus,
788 4709 882 4764 einum
895 4717 921 4762 et
936 4710 1100 4778 sanquinem
1126 4708 1357 4765 denominabitur.
1406 4713 1430 4763 2.
1463 4708 1504 4764 Ut
1530 4725 1562 4764 se
1588 4708 1694 4765 habent
1719 4725 1779 4778 res,
1806 4708 1847 4763 ita
1869 4725 1967 4766 urum

265 4797 381 4866 Christi,
400 4813 498 4864 nempe
514 4797 581 4850 unio
598 4796 813 4864 sipnifiomionis
828 4803 855 4865 et
871 4797 1099 4861 confirmationis.
1127 4794 1297 4866 compositio.
1338 4794 1379 4847 At
1403 4810 1448 4848 res
1473 4801 1587 4850 manent
1610 4795 1747 4867 propriae
1786 4794 1865 4867 Ergo
1882 4794 1968 4879 edem

264 4882 374 4939 ibidem
389 4881 473 4938 etiam
488 4881 590 4937 refellit
603 4898 660 4947 ees,
679 4881 727 4953 qui
741 4887 852 4952 tropum
864 4886 993 4935 statuunt
1010 4883 1054 4936 vel
1071 4882 1100 4936 in
1127 4899 1222 4938 earum
1246 4880 1409 4950 compositio
1431 4882 1483 4937 erit
1506 4881 1626 4953 propria
1668 4888 1692 4939 3.
1718 4881 1787 4936 Tres
1805 4880 1872 4935 illae
1888 4898 1968 4937 mm·

264 4970 365 5041 copula
382 4967 427 5024 vel
447 4969 475 5024 in
493 4968 662 5039 praedicato,
676 4968 720 5023 vel
731 4968 760 5022 in
774 4967 1024 5038 ipsoconnexione,
1036 4978 1101 5022 suist
1127 4970 1164 5024 tis
1191 4966 1364 5038 operationes
1388 4967 1556 5038 sinplioium
1582 4967 1779 5039 apprehensio,
1803 4967 1971 5039 compositio

264 5055 376 5128 (inquit)
387 5056 526 5119 manniti,
540 5055 812 5125 puisateentur,nec
824 5054 855 5107 in
862 5056 1101 5124 praedicatam
1127 5063 1156 5111 et
1177 5054 1292 5122 divisim
1314 5053 1490 5109 ratiocinatio
1513 5054 1553 5109 sic
1574 5053 1738 5125 cohaerent,
1760 5059 1869 5108 utnon
1886 5053 1971 5111 alites

263 5141 295 5194 in
311 5142 394 5197 uerbo
411 5141 572 5212 copulative
589 5141 680 5193 inesse
700 5147 823 5210 tropum,
839 5143 892 5194 sed
908 5141 939 5194 in
955 5142 1020 5211 s'prsa
1038 5159 1101 5196 con·
1127 5156 1292 5211 componam
1310 5155 1343 5194 ac
1362 5140 1494 5211 concepi,
1509 5154 1561 5194 nec
1577 5139 1658 5194 aliter
1675 5138 1825 5195 ratiociner
1841 5156 1877 5195 ac
1894 5156 1971 5196 com·

262 5228 611 5298 necionepreedicatimsm
619 5226 751 5296 subjecto.
776 5227 875 5281 Verum
887 5226 1101 5282 lacesentmtia
1126 5226 1208 5298 posui
1229 5231 1258 5281 et
1281 5225 1370 5281 divin.
1411 5224 1500 5297 Atqui
1524 5241 1568 5279 res
1585 5224 1675 5294 primo
1692 5230 1830 5297 conceptu
1848 5227 1970 5298 concepi

263 5314 415 5368 cmssistere
433 5333 490 5369 non
502 5321 603 5384 potest,
616 5313 683 5382 puio
696 5314 785 5365 omnis
798 5321 896 5383 tropus
908 5321 949 5367 est
960 5313 990 5366 in
1000 5315 1101 5379 ambis,
1127 5312 1263 5384 proprias.
1297 5311 1374 5382 Ergo
1392 5313 1476 5367 etiam
1493 5326 1607 5365 necesse
1624 5316 1676 5380 est,
1700 5318 1734 5366 ut
1750 5312 1864 5383 proprio
1883 5312 1972 5369 modo

262 5399 359 5454 nulius
370 5400 401 5454 in
414 5401 506 5470 relus,
522 5416 569 5454 res
581 5399 652 5454 esim
669 5416 725 5452 non
743 5406 807 5451 sunt
825 5399 856 5452 in
863 5406 1000 5468 potestate
1015 5400 1101 5454 leonn-
1127 5415 1297 5470 componam.
1339 5405 1363 5455 4.
1387 5399 1488 5456 Relata
1505 5397 1592 5452 realia
1610 5415 1666 5452 non
1683 5404 1797 5469 prepter
1812 5403 1971 5471 exterum

145 5528 148 5535 .
261 5483 1100 5555 anmmnpendenteciopsestiumisstitutaidsononpos-
1127 5485 1177 5542 sed
1198 5486 1335 5543 internam
1360 5490 1459 5555 σχέσιν
1480 5483 1549 5540 talia
1573 5484 1710 5541 deenen.
1744 5484 1835 5556 Atqui
1854 5485 1972 5559 signnm
