4004 6022
255 229 312 286 trs
847 219 971 281 LOCUS
988 218 1192 281 VIOFSIMUS
1212 219 1354 278 PRIMUS

251 374 382 446 abjurare
399 387 477 428 susm
495 371 630 429 hesram
646 388 671 427 c.
705 371 767 444 ligo
779 368 967 446 berengarius
986 375 1048 432 dist
1063 381 1087 433 2.
1114 373 1228 429 Sextum
1256 381 1299 430 est
1318 373 1465 430 concilium
1488 373 1680 429 Florentinum
1705 391 1778 429 mino
1807 380 1881 432 ttae.
1899 367 1949 432 ubi
1960 356 1998 448 fig*

253 461 288 516 de
320 474 442 515 consecr.
486 458 709 529 Respondemus:
747 460 841 532 glossa
871 461 936 516 huic
965 460 1087 532 capitulo
1112 459 1298 518 Bellarminus
1315 461 1417 515 acriter
1435 460 1574 515 invehitur
1591 460 1621 513 in
1631 460 1782 530 Martyrum
1803 468 1831 515 et
1850 461 1949 517 Ohem·
1963 470 1998 500 Μ

252 545 412 617 adscripsit:
433 545 500 599 Nat
516 563 586 599 sane
604 546 748 614 intellipas
766 548 1038 616 oabaBerenqaris',
1056 548 1086 600 s'n
1098 583 1101 619 ,
1112 544 1214 599 niciam
1235 553 1320 617 atque
1339 547 1451 615 assedi,
1468 564 1609 618 nunquam
1629 547 1715 601 fuisse
1734 547 1806 601 inter
1826 547 1950 604 arasa·
1963 521 1998 602 ‘Lm

251 632 390 703 deoresn
426 632 536 685 incidas
572 632 715 700 haerena,
756 652 842 702 qaam
879 636 939 703 ipss
973 636 1086 699 sacerd.
1113 637 1141 686 et
1160 630 1274 687 Lunum
1293 632 1329 687 de
1347 632 1659 688 manssnbstantiatione
1671 633 1866 703 disceptatum.
1894 633 1950 690 Sed

251 718 347 774 Verba
370 717 454 788 hujus
472 717 631 789 palinodiae
648 718 686 773 ab
703 718 859 775 Humberto
879 721 1000 791 quodam
1019 720 1087 776 Ger·
1113 723 1252 788 repugnat
1269 718 1338 789 ipsis
1357 718 1467 774 concilii
1487 719 1571 786 actis,
1591 719 1632 772 sic
1651 718 1724 772 enim
1741 718 1887 790 Eugenius
1903 720 1954 777 lv.

252 821 334 861 mano
360 812 425 859 sunt
453 803 590 875 descripta
616 805 726 860 homine
755 806 893 861 inerudito
920 814 948 862 et
973 806 1086 869 inruho.
1113 802 1237 872 pontifex
1261 803 1401 859 Romanus
1420 822 1487 860 sess.
1509 805 1558 859 ult
1578 803 1702 858 Graecos
1721 804 1838 874 affatur,
1856 814 1889 861 ut
1906 806 1953 861 lra-

252 890 363 946 Dicitur
381 891 410 944 in
428 890 476 944 illo
494 890 625 960 capitulo,
644 892 735 960 speum
753 910 847 946 oerum
864 911 966 962 corpm
983 892 1090 948 Christi
1114 888 1196 944 betur
1220 896 1287 944 tom.
1304 896 1331 947 3.
1356 907 1433 945 conc.
1453 909 1481 961 p.
1499 896 1557 945 tlt.
1582 890 1647 945 edit.
1673 890 1785 947 Calon:
1810 894 1848 963 in
1866 911 1954 962 prae-

252 977 373 1030 tractari
394 985 419 1029 st
441 977 543 1045 frangi
567 978 695 1031 mammes
717 981 896 1033 sacerdotnm
917 988 942 1033 et
961 980 1088 1044 fideliam
1114 976 1200 1044 cipue
1219 977 1396 1045 pausatione,
1424 981 1460 1031 de
1484 996 1542 1047 aaa
1558 979 1730 1033 vehementer
1747 980 1955 1049 ambigebamus

253 1065 380 1117 dentibus
399 1064 493 1127 atteri,
513 1063 588 1133 quod
605 1062 792 1119 Bellarminus
809 1065 1014 1135 interpretatur,
1031 1084 1088 1120 non
1115 1061 1162 1126 (de
1181 1062 1356 1131 processione
1374 1063 1494 1132 Spiritus
1512 1063 1625 1129 rauca),
1650 1065 1693 1116 ita
1712 1067 1899 1134 conserimus,
1923 1075 1954 1119 at

251 1153 358 1203 nudam
376 1150 499 1217 dynant,
519 1152 570 1202 sed
587 1151 697 1217 signans
714 1151 819 1206 babens
838 1152 957 1206 realiter
974 1154 1090 1221 conjan·
1115 1147 1187 1201 nita
1207 1149 1334 1217 amplius
1352 1152 1388 1203 de
1407 1165 1440 1202 ea
1460 1149 1555 1203 dicere
1567 1151 1724 1205 debeamus.
1754 1153 1850 1206 Porro
1862 1160 1953 1206 autem

252 1244 324 1289 otum
344 1235 450 1289 Christi
468 1252 571 1303 corpas
588 1237 630 1290 its·
642 1253 780 1306 maerens
797 1239 930 1292 cremans
945 1239 1048 1307 frangi
1064 1246 1091 1291 et
1115 1250 1219 1302 operae
1243 1235 1364 1303 pretium
1389 1244 1443 1303 est,
1471 1243 1500 1290 ut
1525 1238 1561 1290 de
1582 1238 1755 1306 mugatorio
1776 1239 1841 1306 ipae
1866 1247 1894 1292 et
1919 1242 1955 1292 do

253 1324 322 1392 teri,
339 1341 395 1376 nors
412 1331 503 1376 tamen
521 1324 551 1376 s'n
568 1340 607 1392 se,
623 1325 721 1379 sedin
743 1325 833 1391 apoc.
868 1327 908 1379 At
925 1323 1010 1380 rerba
1025 1341 1090 1378 con·
1115 1321 1217 1374 sonna
1230 1321 1377 1389 porstifics’s
1391 1321 1558 1391 prinospatrs
1575 1329 1601 1375 et
1621 1324 1657 1376 de
1672 1341 1769 1390 osynw
1788 1333 1815 1378 st
1831 1327 1953 1389 sermm-

252 1407 309 1462 cilii
327 1408 390 1478 plus
410 1408 539 1463 ridentur
558 1408 657 1477 dicere,
675 1410 738 1464 ideo
756 1410 896 1465 Roffensis
912 1409 961 1466 lib.
982 1416 1006 1465 2.
1025 1427 1090 1464 con-
1116 1412 1174 1459 tato
1195 1422 1288 1474 pane,
1318 1409 1354 1460 de
1376 1407 1474 1461 ds'os'na
1498 1407 1617 1476 denique
1639 1409 1726 1477 panis
1744 1411 1953 1465 nanssabstaa·

233 1499 299 1547 ·tra
326 1494 485 1565 Oecolamp.
511 1495 592 1560 dicit,
620 1497 688 1564 qaia
708 1498 901 1566 Berenpars'as
922 1498 952 1551 s'n
969 1496 1090 1550 aaaron
1115 1491 1233 1545 tiations
1255 1511 1382 1561 agamus,
1400 1500 1432 1546 at
1450 1494 1525 1546 omni
1543 1501 1669 1562 esparte
1682 1497 1953 1564 conjonctionostra

253 1581 329 1634 tans
345 1582 431 1635 niorto
451 1581 649 1651 exorbitasset,
666 1583 732 1637 ideo
749 1583 898 1637 evuertium
913 1585 982 1652 ptos
1000 1600 1089 1653 mque
1115 1579 1152 1630 tit
1170 1578 1308 1648 absolata,
1328 1579 1369 1633 tta
1387 1586 1418 1632 rt
1435 1578 1518 1632 natta
1536 1579 1610 1634 inter
1630 1596 1681 1634 nos
1699 1583 1894 1637 oonnwersta
1910 1585 1953 1636 s's-

252 1667 283 1720 in
306 1668 426 1722 atterens
448 1685 521 1722 nunc
547 1669 631 1725 trahi.
672 1668 792 1733 Quidem
817 1668 903 1724 verbe
919 1669 1034 1739 capituli
1050 1670 1091 1724 sic
1111 1673 1254 1732 portarum
1280 1664 1466 1733 relinquetur.
1503 1663 1588 1720 ibid:
1619 1665 1736 1734 &pente
1757 1671 1907 1736 pontifice,
1924 1678 1953 1723 st

254 1753 410 1825 explicant,
438 1754 514 1824 quod
532 1754 711 1811 conferantur
728 1754 759 1810 τὸ
776 1756 944 1809 normaliter
964 1761 993 1809 et
1014 1756 1043 1810 sd
1059 1757 1090 1810 s'n
1116 1752 1151 1803 dt
1171 1751 1270 1804 divina
1286 1753 1373 1820 pansa
1386 1753 1626 1821 transmutatione,
1643 1754 1840 1822 amquidern
1851 1764 1952 1824 assarta

254 1842 386 1910 nontam
404 1839 434 1895 si
451 1841 615 1897 sensualiter
632 1842 729 1897 referri
746 1843 783 1898 ad
802 1842 1000 1897 sacramentale
1017 1860 1089 1913 syrn—
1116 1838 1244 1905 qaaeash
1261 1836 1328 1901 Μ,
1347 1838 1377 1890 s‘n
1394 1840 1502 1905 mnodo
1520 1846 1665 1905 apaanr,
1688 1838 1795 1893 Gratti
1813 1842 1954 1910 damn,

254 1927 349 1983 bolum
378 1944 493 1998 panem,
522 1926 552 1982 sd
581 1929 610 1983 lu
636 1928 752 1984 veritate
776 1928 913 1999 pertinere
935 1929 971 1982 ad
988 1927 1090 1984 Christi
1115 1939 1144 1975 ⁸⁶
1162 1923 1222 1975 tt'tw
1247 1922 1332 1976 ivlius
1355 1923 1502 1977 orientalis
1526 1923 1660 1977 sccksiae
1683 1927 1851 1980 camorana
1869 1944 1953 1995 atm-

252 2030 369 2084 corpus,
396 2013 452 2067 dici
477 2020 570 2070 autem
596 2015 625 2068 in
652 2014 769 2070 veritate
794 2032 893 2085 corpus
914 2014 1017 2070 Christi
1035 2021 1089 2070 tra-
1115 2006 1232 2061 tlt'fflwm
1252 2008 1341 2062 auam
1361 2015 1486 2063 Milan
1505 2027 1561 2063 Μ
1573 2026 1669 2077 PM·
1698 2027 1765 2082 Ple·
1785 2017 1851 2067 475²
1872 2014 1953 2067 Hm

253 2099 336 2164 utari,
364 2098 469 2170 frangi,
494 2099 560 2163 teri,
584 2116 640 2154 non
662 2099 725 2154 κατ’
751 2098 818 2154 αὐτὸ
839 2105 884 2154 sal
906 2107 1020 2170 κυρίως,
1040 2101 1089 2155 sed
1119 2092 1240 2159 Gratti,
1264 2095 1389 2148 'Wlfflin
1406 2101 1497 2148 temeti
1516 2097 1700 2149 committit
1717 2097 1902 2168 tonnam,
1924 2107 1953 2153 st

181 2186 183 2191 ¹
253 2185 395 2258 inoperose
418 2189 465 2240 καὶ
483 2190 634 2258 guatensis,
655 2194 739 2257 prout
755 2187 863 2241 unitum
882 2195 924 2242 esi
941 2188 1090 2242 benedicio
1116 2181 1151 2233 (30
1168 2180 1229 2234 ‘¹2¹'ss
1248 2181 1410 2249 wilm
1424 2190 1543 2250 limile?
1561 2182 1643 2235 laam
1662 2184 1698 2236 (10
1717 2183 1844 2252 Sptrtsm
1861 2188 1955 2239 tandi

253 2272 329 2342 paui,
344 2272 418 2326 sicut
436 2272 464 2326 in
481 2273 597 2328 radiate
614 2272 758 2328 descendit
773 2272 894 2343 Spiritus
911 2292 932 2328 s.
951 2280 1089 2345 quatenus
1110 2267 1291 2334 metatione
1321 2269 1351 2320 ⁸¹¹2
1380 2268 1494 2323 unionis
1522 2269 1614 2323 litoris
1643 2270 1707 2323 ulla
1732 2271 1835 2325 mentio
1859 2275 1951 2343 fieret,

252 2357 398 2414 columbae
415 2358 594 2414 descendenti
612 2358 788 2428 peculiariter
807 2359 860 2413 fuit
880 2360 982 2413 unitus.
1007 2359 1089 2414 Hanc
1115 2355 1295 2408 tonnano
1317 2372 1425 2408 mmmo
1445 2355 1593 2424 pontifice,
1616 2364 1647 2409 ut
1671 2357 1756 2410 etiarn
1778 2360 1815 2411 de
1832 2359 1952 2428 reliquas

251 2445 463 2516 explicationem
479 2461 516 2499 en
534 2444 619 2501 rerba
639 2445 743 2501 decreti
762 2446 866 2513 ferant,
892 2447 920 2499 in
938 2446 1028 2501 medio
1048 2463 1089 2501 re·
1115 2448 1258 2507 asamar,
1281 2449 1395 2511 acepta
1418 2442 1473 2496 illa
1493 2444 1528 2495 dc
1542 2443 1629 2511 ponis
1651 2445 1896 2509 noannoeane,
1921 2454 1952 2500 st

251 2532 401 2603 linquimus
422 2530 502 2585 iliud·
516 2531 605 2585 solum
631 2538 785 2600 monentes,
812 2532 886 2602 quod
904 2532 1089 2587 Bellarminus
1114 2527 1323 2595 vtrftsslittt'mss
1342 2531 1421 2593 fimi
1440 2529 1516 2582 anm.
1551 2527 1689 2584 Pwvoetl
1711 2529 1897 2587 Bellarmiuut
1916 2533 1952 2587 ad

253 2634 286 2672 ex
314 2617 382 2688 ipsis
406 2615 515 2670 concilii
541 2615 633 2671 verbis
661 2633 716 2671 non
739 2618 827 2689 possit
843 2618 1088 2674 manssubstantia-
1115 2612 1324 2669 instuctionem
1351 2614 1551 2679 Armenorum,
1582 2614 1610 2668 5¹1
1637 2631 1694 2686 (1¹¹8
1722 2615 1833 2671 ditertit
1859 2618 1952 2674 verbi·

251 2704 354 2763 tionem
382 2700 513 2773 probare,
544 2701 607 2755 ideo
637 2702 764 2772 confugit
789 2702 826 2757 ad
855 2703 960 2774 scripta
986 2721 1089 2773 eornm,
1115 2698 1228 2768 ponitur
1256 2698 1540 2756 muubttantiatio.
1584 2699 1640 2755 Sed
1667 2700 1697 2755 in
1725 2702 1824 2757 eadem
1850 2704 1950 2759 insen

253 2788 301 2859 qui
320 2794 379 2842 tum
398 2787 530 2858 temporis
548 2787 714 2854 floruerunt,
733 2786 895 2851 lanfranci,
923 2789 1089 2845 (iuitmundi
1115 2784 1207 2839 ctione
1224 2800 1252 2853 p.
1272 2791 1330 2840 506.
1349 2784 1463 2841 dicitur:
1489 2784 1621 2855 [pomum
1639 2788 1785 2842 sermm
1799 2791 1953 2845 saluatoris

253 2881 282 2928 et
304 2871 467 2941 Anshelmi3
492 2878 522 2926 at
546 2871 570 2926 si
594 2871 638 2926 vel
658 2872 776 2926 maxime
793 2872 834 2926 illi
853 2874 983 2930 docerent
1000 2883 1088 2930 trans·
1114 2871 1218 2924 virtulo
1241 2871 1400 2925 sobswnts'a
1422 2872 1511 2939 parit
1535 2873 1565 2926 ia
1589 2891 1691 2942 corum
1714 2873 1824 2929 Chrs‘sts'
1846 2885 1875 2930 et
1891 2879 1952 2931 ast-

252 2957 527 3024 substantiationem,
563 2956 633 3010 nihil
665 2964 758 3012 tamen
787 2958 864 3013 aliud
894 2976 977 3031 quam
1010 2979 1088 3017 suum
1114 2956 1220 3010 nantia
1243 2955 1350 3008 cirsion
1369 2957 1532 3024 sonpmnsm
1552 2967 1754 3016 canoniorum.
1790 2963 1832 3016 At
1850 2961 1952 3020 Graeci

252 3050 437 3116 proponerent
463 3043 634 3099 senmntiem.
675 3042 845 3099 Bellarmino
870 3052 964 3100 autem
990 3064 1088 3117 propo-
1115 3045 1182 3096 tunc
1202 3058 1257 3114 non
1275 3058 1356 3097 secus
1373 3058 1407 3096 ac
1426 3041 1522 3112 hodie,
1540 3044 1606 3098 solis
1624 3045 1679 3099 illis
1697 3045 1790 3101 verbis
1808 3065 1951 3104 cemecra·

253 3132 336 3187 eitum
354 3138 414 3186 erat
432 3130 585 3194 ostendere,
604 3130 680 3201 qnod
698 3130 750 3185 sub
770 3129 886 3186 fulmine
905 3133 1088 3189 anathematis
1113 3126 1217 3182 tionem
1239 3146 1295 3184 uon
1318 3127 1532 3197 adscribebant,
1560 3131 1610 3184 sed
1634 3131 1772 3200 putabant
1794 3138 1952 3193 uoeesmio

125 3237 145 3280 t.
162 3217 283 3278 crastin
308 3217 432 3274 conciliis
457 3215 574 3272 delinita
590 3217 627 3272 sit
644 3217 926 3274 manssubstantiatio.
962 3221 1088 3275 Alterum
1114 3213 1339 3286 adjungendum:
1365 3216 1405 3269 Et
1424 3217 1477 3280 fac
1494 3232 1601 3285 panem
1618 3218 1691 3270 tanc
1710 3219 1876 3277 bmorabs'ls
1893 3241 1952 3277 cor

126 3289 415 3381 ffifff‘concilium,
444 3303 520 3374 quod
550 3303 734 3360 Bellarminus
762 3304 882 3376 profert,
919 3314 962 3362 est
992 3306 1088 3362 itidem
1112 3319 1168 3370 put
1188 3302 1295 3357 Chresti
1310 3303 1365 3366 lai,
1392 3305 1469 3371 qood
1491 3311 1583 3357 ouans
1601 3304 1631 3356 s'n
1646 3304 1735 3359 calice
1752 3306 1806 3360 s'sto
1824 3316 1877 3376 est,
1901 3312 1952 3375 sac

125 3388 241 3436 coaddit.
254 3389 410 3446 Romanum
435 3389 486 3443 gub
507 3386 643 3461 Gregorio
658 3388 722 3446 Vll,
743 3407 815 3444 anno
838 3397 911 3447 1079,
947 3391 1003 3448 Sed
1025 3410 1089 3448 con·
1115 3387 1307 3442 honorabilem
1325 3390 1489 3456 sanquinem
1502 3387 1611 3444 dimoti
1624 3391 1668 3444 itti
1686 3401 1828 3447 cataneto
1842 3394 1952 3465 Spiritu

253 3477 347 3534 cilium
371 3475 441 3531 illud
464 3494 518 3532 non
538 3483 580 3530 cst
597 3475 691 3546 magni
709 3476 840 3545 nominis,
868 3493 920 3532 nec
938 3477 966 3532 in
985 3496 1017 3534 eo
1036 3479 1089 3534 sub
1116 3482 1162 3529 tao
1186 3481 1398 3528 transmutatus.
1441 3474 1585 3539 Quomodo
1609 3493 1676 3549 ergo
1698 3476 1799 3534 Graeci
1825 3480 1855 3535 in
1880 3482 1951 3537 hane

254 3562 430 3618 anathemate
456 3561 581 3618 stabilita
606 3561 886 3618 transsubstantiatio.
936 3565 1088 3636 Gregorius
1114 3559 1263 3616 formulam
1290 3561 1446 3616 consentire
1474 3563 1647 3632 potuerunt?
1685 3563 1780 3635 ipsum
1810 3567 1951 3624 decretum

254 3645 301 3700 ille
324 3646 434 3701 concilii
462 3663 573 3716 praeses
602 3645 655 3701 tuit
678 3648 912 3718 necromanticus,
941 3651 989 3722 qui
1007 3651 1088 3707 coed—
1115 3647 1225 3702 nomine
1248 3646 1368 3718 Eugenii
1391 3646 1442 3704 IV.
1469 3647 1642 3703 inscribitur:
1672 3651 1820 3720 Engeeias
1845 3656 1950 3724 qrisoo·

254 3732 351 3789 batum
368 3731 542 3792 sacerdotum
559 3732 755 3802 praecipiendo
775 3734 867 3788 multis
885 3734 998 3806 flagitiis
1015 3735 1092 3794 fene?
1112 3752 1169 3803 pm
1191 3752 1288 3789 sanus
1312 3751 1454 3789 seruorum
1475 3736 1534 3788 Dei
1550 3737 1592 3788 ad
1604 3745 1773 3805 perpensans
1791 3740 1837 3793 res·
1852 3754 1951 3796 numo·

254 3823 340 3871 stram
368 3816 496 3887 speruit,
519 3816 675 3872 Romanum
697 3819 842 3888 imperium
861 3821 1044 3878 seditionibus
1062 3831 1091 3879 et
1115 3821 1189 3874 mam
1207 3827 1259 3875 etc.
1277 3819 1359 3884 adde,
1379 3819 1521 3876 decretum
1536 3820 1665 3875 Amnis
1684 3821 1780 3878 delum
1800 3842 1862 3882 me
1879 3845 1951 3882 aune

254 3902 336 3959 bellis
358 3901 485 3957 civilibus
508 3903 633 3972 implerit
654 3920 688 3958 ac
710 3904 823 3960 undem
843 3924 863 3961 a
878 3908 985 3977 synodo
1001 3909 1090 3965 Brixi-
1118 3913 1192 3962 1439.
1231 3905 1338 3961 decimo
1368 3905 1477 3963 calam.
1509 3906 1656 3962 Decembr.
1693 3908 1857 3968 absentibus
1891 3915 1951 3983 jam

124 3997 240 4041 accret-
253 4007 308 4044 ans
326 3987 552 4046 sedePontiiicia
570 3994 613 4044 est
631 3989 764 4059 dejectus.
799 3992 925 4049 Tertium
942 3995 1089 4052 concilium
1115 3992 1232 4048 Graecis
1255 3993 1396 4063 patribus,
1416 3994 1464 4064 qui
1485 3994 1581 4050 eodem
1597 4011 1669 4051 anno
1687 3995 1779 4065 pridie
1795 4015 1861 4054 non.
1882 3999 1951 4056 Julii

125 4050 242 4193 amsi}
253 4081 297 4130 est
321 4074 510 4214 Lataraneuse
526 4073 585 4215 t:suh
610 4075 773 4132 innocentio
790 4077 842 4132 111.
866 4095 939 4135 auno
960 4087 1033 4138 1215.
1054 4083 1089 4138 de
1115 4079 1280 4150 subsignata
1306 4081 1408 4134 unione
1433 4080 1496 4136 ideo
1521 4080 1718 4151 discesserant,
1745 4083 1821 4153 quod
1847 4084 1952 4141 irnstn

125 4163 177 4195 ⁸⁸¹¹·
273 4161 457 4215 uo'sta
611 4162 744 4216 si'r'
1752 4169 1758 4182 '

252 4166 535 4303 idemqlilnnoceirutietis
544 4163 716 4305 uiiitrotiisxidtl
732 4165 1087 4311 ffioeffitterllnfflmssrieffl
1114 4166 1441 4322 :zzssloggllffitnugefi
1450 4167 1952 4328 cirbmtesstlteirtaibliisstbdlffnghffi

252 4349 324 4401 rem,
350 4332 534 4390 eucharistiae
559 4336 587 4390 in
612 4337 716 4394 ciborio
736 4339 934 4396 custodiendae
952 4342 1042 4414 legem
1059 4348 1088 4399 et
1113 4338 1166 4396 bac
1186 4339 1221 4396 de
1238 4355 1269 4394 re
1287 4338 1370 4395 edito.

252 4419 353 4474 multos
376 4419 445 4474 alios
468 4421 587 4491 ebusus,
620 4423 693 4479 idern
719 4425 871 4482 decretales
895 4428 1028 4484 ecclesiae
1046 4430 1086 4484 in·
1151 4432 1207 4482 141.
1243 4425 1378 4490 Quartam
1404 4431 1629 4495 argumentorum
1651 4427 1768 4482 classem
1791 4420 1864 4499 petit
1887 4430 1949 4486 Bel·
1962 4448 1989 4492 x„

123 4501 324 4595 augendi-tulit,
371 4505 505 4570 Quartum
533 4508 680 4564 concilium
711 4516 752 4565 eat
780 4512 935 4569 Romanum
956 4517 1087 4586 generale
1113 4511 1246 4567 larmimltt
1264 4529 1288 4568 e.
1307 4517 1348 4568 22.
1368 4528 1401 4567 ex
1421 4511 1615 4567 eonvenientia
1634 4513 1765 4585 reiionl33
1793 4517 1871 4587 tiqui
1893 4510 1998 4573 nottnm

124 4616 214 4646 nuum
252 4608 325 4648 anuo
364 4598 437 4648 rste.
472 4593 553 4663 cujus
584 4595 728 4651 dsuetum
760 4614 793 4652 ex
823 4597 960 4656 cochlaeo
989 4603 1087 4658 recitat
1113 4616 1146 4653 ex
1161 4599 1270 4668 judicio
1287 4597 1415 4665 rationis,
1443 4597 1492 4651 sed
1510 4615 1543 4653 ex
1562 4598 1723 4670 Scripturas
1739 4618 1838 4657 norma
1856 4603 1892 4657 de
1908 4572 1998 4659 aridi

124 4655 239 4699 ΝΜ
251 4678 447 4748 Bellarminus‚
477 4678 526 4734 sed
551 4679 682 4736 (lochlaei
711 4681 782 4736 fides
807 4685 905 4740 merito
935 4689 1010 4758 apud
1036 4706 1087 4743 nos
1113 4684 1205 4738 ticulis
1222 4683 1288 4738 fidei
1306 4683 1513 4754 disputandum.
1537 4684 1689 4742 Videamus
1703 4687 1871 4743 tamenilias
1885 4705 1951 4744 con·
1962 4665 1998 4756 {⁸

122 4765 340 4860 1⁸3,‘,¹,⁰”⁰¹·‘¹¹¹bi⁸
365 4772 417 4823 eet.
466 4764 597 4829 Quintum
630 4773 672 4822 est
700 4768 847 4824 concilium
877 4771 1088 4830 Cousmntiense
1113 4768 1264 4841 gruentias.
1299 4769 1411 4823 Primo:
1435 4772 1639 4824 convenientius
1661 4773 1718 4836 fuit
1736 4772 1788 4840 (ait
1803 4772 1950 4828 Bellarmi-
1963 4777 1998 4858 22:

123 4869 233 4912 constsr-
251 4868 325 4909 anno
354 4859 428 4909 1414.
470 4851 526 4907 Sed
549 4850 624 4906 idem
644 4853 790 4909 concilium
809 4856 937 4926 prohibet
953 4859 1087 4930 populum
1112 4857 1191 4927 nus),
1213 4864 1243 4909 at
1263 4856 1353 4909 solam
1373 4853 1481 4909 Christi
1498 4874 1601 4926 corpas
1622 4860 1664 4911 aa
1683 4859 1951 4928 massenpret·

122 4921 237 5016 {mm
251 4939 303 4995 sub
328 4945 446 5009 utraque
471 4936 564 5009 speeie
584 4939 788 4996 communicare
811 4949 907 4998 contra
926 4944 1088 5001 christiin·
1114 4944 1242 4998 autnon
1268 4942 1381 4999 hadad
1404 4950 1431 4996 et
1448 4943 1503 4998 illa
1520 4945 1577 4998 soli
1596 4945 1704 4999 Gloriae·
1719 4942 1839 5014 respon·
1856 4948 1951 5002 deser·

250 5025 422 5081 stitutionem
445 5030 473 5079 et
489 5023 647 5095 primitivae
663 5025 797 5084 ecclesiae
816 5029 928 5100 praxin,
952 5005 1102 5103 praecipiti
1113 5031 1211 5084 virent.
1247 5026 1471 5098 Respondemus:
1492 5029 1704 5086 fundamentum
1723 5031 1808 5102 hujus
1824 5034 1950 5103 moute
1964 5047 1990 5092 r

250 5109 343 5179 etiam,
367 5110 451 5167 fidem
476 5110 623 5168 haereticis
641 5127 697 5166 nou
721 5130 781 5169 esee
804 5117 983 5186 servandam,
1012 5096 1196 5190 quodltionis
1221 5115 1348 5171 consistit
1373 5115 1478 5169 inillis
1505 5116 1740 5186 disputationibus
1765 5117 1949 5177 Scholastica·

245 5196 303 5264 juri
334 5198 454 5253 naturali
480 5203 627 5269 repugnat.
675 5199 705 5251 Si
735 5200 808 5254 enim
836 5201 919 5258 fidem
952 5204 1019 5261 dare
1043 5205 1085 5259 ias
1112 5220 1186 5271 rum,
1214 5203 1289 5278 quod
1314 5219 1414 5274 corpus
1434 5203 1545 5257 Domini
1568 5211 1661 5258 manet
1686 5206 1739 5259 sub
1756 5204 1951 5261 accidentibus
1977 5222 1983 5231 ·

248 5281 314 5345 tuit,
341 5283 438 5355 utique
456 5286 539 5341 etiam
556 5285 640 5341 fidem
658 5285 753 5340 datam
773 5288 877 5344 servari
896 5298 1013 5360 oportet.
1052 5291 1085 5346 ln
1111 5290 1193 5361 panis
1210 5289 1247 5344 ad
1265 5307 1328 5344 eum
1346 5289 1466 5356 modum,
1485 5306 1540 5359 quo
1561 5288 1718 5345 substantia
1738 5292 1821 5362 panis
1837 5299 1952 5348 maneat

247 5367 344 5422 eodem
362 5370 480 5425 concilio
499 5370 655 5437 definitum,
685 5372 759 5443 quod
779 5375 926 5430 concilium
947 5378 984 5431 sit
1000 5394 1085 5447 supra
1111 5376 1164 5431 sub
1184 5377 1376 5433 accidentibus
1393 5377 1460 5444 suis,
1478 5381 1594 5444 excepta
1613 5375 1815 5441 informatione,
1834 5385 1863 5433 et
1874 5379 1963 5450 quot·

247 5470 365 5530 papam,
395 5454 425 5510 id
455 5473 520 5512 reso
547 5474 605 5514 non
631 5463 674 5516 cet
703 5459 739 5513 ed
766 5460 891 5530 palatum
912 5462 1080 5519 Bellarmini.
1112 5480 1145 5519 ex
1170 5469 1270 5519 natura
1296 5464 1335 5519 rei
1361 5469 1505 5516 moveatur
1526 5461 1563 5525 ad
1590 5467 1695 5515 motum
1718 5463 1904 5519 accidentium
1923 5472 1951 5520 et
