4004 6022
229 262 289 320 stt
791 251 913 310 Locus
930 248 1136 308 vicesimus
1156 248 1355 307 SECUNDUS

228 414 321 465 temen
341 426 397 465 non
415 424 509 464 omnes
528 406 638 478 penitus
657 411 722 461 sunt
742 406 903 476 exstinctae,
923 423 986 461 cum
1001 402 1063 460 reli·
1091 420 1109 459 a
1125 405 1269 476 posteriori
1287 403 1485 468 concludimus,
1506 403 1621 458 eandem
1640 402 1668 455 ri
1686 401 1844 457 divinarum
1863 418 1927 473 pro·

229 496 310 568 quiae
331 494 510 564 arianorum,
533 493 756 550 Nestorianorum
781 498 810 549 ct
827 492 1064 565 Eutychianorum
1090 493 1249 548 missionum
1269 493 1303 547 dc
1320 498 1455 561 perpetua
1472 489 1603 544 ecclesiae
1617 489 1762 544 duratione
1775 495 1804 544 ct
1817 506 1927 544 conser-

229 583 321 638 adhuc
346 582 505 653 superstites
524 597 584 636 esse
603 581 720 650 ipsemet
737 586 879 653 agnoscat.
914 578 980 634 Alia
999 595 1064 633 vero
1090 582 1199 636 vatione
1218 597 1325 651 semper
1341 578 1485 643 exstitisse,
1505 576 1630 649 quamvis
1644 594 1660 630 a
1674 576 1767 647 priori,
1787 575 1927 648 quomodo

228 671 300 725 ratio
318 674 361 724 est
377 665 647 731 antichristianismi
667 667 840 737 praedictum
858 666 930 721 enim
952 665 988 719 ab
1000 681 1064 735 apo·
1091 674 1251 723 conservata
1275 666 1311 720 sit
1338 670 1366 722 et
1391 664 1439 720 ubi
1464 664 1586 719 locorum
1605 663 1720 735 singulis
1741 663 1823 718 annis
1845 662 1926 717 exsti·
1938 668 1995 710 111

229 754 310 824 stolo,
335 756 408 827 quod
429 752 616 809 Antichristus
634 753 662 806 iu
682 753 783 822 templo
802 753 922 807 Domini
938 768 1064 805 sessuram
1089 754 1162 817 terit,
1182 754 1370 809 demonstrare
1389 770 1444 807 non
1463 752 1607 823 possimus.
1644 750 1723 804 Hane
1744 750 1926 805 assertionem

228 841 275 911 rit,
295 840 347 895 hoc
366 848 408 897 est
425 834 575 896 dominium
594 838 622 892 in
642 839 786 894 ecclesiam
807 838 860 893 sihi
879 843 1065 910 arrogaturos.
1091 846 1211 894 nostram
1235 841 1383 911 probamus
1412 844 1434 895 1.
1461 838 1584 909 exemplo
1603 836 1774 891 israeliticae
1794 834 1931 890 ecclesiae

228 926 304 999 Ergo
331 944 365 983 cx
389 927 517 998 imperio,
545 926 683 997 potentia,
711 926 855 981 duratione
874 934 902 980 et
920 924 1066 995 splendore
1091 934 1214 997 tempore
1229 926 1315 981 Elias.
1348 925 1419 980 Cum
1437 924 1508 979 enim
1521 922 1657 979 BaalitIca
1670 920 1928 993 idololatriapnbli-

229 1022 343 1069 externo
367 1013 446 1085 regni
470 1012 673 1068 antichristiani
698 1030 874 1085 nequaquam
895 1013 988 1083 colligi
1007 1018 1066 1083 pot·
1093 1031 1155 1068 cum
1173 1015 1256 1068 totius
1274 1012 1390 1067 visibilis
1412 1010 1541 1067 ecclesiae
1560 1009 1741 1064 ministerium
1755 1014 1928 1079 occupasset,

229 1106 279 1169 est,
299 1100 373 1171 quod
392 1100 429 1154 sit
446 1117 511 1155 vera
528 1100 652 1155 ecclesia.
689 1106 712 1154 5.
734 1099 862 1155 Nondum
881 1099 998 1170 probare
1018 1116 1066 1169 po·
1089 1099 1236 1170 judicabat
1252 1098 1338 1170 Elius,
1356 1098 1462 1153 nullum
1477 1095 1596 1167 amplius
1609 1111 1753 1166 superesse
1767 1112 1864 1150 verum
1877 1092 1928 1147 Dei

228 1187 283 1241 tuit
294 1186 486 1255 Bellsrminus,
506 1184 651 1240 ecclesiam
664 1186 809 1256 splendore
822 1186 942 1257 quodam
954 1190 1066 1239 externo
1093 1186 1225 1240 cultorem
1245 1203 1279 1240 ac
1296 1203 1326 1239 se
1346 1203 1405 1243 esse
1423 1183 1550 1238 relictum
1569 1183 1676 1252 solarem
1695 1181 1745 1236 sed
1762 1180 1858 1234 divino
1872 1196 1926 1234 ora·

229 1279 258 1328 et
282 1274 310 1326 in
337 1290 392 1327 una
409 1272 529 1343 quadum
547 1272 613 1326 sede
632 1272 921 1343 perpetuo'uisibilem
939 1288 999 1326 esse
1020 1270 1065 1324 de·
1093 1274 1155 1327 culo
1175 1271 1340 1342 docebatur,
1367 1272 1466 1324 relicte
1486 1286 1543 1324 esse
1562 1278 1665 1338 septem
1682 1268 1777 1321 millia
1795 1269 1928 1331 virorum,

230 1358 309 1424 here,
335 1359 437 1414 frustra
462 1359 547 1430 igitur
567 1375 583 1411 a
603 1374 705 1429 pompa
724 1365 752 1413 et
770 1358 916 1429 splendore
935 1355 1067 1413 ecclesiae
1094 1364 1144 1429 qai
1160 1376 1251 1429 pertua
1269 1377 1324 1412 aaa
1342 1365 1523 1412 <seruauerant
1541 1375 1636 1409 coram
1655 1356 1742 1422 Boot,
1766 1360 1787 1409 1.
1806 1354 1876 1425 Reg.
1892 1359 1928 1417 rs,

231 1444 371 1501 Romanae
393 1451 504 1500 crterno
530 1451 626 1498 contra
645 1461 695 1498 nos
715 1450 931 1516 argumentatur.
967 1450 990 1499 u.
1008 1442 1068 1497 Nec
1094 1462 1119 1499 v.
1142 1451 1180 1501 ts.
1215 1444 1452 1509 Quemadmodum
1471 1442 1608 1514 igiturex
1627 1458 1671 1509 eo,
1690 1440 1855 1512 qnodElias
1875 1455 1928 1493 non

232 1533 350 1603 probare
368 1538 467 1603 potest,
483 1531 637 1585 Romanam
656 1530 800 1585 ecclesiam
818 1530 847 1585 in
860 1530 1007 1601 splendore
1021 1528 1067 1584 illo
1094 1538 1201 1603 poterat
1220 1533 1408 1585 demonstrare
1425 1530 1560 1584 visibilem
1577 1528 1695 1599 aliquem
1711 1536 1823 1583 coetum
1836 1543 1926 1583 ueram

233 1624 345 1675 externo
368 1618 528 1672 duraturam
553 1633 642 1687 usque
667 1617 702 1670 sd
722 1617 818 1671 mundi
836 1617 932 1682 finem,
957 1617 1000 1672 vel
1020 1633 1067 1670 no·
1095 1626 1122 1673 ct
1139 1618 1271 1673 sinceram
1291 1617 1444 1671 doctrinam
1463 1615 1652 1687 propheticam
1668 1615 1781 1686 publice
1801 1612 1927 1686 profiten-

233 1710 316 1760 stram
335 1704 411 1761 brevi
430 1704 603 1768 abolendam,
622 1704 691 1759 hacc
712 1704 784 1759 euim
804 1720 867 1758 cum
885 1705 980 1759 fertura
995 1704 1067 1757 acin
1094 1710 1162 1767 tam,
1181 1703 1395 1775 haudquaquam
1414 1702 1510 1757 infami
1526 1708 1636 1774 poterat
1655 1702 1698 1757 vel
1719 1700 1852 1769 debebat,
1871 1700 1927 1755 nul·

232 1792 286 1847 Dei
314 1808 397 1845 manu
423 1792 514 1862 posita
538 1790 607 1860 sint,
635 1791 669 1845 de
694 1791 747 1845 illis
765 1790 833 1845 nihil
852 1792 920 1846 certi
938 1788 1069 1844 affirmari
1094 1791 1150 1845 lum
1169 1790 1279 1845 omnino
1300 1808 1394 1845 verum
1413 1788 1465 1843 Dei
1485 1790 1617 1845 cultorem
1637 1789 1665 1844 in
1678 1788 1757 1843 terris
1770 1804 1927 1859 superesse;

233 1885 332 1950 potest.
368 1878 501 1949 Disputat
515 1877 627 1949 quidem
644 1877 829 1933 Bellsrminus
847 1878 895 1933 lib.
907 1884 931 1933 3.
945 1878 979 1932 de
990 1876 1069 1931 Rom.
1094 1877 1134 1931 sic
1152 1878 1210 1947 pari
1230 1878 1335 1931 ratione
1353 1877 1375 1930 si
1394 1877 1437 1931 vel
1455 1876 1571 1931 maxime
1592 1893 1646 1931 nou
1659 1891 1803 1948 possemus
1820 1876 1926 1930 demon·

233 1971 309 2036 pont.
329 1982 352 2022 c.
377 1966 625 2021 taliamentum
642 1966 770 2029 futuram
787 1965 956 2017 Aretichristi
968 1966 1069 2027 sedem,
1095 1971 1182 2019 strare
1200 1964 1335 2018 visibilem
1355 1971 1383 2019 et
1400 1963 1578 2034 conspicuum
1598 1961 1717 2033 aliquem
1736 1966 1863 2026 coctum,
1883 1960 1925 2033 qui

233 2051 283 2107 sed
307 2052 360 2107 hac
379 2051 406 2105 in
425 2057 505 2123 parte
523 2051 558 2106 ab
577 2050 638 2106 aliis
657 2051 771 2106 Jesuitis
790 2050 843 2121 ipsi
864 2050 1069 2105 contradicitur.
1094 2057 1217 2121 tempore
1241 2057 1360 2121 papatus
1378 2051 1460 2121 longe
1478 2050 1588 2120 lateque
1606 2046 1771 2103 dominantis
1790 2064 1884 2103 arerem
1903 2052 1928 2103 ct

233 2136 337 2193 Bibere
358 2154 454 2193 comm.
481 2138 510 2192 in
531 2137 646 2207 Apocal.
671 2143 715 2193 lt:
742 2138 833 2191 ltoma
852 2138 958 2190 dieitur
976 2136 1069 2204 Baby-
1096 2138 1231 2192 sinceram
1261 2136 1413 2191 doctrinam
1442 2135 1622 2206 apostolicam
1651 2133 1763 2205 publice
1791 2134 1927 2204 professas

234 2224 296 2293 loa,
321 2226 389 2293 quia
408 2225 448 2277 ad
461 2224 547 2292 finem
565 2224 653 2277 seculi
668 2224 769 2287 satura
787 2232 827 2277 est
846 2224 964 2289 officina
982 2224 1071 2275 omma
1096 2223 1193 2288 fucrit,
1215 2223 1339 2277 nondum
1362 2228 1454 2276 tamen
1476 2239 1510 2276 cx
1529 2237 1561 2276 eo
1579 2220 1673 2274 interri
1692 2224 1804 2290 poterat
1824 2220 1868 2276 rel
1884 2219 1926 2275 de·

234 2308 427 2366 idololatriae.
449 2309 704 2379 Auglo-llemcnses
718 2309 746 2363 in
759 2310 847 2381 Apoc.
862 2328 888 2380 p.
905 2314 965 2363 175:
978 2310 1069 2362 Roma
1096 2311 1188 2373 bebat,
1206 2309 1310 2363 nullam
1323 2308 1441 2379 amplius
1454 2307 1481 2361 in
1494 2306 1595 2361 mundo
1609 2307 1784 2377 superstitem
1797 2305 1928 2361 mansisse

233 2398 289 2451 erit
305 2398 386 2450 sedes
407 2396 576 2449 antichristi.
612 2395 694 2466 Vegn
712 2395 740 2450 in
760 2413 784 2449 c.
805 2402 843 2453 16.
862 2396 963 2466 apoc:
989 2394 1071 2448 Illud
1096 2414 1188 2452 veram
1225 2396 1378 2451 ecclesiam.
1426 2400 1450 2450 2.
1480 2394 1613 2465 Exemplo
1644 2393 1767 2464 ejusdem
1798 2393 1929 2457 ecclesiae

233 2483 318 2537 ctiam
341 2481 420 2535 uobis
441 2482 591 2535 dicendam
609 2482 719 2535 cicietur
738 2500 770 2535 ex
788 2484 892 2551 Arete,
917 2482 1070 2548 Primusio,
1096 2493 1218 2554 ternpore
1237 2481 1338 2536 Christi
1357 2489 1385 2537 ct
1403 2482 1595 2553 apostolorum.
1631 2479 1794 2536 Sacerdotes
1814 2486 1843 2534 et
1861 2478 1928 2533 Pha·

233 2569 381 2637 Ausherto,
400 2568 553 2635 Haymouc,
574 2568 723 2621 nimbrosio
741 2567 909 2621 stulticiae
922 2568 991 2637 loco,
1008 2567 1068 2621 ido-
1096 2570 1176 2625 risaei
1196 2569 1290 2623 itidem
1306 2586 1323 2622 a
1340 2568 1449 2623 Christo
1468 2574 1496 2622 et
1509 2566 1639 2637 apostolis
1652 2567 1762 2638 exigere
1775 2565 1929 2637 potuissent

234 2655 379 2709 lolatriam
405 2656 483 2707 arrhis
503 2656 647 2707 Rosia-rme
665 2654 825 2722 significari
842 2656 1070 2724 desertorumque
1096 2656 1328 2712 continuationem
1356 2655 1443 2723 illius,
1473 2670 1555 2725 quam
1579 2652 1753 2725 proponebat
1781 2652 1928 2721 doctrinas,

235 2759 292 2796 esse
310 2744 428 2796 Rursum
454 2759 472 2793 a
484 2741 560 2810 fide,
583 2749 665 2808 utque
683 2741 755 2794 odeo
766 2741 901 2808 saturum
919 2758 977 2793 ease
994 2741 1070 2793 laabi-
1097 2760 1147 2814 per
1171 2741 1295 2813 singulas
1325 2742 1496 2811 superiorum
1523 2741 1676 2797 seculorum
1700 2738 1841 2794 centurias
1856 2739 1930 2794 velut

234 2829 366 2882 tutionem
385 2827 597 2880 ‹taenzonioram
617 2834 642 2879 ct
660 2825 1070 2895 criseisspiritnsimauernlioh
1098 2829 1185 2901 digito
1216 2827 1308 2884 indice
1337 2826 1388 2883 sibi
1420 2827 1607 2882 demonstrari.
1647 2826 1808 2881 Potuisscnt
1835 2826 1929 2881 eodem

230 2916 347 2985 stapitia
370 2912 619 2993 stlidololatriam,
645 2928 715 2981 quoe
734 2922 797 2966 tuac
816 2915 948 2983 temporis
967 2916 996 2967 ia
1013 2916 1069 2969 Ro·
1098 2915 1178 2970 modo
1200 2932 1261 2969 cum
1281 2914 1380 2967 nostris
1402 2913 1516 2968 Jcsuitis
1533 2912 1736 2985 argumentari:
1771 2916 1929 2985 Antequam

235 3019 321 3055 mana
339 3001 450 3055 ciuitate
468 3000 650 3067 Romanoque
667 2999 786 3069 imperio
809 3000 867 3053 luto
888 3001 1070 3068 praeuehitur.
1098 3003 1233 3070 Christus,
1251 2999 1391 3056 lohannes
1410 3000 1539 3070 Baptista
1559 3008 1586 3055 et
1604 2999 1721 3069 apostoli
1734 3016 1837 3053 norum
1851 3017 1928 3053 suum

237 3088 326 3160 Atqui
363 3088 387 3141 si
416 3086 505 3142 Roma
534 3086 586 3141 erit
611 3084 722 3139 officina
746 3085 917 3141 idololatriae
942 3094 970 3141 ct
992 3088 1070 3141 Anti·
1098 3088 1270 3160 evangelium
1289 3086 1388 3141 doecre
1406 3087 1571 3158 inciperent,
1597 3086 1673 3141 nulla
1696 3094 1755 3142 erat
1779 3087 1808 3140 in
1827 3086 1929 3143 mundo

238 3174 334 3232 christi
357 3174 450 3242 sedes,
482 3171 619 3244 quomodo
650 3174 685 3227 dc
714 3173 845 3227 diuturna
876 3190 908 3228 ac
938 3182 1072 3245 perpetua
1098 3176 1195 3247 religio
1216 3174 1271 3229 alia
1288 3180 1397 3245 praeter
1414 3173 1562 3228 «Iudaicam
1587 3181 1614 3228 et
1630 3190 1778 3245 paganam.
1816 3174 1931 3247 Pagana

238 3262 383 3319 duratione
398 3260 540 3315 Romanae
558 3258 688 3314 ccclesiae
705 3258 888 3314 Bellsrminus
908 3266 999 3313 certus
1013 3277 1072 3316 esse
1098 3270 1140 3318 cst
1163 3263 1245 3333 plane
1271 3262 1415 3318 diabolica.
1456 3260 1486 3316 Si
1511 3260 1630 3315 iudaice
1654 3259 1708 3314 tuit
1729 3261 1825 3317 multis
1844 3262 1931 3318 modis

236 3348 347 3421 potest?
738 3360 742 3367 ·
1099 3356 1229 3420 corrupta
1246 3354 1274 3402 ct
1292 3348 1456 3419 deprauata,
1474 3364 1644 3418 consequens
1662 3347 1753 3415 inerit,
1772 3354 1822 3402 aut
1839 3365 1931 3404 veram

110 3438 144 3530 ale
160 3449 198 3479 ee·
274 3440 330 3492 t'lti.
367 3434 524 3487 Membrana
548 3433 664 3485 tertiam.
705 3430 860 3501 Perpetuus
886 3438 928 3486 est
951 3430 1071 3487 Jesuita·
1099 3436 1182 3493 fidem
1200 3439 1228 3489 et
1247 3433 1389 3488 ecclesiam
1409 3434 1559 3503 interiisse,
1579 3440 1629 3488 ant
1648 3434 1830 3489 demonstrari
1850 3435 1932 3491 debet

110 3493 190 3583 iiiii.
236 3542 296 3578 rum
317 3536 487 3592 coccysmus,
506 3536 560 3572 non
581 3534 662 3588 posse
680 3535 697 3572 a
715 3517 794 3573 nohis
814 3518 1004 3586 demonstrari,
1024 3519 1072 3574 ubi
1099 3522 1184 3590 locris,
1203 3522 1233 3576 in
1252 3537 1306 3591 quo
1324 3520 1408 3574 luerit
1425 3527 1594 3576 conservata.
1633 3519 1774 3591 Quidquid
1793 3519 1932 3576 Pontificii

110 3594 198 3686 {¹3¹2ssss
235 3609 320 3665 fucrit
354 3607 468 3662 ecclesia
503 3612 568 3660 autc
599 3604 760 3659 Luthcrum.
806 3604 988 3660 Bellsrminus
1019 3607 1072 3661 hoc
1099 3607 1127 3661 iu
1145 3610 1197 3663 hoe
1215 3616 1376 3678 argumento
1393 3606 1543 3677 proferunt,
1561 3605 1591 3660 id
1608 3624 1687 3661 omne
1706 3623 1723 3661 a
1740 3607 1931 3663 sacerdotibus

110 3694 204 3747 8¹⁰r¹⁸¹¹
236 3695 298 3751 loco
321 3692 431 3748 scribit:
456 3690 613 3745 Lratberuai
629 3692 675 3743 ue'e
693 3691 756 3743 auti
772 3708 899 3744 arescere
918 3700 1073 3762 coeperant,
1100 3701 1128 3749 et
1155 3693 1311 3748 l'harisaeis
1340 3703 1435 3749 contra
1464 3691 1601 3747 Christum
1627 3700 1655 3747 et
1680 3694 1821 3763 apostolos
1840 3694 1931 3766 urgeri

110 3751 190 3798 ΡΜ
238 3782 330 3850 coepit
353 3781 425 3832 enim
442 3760 690 3847 Luttieri'reqmm
709 3795 782 3830 anan
803 3781 881 3832 1517.
900 3780 952 3831 sed
968 3780 1013 3831 rie
1032 3798 1072 3833 se·
1099 3782 1241 3853 potuisset.
1278 3778 1420 3851 Quidquid
1438 3796 1488 3849 pro
1502 3778 1610 3833 Christo
1630 3785 1656 3833 et
1675 3779 1809 3850 spostolis
1821 3797 1931 3853 respon·

236 3877 312 3939 ptem
340 3865 422 3918 anaia
442 3863 564 3932 pacifice
591 3863 726 3932 reposuit.
763 3863 898 3919 Pistorius
925 3864 954 3919 in
972 3865 1073 3939 hodcg.
1101 3871 1188 3937 detur,
1201 3867 1229 3921 id
1241 3882 1321 3921 omne
1335 3864 1485 3919 l’ontificiis
1495 3865 1654 3935 responderi
1666 3873 1766 3935 potest.
1793 3872 1818 3921 3.
1832 3864 1929 3931 Quem·

240 3972 264 4011 c.
283 3958 308 4007 4.
327 3952 363 4006 dc
380 3950 476 4006 eccles.
496 3954 625 4020 nugatur,
644 3958 768 4003 nostram
783 3950 927 4004 ecclesium
941 3953 1073 4008 salibara
1100 3954 1248 4009 admodum
1264 3952 1349 4023 igitur
1368 3952 1396 4006 in
1415 3952 1530 4007 ecclesia
1542 3951 1696 4006 Isra'elitica
1708 3970 1757 4024 per
1770 3962 1929 4023 corruptum

239 4046 304 4093 aare
328 4039 472 4092 exstitisse.
511 4036 622 4092 Lessius
645 4035 673 4089 in
694 4036 809 4090 consult.
827 4055 855 4108 p.
875 4043 916 4095 61.
937 4040 1072 4093 liuthero·
1100 4040 1279 4095 ministerium
1297 4038 1439 4110 publicum
1457 4038 1544 4111 geniti
1561 4040 1673 4093 fuerunt
1684 4039 1738 4094 Dei
1754 4038 1804 4094 filii
1816 4049 1844 4095 et
1857 4038 1930 4095 filiae

239 4144 305 4181 nam
337 4126 501 4193 relipioacm
528 4132 593 4177 aute
618 4142 722 4177 uanum
748 4126 826 4177 1517.
854 4143 910 4178 aron
932 4126 1073 4191 fuissem
1099 4127 1200 4182 Ezech.
1223 4133 1263 4196 iti,
1280 4145 1306 4180 v.
1325 4132 1366 4183 111.
1387 4126 1452 4181 licct
1470 4126 1498 4181 in
1518 4125 1659 4181 individuo
1676 4126 1739 4180 sciri
1759 4143 1814 4181 uon
1832 4133 1929 4199 posset.

239 4214 359 4280 mundo,
383 4210 553 4267 confidenter
573 4210 678 4266 asserit.
714 4208 936 4281 Respondemus:
962 4211 1073 4268 Confes·
1100 4217 1212 4288 quinam
1238 4212 1278 4268 illi
1296 4214 1412 4283 luerint,
1439 4214 1478 4267 ita
1497 4230 1605 4284 quoque
1625 4213 1677 4268 sub
1697 4222 1803 4283 papatu
1825 4230 1931 4270 conser-

241 4298 345 4354 sionem
361 4303 483 4352 nostram
502 4312 643 4352 asserere
661 4295 854 4367 apostolicam,
881 4296 933 4352 hoc
951 4303 994 4352 eat
1010 4315 1073 4353 con·
1101 4309 1166 4357 vata
1187 4300 1241 4355 fuit
1262 4317 1328 4355 vera
1348 4299 1476 4367 ecclesia,
1505 4299 1568 4353 licet
1586 4301 1614 4353 in
1631 4300 1773 4354 individuo
1793 4300 1857 4355 sciri
1878 4318 1931 4355 non

240 4402 340 4457 gruere
360 4401 422 4439 cum
442 4383 568 4438 doctrina
587 4384 772 4454 apostolorum
790 4382 940 4454 inscriptis
952 4384 1072 4456 ipsorum
1100 4395 1209 4460 posset,
1228 4386 1340 4459 quinam
1358 4385 1461 4440 fuerint
1479 4402 1545 4439 uera
1563 4386 1636 4439 illius
1656 4387 1787 4444 membra.
1825 4387 1897 4442 Nam
1914 4406 1932 4441 a

239 4478 376 4535 contenta,
396 4471 425 4525 in
444 4469 560 4541 singulis
578 4469 701 4523 articulis
722 4471 907 4526 demonstrare
926 4471 1017 4542 parati
1030 4491 1073 4526 su·
1099 4484 1196 4531 mostra
1216 4472 1391 4545 iquoratione
1412 4472 1453 4524 ed
1468 4473 1511 4523 rei
1527 4474 1617 4541 ipsius
1635 4475 1817 4544 uacationem,
1837 4475 1932 4530 itcme

238 4574 307 4614 mus.
352 4558 444 4621 Quare
475 4572 539 4610 cum
570 4560 665 4609 nostra
694 4555 808 4610 ecclesia
836 4559 1072 4625 consorsquim'tute
1100 4562 1246 4633 nepotiane
1263 4567 1390 4613 cateruae
1409 4558 1593 4627 oppmeua‘ue
1612 4562 1651 4613 ud
1663 4561 1931 4630 nepatioaemipsiur

240 4645 386 4701 doctrinae
415 4642 569 4713 primitivae
595 4641 764 4712 apostolicae
791 4642 924 4698 ecclesiae
948 4644 985 4697 sit
1011 4661 1073 4699 con·
1101 4648 1236 4703 essentiae
1254 4662 1309 4699 non
1328 4649 1420 4714 potest
1438 4643 1560 4715 legitime
1579 4652 1608 4699 et
1628 4644 1777 4700 efficaciter
1795 4647 1930 4703 concludi.

236 4733 343 4804 junci&
364 4747 420 4785 non
439 4734 531 4801 1101681
548 4727 678 4782 Πθῗῖῑῦῒῑθ
696 4728 809 4783 crimine
827 4730 946 4799 gravam
982 4728 1073 4794 Quod·
1100 4736 1285 4792 Conseruntur
1307 4729 1429 4783 triticam
1454 4732 1482 4784 ia
1502 4733 1613 4802 patetis,
1638 4732 1704 4787 licet
1726 4749 1782 4787 non
1800 4740 1931 4806 appareat

239 4819 263 4873 si
290 4824 440 4891 quaeratur
466 4817 500 4870 de
528 4814 732 4870 continuatione
761 4815 835 4869 illius
866 4814 1005 4871 doctrinae
1024 4835 1073 4889 per
1100 4821 1232 4888 exterius,
1251 4818 1320 4872 latet
1338 4834 1429 4870 semen-
1449 4820 1478 4871 e'n
1499 4836 1577 4887 apro,
1595 4818 1661 4873 licet
1679 4818 1787 4874 ostendi
1804 4827 1930 4892 nequeat,

241 4904 365 4976 singulas
384 4920 518 4958 annorum
536 4901 673 4956 centurias
693 4902 728 4956 ah
747 4902 933 4973 apostolorum
950 4910 1073 4976 tempore
1099 4906 1200 4981 quain
1219 4910 1298 4976 parte
1319 4902 1379 4975 agri
1397 4903 1521 4977 abditum
1539 4904 1590 4974 sit3
1619 4905 1729 4970 hortus,
1759 4906 1807 4977 qui
1826 4908 1932 4961 ridetur

239 5008 327 5065 usque
345 4991 382 5045 ad
400 4989 563 5057 Luthcrum,
582 4988 787 5059 respondemus,
805 5006 859 5043 non
878 5006 937 5045 esse
952 4990 1073 5059 praecise
1085 5032 1088 5069 :
1099 4993 1209 5067 penitus
1233 4992 1371 5047 exaruisse
1393 5008 1425 5045 ac
1450 4991 1573 5045 sentibus
1598 5000 1626 5046 ct
1650 4992 1779 5062 vepribus
1798 4994 1931 5048 obductus

241 5085 270 5133 et
296 5076 422 5133 absolute
435 5056 629 5132 hecessarium
653 5074 690 5129 ad
714 5074 908 5131 declinandam
934 5076 1158 5155 religionis}est,
1183 5079 1212 5135 in
1235 5078 1401 5152 quibusdam
1425 5086 1516 5133 tamen
1542 5078 1640 5133 arcolis
1659 5081 1759 5133 herbas
1776 5080 1880 5135 uirides
1899 5097 1931 5133 ac

242 5171 270 5221 st
295 5165 426 5220 ecclesiae
450 5171 559 5218 nostrae
583 5162 735 5216 novitatem
758 5163 919 5233 scrupulose
938 5162 1240 5277 inquirereqsalntares
1265 5166 1382 5220 retinere
1406 5170 1506 5235 potest.
1542 5163 1586 5219 lta
1609 5182 1717 5237 quoque
1744 5167 1865 5221 servavit
1881 5164 1932 5219 sibi

242 5258 271 5307 et
288 5251 430 5322 sigillatim
448 5252 648 5315 demonstrare,
675 5252 813 5322 quomodo
832 5250 881 5305 illa
897 5251 1015 5323 singulis
1033 5269 1074 5307 se·
1100 5254 1177 5310 Deus
1197 5270 1288 5307 semea
1305 5260 1430 5305 sanctum
1449 5260 1474 5305 et
1491 5252 1626 5321 reliquias
1644 5254 1780 5322 quaestam
1798 5253 1851 5308 sub
1870 5252 1932 5307 den·

243 5338 312 5393 culis
338 5344 500 5393 conservata
525 5342 553 5393 et
571 5344 724 5409 propagata
747 5335 844 5404 fuerit,
881 5336 930 5392 sed
954 5337 1020 5407 quia
1043 5338 1213 5421 exlsissimis
1239 5348 1358 5410 papatus
1379 5336 1515 5405 tenebris,
1541 5337 1606 5393 licet
1624 5355 1641 5392 a
1657 5338 1738 5394 nobis
1755 5339 1863 5394 ostendi
1880 5356 1932 5394 non

244 5422 393 5494 Scripturis
419 5425 503 5478 sacris
530 5424 718 5478 demonstrare
735 5439 896 5494 possumus,
923 5422 999 5477 illam
1018 5426 1196 5498 cssslpossit,
1214 5426 1263 5481 ubi
1280 5425 1469 5480 terrarnmvcl
1487 5424 1608 5479 locorum
1622 5425 1689 5480 illud
1705 5434 1830 5481 sanctum
1843 5442 1932 5482 semea

242 5524 336 5565 reram
354 5508 548 5580 orthodoxam,
572 5511 735 5565 catholicam
755 5517 783 5564 et
802 5508 996 5580 apostolicam,
1013 5510 1075 5565 ideo
1089 5538 1091 5567 ι
1104 5510 1253 5568 delituerit.
1288 5509 1351 5567 Esa
1378 5519 1404 5577 1,
1430 5531 1456 5569 v.
1480 5516 1504 5568 8.
1535 5528 1559 5567 c.
1586 5518 1616 5581 6,
1641 5530 1668 5570 v.
1696 5520 1734 5570 13.
1769 5510 1890 5586 Zephan.
1909 5517 1932 5578 3,
