4004 6022
759 308 811 366 nn
829 309 953 368 saona
968 308 1105 370 conus
1542 370 1546 376 ,
1726 322 1782 385 131

103 464 150 538 pit,
181 463 325 520 benedixit
353 479 388 519 ac
414 462 506 517 statim
533 462 675 535 discipulis
701 464 926 520 manducandum
954 465 1079 522 Christrss
1104 467 1225 523 instituit
1243 468 1379 525 duntaxat
1396 468 1631 542 benedictionem,
1655 471 1787 529 distribu-

101 551 187 622 dsdit,
216 566 393 623 nequaquam
423 568 488 606 vero
517 551 639 623 reposuit
661 550 705 607 vel
738 552 926 623 reponendum
953 554 1055 609 tionem
1084 560 1113 610 et
1137 556 1318 625 curationem,
1343 574 1393 626 per
1418 556 1613 628 repositionem
1645 559 1720 614 adad
1752 576 1786 616 ae

99 639 180 705 dedit,
199 637 248 695 sed
267 637 295 692 in
307 637 368 709 ipsa
383 635 577 693 distributione
590 638 671 693 dixit:
692 639 832 709 Accipite,
849 656 927 692 man·
954 639 1017 710 plus
1035 640 1075 704 iit,
1094 658 1176 712 quam
1195 640 1320 696 Christus
1338 641 1466 696 instituit.
1501 642 1547 697 An
1565 649 1679 715 propter
1690 662 1785 718 aegro·

99 729 209 791 emme,
237 726 289 780 icc
313 733 353 780 ert
376 743 482 796 corpus
504 744 605 796 meum,
630 742 683 780 nec
701 743 779 780 mora
796 725 928 797 temporis
954 733 997 781 tos
1018 727 1174 783 necessaria
1196 728 1234 782 sit
1252 728 1332 800 panis
1352 729 1505 785 consecrati
1520 730 1659 801 repositio,
1679 732 1785 788 ridebi-

97 813 204 886 longior
232 812 306 867 inter
335 812 569 867 consecrationem
594 818 623 867 et
652 811 871 867 distributionem
900 817 929 866 et
954 830 1014 867 mus
1032 830 1081 870 suo
1099 815 1167 870 loco.
1199 813 1348 878 Quiarero
1367 814 1397 869 in
1416 815 1539 871 ecclesiis
1555 815 1782 874 Pontificiisdnis

97 899 338 955 manducationem
362 899 532 970 intercessit,
560 899 607 954 sed
629 899 862 955 consecrationem
878 898 928 952 im·
954 900 1167 956 consecrationis
1191 906 1219 956 et
1244 901 1419 972 repositionis
1440 921 1495 957 non
1519 919 1627 974 semper
1650 908 1692 958 est
1709 920 1785 960 man-

96 986 214 1042 mediate
233 990 330 1041 menta
348 993 391 1041 est
407 985 579 1056 distributio,
607 985 829 1042 distributionem
851 1003 927 1040 man·
954 986 1075 1053 ducatio,
1093 987 1155 1044 ideo
1176 987 1255 1042 addit
1268 987 1450 1044 Bellarminus
1468 994 1493 1046 t.
1516 989 1552 1043 Si
1570 990 1633 1059 mais
1646 990 1785 1059 lepitimus

97 1072 216 1129 ducatio.
252 1071 345 1137 Quare
368 1071 392 1125 si
411 1075 492 1143 juxta
510 1071 612 1128 Christi
631 1072 831 1127 institutionem
849 1087 928 1127 anm-a
954 1077 1088 1129 scandas
1108 1075 1239 1129 eccistam
1257 1074 1454 1130 metaridiam
1472 1072 1657 1145 consecraret,
1678 1076 1714 1129 iis
1727 1094 1784 1131 ser-

97 1174 183 1215 eoena
207 1157 426 1213 administranda
450 1162 508 1226 est,
539 1157 614 1230 qued
636 1157 697 1212 fieri
723 1157 822 1213 debere
847 1174 928 1212 nemo
954 1160 1041 1223 cada,
1068 1177 1140 1230 quae
1165 1162 1207 1214 ad
1230 1163 1402 1215 samamenti
1426 1163 1573 1216 essentiam
1595 1163 1786 1234 requiruntur,

97 1245 203 1300 inficias
220 1244 261 1300 ire
278 1245 389 1316 poterit,
408 1245 506 1317 ntique
524 1244 757 1300 consecrationem
769 1244 928 1299 immediate
953 1264 1009 1300 non
1036 1254 1128 1300 tamen
1149 1246 1180 1300 in
1204 1247 1303 1300 ordinm
1330 1248 1372 1300 ad
1396 1248 1651 1313 manducationem,
1677 1249 1728 1301 sed
1746 1249 1788 1303 ad
1811 1316 1814 1321 Δ

97 1332 181 1388 debet
201 1331 281 1403 sequi
303 1330 475 1400 distributio,
500 1329 723 1385 distributionem
742 1329 926 1387 manducatio.
954 1333 1076 1403 mamad
1112 1334 1201 1388 atium
1230 1338 1332 1404 finem,
1366 1336 1392 1388 is
1426 1336 1539 1406 quidem
1565 1336 1637 1390 mate
1662 1336 1786 1404 sacerd,

10 1421 84 1514 *usgif
97 1417 282 1474 Bellarminus
308 1417 355 1473 lib.
374 1423 398 1473 t.
417 1417 453 1473 de
471 1417 582 1474 eucher.
602 1434 626 1472 c.
647 1422 669 1471 ².
690 1412 715 1491 ξ.
734 1432 766 1471 ex
784 1415 826 1470 his
846 1416 926 1472 solvi·
954 1427 1046 1474 tamen
1068 1437 1163 1474 uerum
1184 1427 1388 1474 armamentum
1412 1423 1560 1490 conficeret
1584 1428 1610 1475 et
1623 1436 1785 1491 parauera-

10 1485 154 1575 Μία,
184 1504 336 1575 respondet
363 1503 523 1575 dupliciter:
558 1503 652 1558 Primo
681 1503 823 1574 negando,
852 1502 927 1574 quod
954 1514 996 1559 ret
1021 1515 1226 1561 sacramentum
1248 1507 1494 1578 detractando
1510 1508 1615 1578 species
1634 1507 1704 1562 illae
1718 1524 1785 1578 per·

95 1590 245 1648 mservatio
263 1590 292 1644 in
309 1589 426 1661 pyxide,
443 1589 562 1661 gestatio
581 1594 609 1644 et
627 1587 751 1644 adoratio
769 1588 826 1643 ullo
845 1587 926 1643 modo
953 1601 1119 1650 reserarent.
1162 1594 1249 1648 Ratio
1268 1601 1323 1662 est,
1351 1595 1419 1665 quia
1437 1594 1574 1648 institutio
1595 1595 1715 1648 Domini
1729 1613 1786 1650 noa

93 1681 250 1750 repugnent
263 1676 373 1731 divinae
391 1674 566 1732 lnsfiillilonl.
594 1675 734 1728 Dominus
752 1674 825 1727 ent'm
838 1674 926 1743 jttaet't
953 1679 1145 1748 complectitur
1159 1679 1248 1733 nolum
1268 1680 1416 1734 apamiam
1436 1681 1608 1734 sacramenti
1622 1680 1715 1751 hujus,
1735 1680 1787 1734 aad

89 1781 194 1836 panem
214 1763 341 1817 modici
359 1770 385 1815 et
403 1762 586 1827 manducari,
611 1762 663 1831 ped
680 1779 737 1815 non
754 1761 841 1829 jussit
863 1778 924 1813 con·
952 1767 1038 1820 etiam
1061 1767 1232 1820 sacramenti
1258 1784 1344 1820 usum.
1380 1765 1547 1821 Benedictio
1565 1767 1638 1821 enim
1656 1783 1705 1821 sess
1723 1784 1786 1823 con·

94 1852 169 1907 tiauo
194 1858 262 1922 post
295 1848 512 1903 benedictionem
541 1848 723 1916 mmsducari,
755 1847 925 1917 praesertin
952 1852 1133 1913 amradoad
1149 1859 1353 1906 sacramentum
1365 1853 1537 1921 faciendum
1550 1854 1702 1922 pertinent,
1726 1853 1784 1907 dis·

94 1947 177 1995 totum
196 1944 222 1992 et
238 1938 274 1990 ab
292 1936 426 2003 omnibus,
444 1937 517 1988 unde
533 1951 589 1987 non
607 1941 746 2004 rspupnas
757 1933 927 1987 institutioni
952 1939 1065 1993 tributio
1091 1946 1117 1992 et
1140 1938 1321 1993 manducatio
1343 1939 1385 1991 ad
1407 1956 1496 1994 usum
1536 1939 1631 1993 Porro
1657 1956 1704 1993 rea
1728 1956 1784 1995 non

94 2025 196 2081 ditatio
221 2022 460 2092 manducationis,
484 2023 567 2075 modo
590 2023 632 2074 ad
655 2037 717 2074 eum
739 2021 822 2084 finem
847 2020 923 2074 bene·
947 2027 1053 2097 pendet
1077 2027 1172 2095 msoad
1198 2041 1255 2079 esse
1284 2042 1363 2078 suum
1388 2026 1507 2078 abusu.
1563 2025 1642 2080 Siesst
1666 2042 1733 2095 erpo
1759 2026 1787 2080 si
1811 2072 1814 2077 .

95 2113 179 2167 decdo
207 2126 257 2164 seu
282 2108 455 2164 consecratio
483 2109 637 2163 ordinetur.
674 2108 764 2176 Atqui
783 2107 835 2160 boc
852 2107 925 2172 facit
952 2115 1012 2183 quis
1028 2112 1123 2178 faciat
1140 2114 1233 2166 sedem
1251 2112 1332 2183 cujus
1348 2113 1470 2165 sedendo
1487 2129 1554 2166 usus
1572 2119 1627 2177 sat,
1651 2120 1677 2166 et
1694 2120 1786 2166 tamen

95 2200 222 2264 ecekn'a,
241 2213 348 2266 semper
365 2197 437 2249 enim
455 2203 598 2250 remearat
614 2194 812 2249 murenam
832 2194 863 2246 in
881 2211 925 2248 or·
950 2217 1029 2253 nemo
1047 2216 1170 2268 aemam
1188 2198 1228 2251 ibi
1242 2200 1351 2267 sedeat,
1369 2215 1425 2251 non
1439 2205 1593 2268 propterea
1612 2199 1715 2252 desinit
1728 2215 1786 2254 esse

95 2288 160 2341 dine
188 2288 230 2340 ad
255 2284 512 2352 manducationem,
542 2283 594 2336 sed
624 2288 769 2336 mercat
797 2281 924 2350 aliorsum
951 2288 1046 2352 ardes,
1069 2286 1123 2339 imo
1150 2285 1234 2337 etiam
1257 2284 1284 2337 si
1309 2285 1371 2354 quas
1395 2284 1489 2348 faciat
1514 2286 1608 2339 sedem
1626 2302 1683 2338 non
1699 2293 1731 2338 ut
1746 2285 1787 2338 ibi

93 2380 203 2446 partem
219 2369 403 2439 sacramenti,
420 2387 475 2423 non
493 2376 596 2423 utnon
616 2369 811 2436 manducetur,
829 2367 881 2420 sed
896 2375 926 2418 ut
951 2373 1098 2440 sedeatur,
1122 2373 1174 2423 sed
1197 2377 1229 2424 ut
1254 2369 1283 2423 in
1309 2369 1467 2440 spectaculo
1489 2369 1665 2434 saisientur,
1692 2371 1785 2426 wisse

96 2467 216 2530 tempore
234 2465 391 2528 opportuno
410 2457 601 2522 manducetur,
619 2453 751 2507 nimirum
768 2461 799 2506 ut
812 2454 925 2518 desera-
952 2457 1004 2510 erit
1021 2456 1167 2511 unissima
1184 2458 1285 2521 sedes;
1300 2457 1342 2509 sic
1359 2457 1444 2509 etiam
1460 2461 1670 2510 sacrosanctum
1687 2473 1784 2510 acma-

24 2547 140 2600 imin
157 2547 199 2600 ad
216 2552 359 2614 accretas,
378 2543 597 2613 quandocunque
614 2555 725 2593 necem
734 2538 836 2606 fiserit.
874 2539 925 2594 Re·
952 2552 1070 2598 mentum
1095 2561 1152 2597 non
1179 2542 1282 2597 desinit
1305 2559 1364 2596 esse
1380 2549 1601 2612 undamentum,
1624 2541 1689 2595 licet
1705 2558 1784 2596 nemo

97 2633 273 2708 spondemus:
288 2626 850 2703 quaecunqueChristnsinprimasacrae
864 2643 925 2682 coe-
952 2631 1003 2685 silo
1020 2638 1117 2684 utatur
1134 2629 1230 2693 adid,
1247 2630 1289 2682 ad
1307 2631 1384 2699 qrsod
1403 2637 1444 2683 eat
1462 2629 1625 2685 institutm
1661 2627 1784 2699 Respon-
1825 2674 1828 2679 .

97 2738 146 2777 nae
165 2718 402 2775 administratione
418 2714 577 2771 immediato
590 2719 618 2770 et
628 2713 767 2768 indivulso
779 2729 850 2769 nexu
863 2729 925 2768 aon·
952 2717 1061 2773 demus:
1088 2717 1310 2772 Fundamentum
1334 2715 1419 2788 liujus
1442 2715 1611 2785 exceptionis
1635 2720 1678 2770 est
1696 2720 1785 2770 tram·

95 2807 195 2881 junxit,
223 2821 256 2860 ea
282 2810 310 2859 et
328 2820 379 2857 nos
399 2803 427 2857 in
447 2800 684 2856 administratione
703 2815 805 2856 coenae
822 2816 925 2872 nequa·
952 2803 1158 2872 substantiatis,
1182 2820 1265 2875 quam
1286 2802 1397 2876 tingunt
1419 2802 1479 2857 fieri
1503 2802 1530 2856 ri
1548 2802 1708 2871 verborum,
1734 2804 1785 2858 icc

97 2911 176 2968 quam
193 2892 324 2965 temporis
340 2897 432 2947 tractu
453 2904 627 2961 separemus,
653 2887 702 2944 aad
725 2889 926 2960 conjungamus
952 2899 992 2944 est
1008 2891 1081 2946 enim
1099 2907 1201 2960 corpus
1218 2907 1319 2957 meum,
1340 2905 1357 2945 a
1375 2889 1516 2944 sacerdote
1534 2887 1719 2945 characterem
1736 2891 1784 2948 ha·
1879 2896 1909 2953 ’.,

97 2976 683 3055 propterevideusmandatumiocfacite.
712 2975 926 3048 iitlllequidem
951 2979 1034 3034 bento
1062 2976 1247 3048 prolatorum,
1279 2975 1326 3047 qui
1358 2992 1392 3030 ex
1424 2991 1496 3046 pane
1527 2973 1657 3031 conficiat
1685 2992 1784 3046 corpus

96 3069 230 3126 hnmanae
256 3069 334 3140 leges
361 3067 536 3138 permittunt,
566 3069 599 3118 ut
625 3068 822 3118 testamentum
846 3061 928 3118 aliter
952 3063 1069 3131 Christi,
1089 3064 1161 3118 sieut
1179 3061 1337 3117 scriniarius
1356 3079 1389 3117 ex
1407 3060 1484 3134 ligno
1504 3061 1617 3118 conficit
1634 3060 1734 3130 sedile,
1760 3063 1784 3118 si

98 3174 178 3230 qnam
190 3154 321 3212 condano
333 3160 397 3210 actu
407 3150 569 3208 conficiatur
579 3151 597 3204 l.
609 3149 726 3205 heredes
741 3152 765 3218 p.
778 3147 825 3204 tin.
837 3148 866 3203 ff.
878 3151 925 3221 qui
951 3151 995 3206 vel
1017 3150 1135 3205 maxime
1152 3165 1208 3203 non
1225 3147 1275 3202 fiat
1292 3148 1336 3217 id,
1359 3148 1434 3219 qnod
1452 3147 1575 3203 christus
1594 3147 1654 3201 fieri
1671 3161 1784 3217 praece·

98 3250 203 3301 mtam.
225 3241 318 3297 facere
341 3244 466 3311 possunt,
489 3238 509 3292 l.
535 3238 588 3292 hac
611 3235 814 3291 consultissima
838 3233 867 3290 0.
892 3235 927 3291 de
952 3237 1001 3309 pit
1044 3235 1101 3291 Nos
1126 3238 1219 3290 autem
1242 3251 1276 3289 cx
1298 3233 1390 3287 verbis
1411 3232 1592 3288 institutionis
1620 3231 1785 3302 colligimus,

97 3338 202 3389 testam
227 3330 246 3385 l.
271 3345 334 3385 cum
359 3325 508 3398 antiquitas
534 3325 593 3381 eod.
621 3340 713 3378 annon
732 3323 819 3377 multo
838 3322 927 3394 magis
952 3321 1098 3378 essentiam
1124 3336 1220 3375 sacrae
1241 3334 1359 3384 coenae,
1388 3319 1429 3373 nti
1452 3318 1536 3374 etiam
1559 3317 1675 3372 aliorum
1694 3332 1785 3371 saera
1817 3338 1820 3351 ·

97 3419 123 3475 in
145 3417 244 3473 divinis
269 3415 352 3472 rebus
375 3413 404 3468 id
428 3411 649 3479 observabimus,
671 3415 704 3465 ut
726 3411 809 3481 juxta
825 3408 926 3464 Christi
952 3414 1115 3469 mentorum,
1134 3406 1162 3460 in
1180 3405 1289 3461 acfione
1306 3405 1464 3470 consistere,
1481 3402 1598 3476 proinde
1616 3402 1664 3458 ubi
1683 3401 1785 3456 omitti·

97 3503 294 3561 institutionem
328 3508 357 3556 et
386 3499 541 3569 exemplum
568 3497 699 3552 condnuo
726 3502 791 3550 notu
817 3513 927 3551 sacrum
952 3501 998 3549 tur
1020 3494 1092 3548 actio
1115 3507 1133 3547 a
1156 3491 1266 3548 Christo
1289 3490 1430 3559 instituta,
1454 3490 1493 3545 ibi
1516 3505 1571 3544 non
1591 3490 1677 3545 habet
1692 3489 1785 3545 locum

97 3592 164 3647 illud
186 3594 382 3647 testamentum
405 3585 575 3652 celebretur,
605 3583 752 3654 omniaque
777 3582 873 3636 ordine
894 3598 927 3636 as
953 3595 1032 3634 sacra
1050 3594 1143 3633 coena.
1180 3577 1306 3635 Christus
1325 3576 1474 3638 benedixit,
1493 3575 1687 3630 distribuitur
1706 3575 1785 3645 dixit,

98 3679 225 3735 decenter
252 3671 482 3747 peragantur*
527 3670 614 3741 Atqui
635 3667 761 3724 Christus
785 3668 814 3722 in
838 3667 928 3739 prima
953 3667 1004 3720 isac
1026 3666 1123 3730 facite.
1165 3664 1241 3736 Ergo
1263 3664 1286 3718 si
1306 3663 1433 3725 volumus
1453 3663 1536 3732 juxta
1556 3660 1659 3716 Christi
1676 3661 1786 3716 institu-

97 3783 118 3823 s.
150 3781 238 3821 coena
272 3758 509 3816 administratione
540 3755 700 3811 immediato
731 3759 760 3810 et
789 3754 927 3810 indivulso
952 3753 1054 3807 tionem
1087 3750 1279 3805 administrare
1304 3766 1433 3817 coenam,
1458 3748 1590 3804 debemus
1617 3747 1669 3802 hoc
1694 3747 1786 3818 ipsum

97 3868 168 3907 nexu
187 3848 329 3922 conjunxit
347 3845 582 3902 consecrationem
604 3849 632 3898 et
650 3841 871 3897 distributionem
890 3841 926 3896 ad
951 3837 1058 3904 meere,
1083 3835 1156 3908 quod
1177 3835 1304 3891 Christus
1323 3835 1406 3903 iecit,
1433 3834 1563 3889 videlicet
1581 3839 1695 3890 externa
1712 3851 1786 3904 sym-

98 3941 190 4010 ιῆψιν,
215 3937 291 4010 Ergo
310 3943 338 3992 et
355 3951 406 3990 nos
424 3934 453 3988 in
465 3929 702 3987 administratione
715 3944 818 3984 coenae
831 3929 926 3984 eadem
952 3923 1018 3979 bola
1043 3938 1203 3978 conaemare
1228 3928 1256 3978 at
1278 3923 1314 3975 ad
1340 3921 1564 3976 manducandum
1583 3936 1616 3974 ac
1632 3920 1784 3975 bibendum

97 4029 264 4098 conjungere
283 4009 413 4094 oportet,
429 4019 510 4074 modo
527 4016 644 4072 velimus
663 4014 778 4087 obsequi
796 4013 927 4068 mandato
954 4009 1125 4065 distribuere.
1168 4008 1331 4080 Repetends
1354 4007 1486 4064 hocloco
1504 4011 1667 4079 argumenta
1684 4007 1784 4072 omnia,

96 4113 194 4186 ipsius,
224 4111 275 4164 too
298 4109 401 4178 facite.
445 4107 535 4160 Actus
562 4100 774 4159 sacramentales
798 4107 863 4155 snnt
886 4100 927 4155 in·
953 4098 1052 4170 quibus
1073 4112 1123 4151 suo
1143 4096 1203 4151 loco
1220 4095 1360 4162 evicimus,
1380 4098 1611 4148 sacramentorum
1624 4109 1784 4164 genusesse

97 4200 184 4254 ricem
207 4193 392 4264 subordinati,
418 4200 450 4248 ut
472 4191 548 4263 prior
570 4194 730 4261 sequentem
751 4185 881 4257 respiciat
900 4193 928 4242 et
953 4186 1103 4253 actionem,
1134 4199 1166 4236 ac
1194 4181 1310 4252 proinde
1340 4181 1485 4236 essentiam
1509 4196 1602 4235 eorum
1623 4178 1653 4234 in
1675 4179 1784 4236 actione

62 4343 63 4346 ,
97 4300 214 4358 mouens
238 4300 271 4339 ex
294 4283 385 4353 priore
411 4277 574 4350 dependeat.
615 4273 792 4330 Consecratio
816 4271 928 4343 respicit
952 4271 1110 4326 consistere.
1153 4266 1245 4332 Quare
1273 4267 1322 4321 nbi
1349 4274 1439 4322 cesmt
1467 4267 1540 4322 actio
1567 4265 1783 4332 sacramentalis,

97 4368 326 4431 distributionem,
345 4366 408 4421 ideo
427 4366 500 4421 enim
521 4362 600 4435 panis
619 4365 804 4427 consecratur,
821 4364 854 4412 ut
872 4357 926 4410 dis·
953 4356 992 4410 ibi
1010 4355 1110 4411 desinit
1129 4370 1189 4410 esse
1208 4359 1417 4410 sacramentum.
1453 4352 1612 4410 Notandum
1632 4368 1697 4406 vero
1708 4350 1783 4422 quod
1809 4353 1813 4359 ’

96 4458 249 4526 tribuatur;
287 4453 445 4508 distributio
480 4449 594 4522 respicit
623 4446 865 4502 manducationem
898 4446 926 4497 et
952 4443 1055 4513 duplex
1080 4442 1116 4496 sit
1140 4441 1303 4495 sacramenti
1329 4457 1409 4507 usus,
1434 4439 1641 4494 sacramentalis
1659 4446 1687 4492 et
1704 4437 1882 4507 spiri-mn

95 4543 266 4605 bibitionem,
284 4540 347 4594 ideo
365 4538 436 4592 enim
457 4536 630 4592 distribuitur
647 4533 727 4605 panis
740 4534 925 4598 consecratus,
950 4528 1042 4583 tuabs.
1078 4526 1152 4584 Usus
1171 4526 1379 4581 sacramentalis
1398 4526 1434 4582 ad
1452 4525 1613 4588 meantium,
1633 4523 1783 4596 spiritualis

94 4637 125 4686 ut
152 4627 346 4690 manducetur,
382 4625 475 4678 vinum
505 4627 711 4688 consecratum,
744 4625 777 4672 ut
804 4616 924 4672 bibatur.
951 4615 987 4669 ad
1012 4614 1096 4669 finem
1120 4619 1148 4668 et
1171 4612 1292 4669 fructum
1320 4614 1486 4668 sacramenti
1504 4613 1633 4684 pertinet.
1668 4611 1712 4666 De
1731 4626 1784 4666 usu

94 4718 206 4789 Pugnat
223 4714 309 4786 igitur
325 4728 388 4766 eum
402 4710 575 4765 institutione
584 4706 731 4763 Dominica
749 4708 778 4760 et
794 4702 924 4758 essentia·
951 4701 1089 4771 spirituali
1109 4705 1184 4755 recte
1205 4699 1315 4768 dicitnr,
1334 4699 1408 4772 quod
1429 4715 1490 4754 esse
1509 4698 1674 4753 sacramenti
1693 4697 1729 4752 ab
1749 4712 1782 4752 eo

94 4804 148 4860 lem
173 4808 285 4857 actuum
311 4795 551 4852 sacramentalium
570 4792 824 4848 subordinationem
844 4786 924 4856 tollit,
951 4786 1062 4841 minime
1080 4786 1213 4857 pendeat3
1231 4785 1279 4840 sed
1299 4785 1334 4839 de
1351 4802 1404 4839 usn
1424 4785 1614 4840 sacramentali
1629 4783 1657 4838 id
1670 4783 1783 4838 minime

95 4891 117 4946 si
135 4895 214 4945 actus
232 4885 288 4954 illi,
305 4900 373 4958 quos
389 4881 513 4937 Christus
535 4878 693 4934 immediate
711 4876 864 4948 conjunxit,
882 4873 924 4927 di·
950 4871 1064 4928 concedi
1076 4878 1176 4942 potest,
1192 4887 1255 4925 cum
1268 4871 1382 4926 verbum
1394 4871 1574 4926 institutionis
1586 4870 1621 4924 ad
1636 4870 1783 4926 essentiam

93 4976 229 5033 vellantur
263 4988 296 5026 ac
333 4975 503 5040 separentur.
553 4964 594 5018 Ex
622 4963 714 5020 verbis
742 4958 924 5018 institutionis
950 4958 1116 5015 sacramenti
1139 4957 1308 5030 requiratur,
1333 4973 1405 5028 quae
1428 4958 1521 5013 omnia
1545 4972 1577 5011 ex
1603 4955 1782 5027 sequentibus

94 5077 171 5119 saara
194 5074 281 5114 coena
307 5056 346 5111 sio
373 5053 516 5119 definitur,
543 5049 617 5122 quod
641 5049 677 5103 sit
694 5049 767 5103 actio
788 5063 868 5103 sacra
887 5045 924 5100 ab
937 5070 939 5105 3
951 5049 1032 5101 erunt
1049 5043 1174 5098 clarima

93 5149 152 5222 ipso
176 5145 286 5203 Christo
308 5141 450 5208 instituta,
481 5139 509 5192 in
537 5151 593 5209 qua
615 5134 756 5189 mediante
777 5117 940 5199 benedictol
989 5136 1044 5187 let.
1080 5129 1252 5201 Repositioni
1279 5134 1304 5185 t.
1329 5129 1506 5199 opponimus,
1545 5126 1619 5196 qnod
1646 5130 1915 5198 repugnaturum

93 5251 164 5308 pane
195 5248 295 5302 corpus
323 5235 350 5284 et
381 5227 520 5282 mediante
550 5221 696 5277 benedicto
718 5219 783 5273 rino
811 5209 1075 5291 maguislexemplo
1104 5213 1300 5286 apostolorum.
1345 5214 1392 5268 Illi
1417 5213 1490 5268 enim
1515 5229 1616 5282 panem
1639 5229 1781 5269 conseera-
1795 5205 1910 5287 ξξοῗοζξζ

93 5321 195 5378 Christi
219 5317 400 5388 accipiuntur.
431 5312 519 5384 Atqui
537 5307 742 5380 repositiones
760 5310 803 5359 est
820 5305 892 5360 actio
907 5276 1008 5361 altum
1027 5319 1045 5358 a
1063 5301 1172 5357 Christo
1191 5306 1336 5371 acceptum
1354 5316 1410 5354 non
1428 5298 1614 5368 recluserunt,
1639 5307 1687 5355 aut
1703 5315 1781 5369 repo·
1795 5299 1907 5348 arsapio.

94 5408 203 5465 Ombis
220 5405 355 5471 instituta,
375 5418 426 5457 nec
442 5400 599 5456 contuetur
611 5395 641 5450 in
653 5390 743 5448 serbis
756 5387 924 5448 delinitionis
936 5362 939 5455 f
951 5394 1080 5453 suerunt,
1098 5387 1147 5443 sed
1167 5386 1299 5441 continno
1317 5385 1532 5454 manducarunt,
1556 5385 1585 5439 id
1604 5386 1678 5457 quod
1698 5404 1731 5440 ex
1748 5400 1782 5440 eo

93 5511 125 5550 ex
153 5495 216 5566 ipss
241 5489 413 5546 institutione
441 5485 588 5543 Dominics
613 5480 726 5555 petitae.
766 5473 842 5545 Ergo
868 5493 924 5533 non
950 5481 1082 5549 apparet,
1107 5473 1174 5546 qnia
1197 5488 1252 5526 non
1276 5469 1364 5526 solum
1385 5470 1532 5541 probabile
1554 5479 1610 5541 est,
1632 5473 1707 5543 ipsos
1725 5486 1782 5525 ma·

94 5579 178 5639 debet
213 5577 317 5635 babere
350 5576 442 5632 locum
475 5573 504 5630 in
540 5562 776 5629 macne
812 5573 923 5619 meum.
952 5561 1033 5636 gistri
1061 5560 1117 5625 sui,
1146 5575 1165 5614 a
1192 5574 1249 5655 quo
1270 5557 1418 5614 audierant
1448 5559 1580 5630 conpita
1608 5560 1782 5624 maadmma
