4004 6022
793 217 845 274 DE
862 216 1054 276 nocneem.
1716 232 1775 290 333

70 383 174 423 omnes
199 367 356 423 dwlinam
383 369 414 423 in
440 371 515 425 oiam
536 387 617 425 mam
642 379 669 425 et
692 371 803 426 nullam
817 372 915 440 sitisse
942 372 993 425 sab
1009 373 1119 427 nomine
1133 373 1218 443 pont
1235 379 1261 426 et
1275 370 1352 439 repis
1369 371 1543 427 Arsisnorum
1560 377 1699 430 consortio
1713 379 1777 446 pol·

70 452 217 508 militem
234 454 388 508 ecelesiam.
420 455 549 531 Denique
563 455 779 527 chrysostomus
792 458 915 513 homlb.
942 456 1098 514 tuebamur.
1131 448 1296 514 Vincentius
1314 457 1471 513 Lerinensis
1490 459 1553 514 adm
1571 461 1675 516 haeres.
1694 478 1777 517 nova-

71 538 107 594 in
137 539 239 596 Matth.
271 540 366 605 amet,
405 544 546 597 interdum
576 543 686 597 nullum
717 561 777 598 esse
805 543 915 598 visibile
940 542 1029 598 tiones
1045 561 1069 598 o.
1085 549 1116 599 o:
1146 544 1321 598 Asianorum
1340 560 1472 597 maenum
1490 565 1547 600 nan
1563 549 1628 616 jam
1646 550 1776 617 portium·

72 627 197 694 ripam
217 643 272 695 qno
287 643 355 680 vera
373 629 492 682 ecclesia
510 637 703 697 capnoscatnr,
721 637 747 683 et
764 631 829 684 ideo
849 636 915 682 tunc
940 629 1033 683 adam
1052 632 1204 699 piandum,
1221 631 1273 683 sed
1288 646 1381 698 paens
1397 632 1488 684 orbem
1505 639 1591 685 totam
1604 635 1776 687 contamina·

73 713 172 767 solum
193 716 396 767 recurrendum
419 731 477 768 esse
503 715 734 785 adscripturus.
773 723 793 771 l.
811 715 858 769 Ad
875 715 914 768 lo·
939 722 1027 778 serat,
1048 717 1120 769 adeo
1139 724 1170 768 nt
1185 733 1277 784 prope
1293 717 1398 768 ametis
1410 717 1511 770 Latini
1522 720 1658 772 samonis
1671 720 1776 788 episco-

10 801 59 846 [Ἀ
73 815 142 854 enm
167 797 269 852 Hilarii
287 800 391 870 regerit
410 799 611 864 Bellarminus,
637 801 783 854 ecclesiam
801 801 914 869 quidem
935 800 986 868 pis
1001 802 1111 870 partim
1128 803 1171 865 vi,
1193 803 1300 870 partim
1317 804 1423 863 fraude
1443 803 1565 872 dmcptis
1583 804 1677 872 calipo
1695 820 1778 872 quae·

73 886 221 940 interdum
246 886 395 939 obscurari
416 886 597 940 multitudine
623 888 838 956 scandalorum,
863 888 916 939 sed
941 886 1008 938 dam
1037 887 1174 940 mentibus
1202 889 1393 956 offunderetur
1419 895 1471 945 ete.
1507 888 1544 942 Et
1570 896 1678 959 postea:
1709 891 1777 944 &sm

75 973 120 1026 ita
149 979 255 1040 tamen,
282 979 313 1024 ut
347 973 431 1025 etiam
459 973 488 1025 in
517 973 576 1025 sust
601 973 771 1038 firmissimis
797 974 916 1026 emineat
936 973 1068 1039 profana
1101 974 1158 1026 ista
1188 974 1364 1027 atrianorum
1394 975 1504 1027 nouitas
1535 976 1610 1028 uelut
1637 977 1778 1044 quaedam

72 1061 149 1111 teste
167 1056 326 1128 Augustino
346 1057 426 1127 epist.
445 1062 487 1113 ts.
522 1056 746 1127 Respondemus:
774 1058 915 1112 verissime
941 1057 1064 1110 Bellona
1089 1068 1138 1111 aut
1157 1058 1249 1111 hieria
1267 1067 1350 1128 capto
1368 1061 1450 1129 prius
1468 1063 1588 1113 omnium
1608 1063 1778 1130 imperatore

74 1142 129 1198 hoe
154 1142 272 1213 dieitur,
299 1143 348 1198 sed
374 1142 537 1200 Pontificius
559 1145 714 1200 sententiae
735 1145 769 1201 de
786 1145 914 1215 amplitu·
940 1151 1041 1198 cmmta
1061 1146 1162 1197 danda
1179 1145 1290 1213 palatii
1309 1144 1432 1198 admirm
1454 1146 1561 1212 lapibus
1585 1148 1665 1200 nocis
1682 1147 1776 1214 subju-

75 1229 144 1284 dine
174 1235 204 1284 et
237 1229 384 1301 splendore
414 1230 548 1286 ecelesiae
578 1239 714 1301 perpetua
743 1231 913 1285 adversatur.
939 1238 1041 1298 posset,
1061 1246 1237 1298 nequaquam
1254 1232 1387 1298 deinceps
1401 1231 1508 1283 destitit
1518 1231 1649 1285 universa
1662 1233 1777 1284 miscere

75 1315 264 1371 Conservatnr
288 1321 316 1371 et
339 1316 442 1370 eminet
466 1315 584 1371 ecclesis
609 1316 834 1389 grtdssimsmm
853 1332 913 1385 per·
940 1324 966 1369 et
988 1332 1096 1369 venare.
1132 1315 1265 1370 Erasmus
1289 1316 1404 1386 praefat
1428 1317 1457 1370 in
1474 1315 1575 1371 illlam
1599 1318 1712 1371 Ariana
1728 1319 1776 1382 fa-

74 1401 250 1457 seentionum
273 1409 301 1457 et
326 1401 612 1472 pestilentissimamm
637 1403 793 1458 haeresium
812 1403 914 1456 insule·
940 1401 995 1453 ctio
1014 1409 1137 1470 tempore
1155 1402 1268 1455 Hilarii
1290 1411 1348 1455 tarn
1371 1403 1428 1455 late
1444 1404 1557 1456 radices
1573 1412 1668 1471 eperat
1683 1405 1777 1472 sicque

76 1487 213 1543 suentium
239 1493 363 1558 tempore
382 1487 411 1541 in
429 1489 486 1542 suis
504 1487 683 1558 firmissimis,
711 1487 914 1544 confessoribus
940 1487 1113 1556 incaluerat,
1139 1496 1169 1540 ut
1191 1490 1313 1541 mundus
1339 1488 1518 1557 aliquamdiu
1537 1499 1649 1543 nataret
1666 1507 1777 1560 anceps,

76 1574 185 1629 scilieet
207 1579 236 1628 et
258 1572 442 1644 martyribus,
470 1575 519 1630 sed
543 1573 584 1628 illi
609 1574 692 1645 pansi
719 1581 784 1629 eunt
803 1581 832 1628 et
849 1589 914 1629 eon·
940 1581 1034 1626 atram
1052 1573 1259 1642 inpertemus
1276 1573 1441 1644 inclinaret,
1458 1576 1628 1645 praesertim
1648 1592 1777 1646 comper

76 1660 157 1716 temti
180 1659 210 1713 in
234 1659 440 1729 comparatione
462 1659 643 1730 reliquorum,
669 1665 698 1715 et
715 1660 763 1731 qui
780 1658 915 1713 firmiores
943 1657 1154 1713 Constantinum
1165 1661 1326 1728 depastum
1339 1662 1453 1730 eusitius,
1466 1663 1678 1731 direptionibus,
1693 1663 1778 1716 minat

77 1750 145 1800 eunt
161 1745 288 1816 reliquis,
312 1745 353 1799 illi
370 1762 420 1815 pro
437 1744 494 1799 fide
510 1747 620 1815 partim
637 1747 760 1815 fortiter
779 1745 915 1809 semlant,
943 1762 977 1797 ac
989 1745 1144 1799 terroribus
1156 1747 1390 1815 compellerentur
1403 1749 1536 1800 accedere
1546 1749 1677 1817 partibas
1689 1748 1777 1802 Aria-

75 1831 185 1902 partim
204 1839 259 1885 tota
278 1831 345 1884 orbe
362 1831 485 1895 latitant,
504 1837 537 1885 ut
550 1830 653 1887 ibidem
672 1831 847 1902 Augustinus
866 1831 915 1885 ad·
941 1848 1050 1887 norum.
1089 1836 1112 1885 3.
1131 1831 1177 1885 Ad
1196 1832 1294 1886 Basilii
1313 1838 1341 1886 et
1358 1831 1513 1888 Bemhardi
1532 1833 1608 1889 dieta
1627 1834 1777 1904 respondet
1853 1870 1856 1876 ·

77 1918 130 1975 dit
166 1916 260 1971 Aliam
278 1916 363 1988 igitur
380 1918 587 1987 responsionem
601 1919 785 1973 Bellarminus
798 1917 914 1989 quaerit,
942 1915 1144 1982 Bellarmiuus,
1178 1919 1261 1973 illum
1289 1920 1442 1989 deplorare
1470 1921 1614 1974 miseriam
1644 1922 1777 1975 molestae

76 2003 160 2058 addit
191 2002 280 2070 enim,
310 2002 459 2057 Hilarium
485 2004 565 2072 loqui
592 2012 700 2058 tantum
728 2006 763 2059 de
794 2005 915 2059 ecclesia
940 2012 1058 2073 propter
1075 2006 1287 2074 infestationem
1306 2007 1525 2075 haereticorum,
1552 2008 1624 2060 hunc
1649 2023 1715 2060 cero
1734 2023 1776 2060 re-

77 2088 305 2154 Mediolanensi,
327 2091 452 2159 proinde
475 2091 527 2144 hoc
544 2107 599 2143 non
615 2107 700 2159 posse
717 2091 796 2144 trahi
815 2092 857 2143 ad
873 2106 914 2143 ea·
940 2091 1113 2157 prehendere
1144 2093 1214 2147 oitia
1243 2110 1365 2162 moram,
1401 2112 1457 2147 non
1491 2101 1586 2146 antem
1622 2094 1776 2147 damrinae.

79 2177 199 2231 alesiam
215 2176 381 2229 universam.
417 2176 641 2247 Respondemus:
660 2176 715 2232 imo
734 2191 800 2230 sero
819 2175 848 2230 in
867 2193 914 2248 ge·
941 2175 1167 2247 Respondemus:
1192 2177 1295 2232 suffieit
1318 2178 1370 2234 hoc
1388 2179 1482 2243 nobis,
1508 2179 1583 2249 quod
1602 2179 1720 2234 eeclesia
1737 2180 1777 2234 in-

79 2278 147 2317 nere
167 2261 328 2333 pronuntiet
340 2260 474 2330 Hilarius,
493 2262 638 2318 ecelesiam
656 2261 711 2317 Dei
727 2268 794 2316 tunc
811 2267 915 2332 tempo·
942 2261 1091 2317 fossatione
1114 2263 1314 2319 haereticorum
1340 2270 1369 2319 et
1385 2264 1564 2320 multitudiue
1583 2265 1777 2320 scandalorum

78 2349 118 2402 ris
139 2365 195 2402 non
211 2347 240 2402 in
259 2347 371 2419 templis
391 2353 420 2402 et
439 2347 614 2418 civitatibus,
638 2347 734 2404 sedin
752 2346 915 2412 carceribus,
942 2348 982 2402 ita
995 2348 1137 2403 obscurari
1155 2349 1252 2418 possit,
1274 2355 1306 2403 nt
1324 2355 1452 2404 externus
1472 2355 1501 2405 et
1518 2349 1632 2404 illustris
1647 2350 1778 2421 splendor
1874 2359 1877 2363 ’

79 2432 221 2490 monnbus
247 2440 275 2488 et
301 2432 493 2504 voraginibus,
516 2432 569 2489 hoc
588 2434 678 2489 estin
695 2433 807 2489 latebris
826 2441 854 2488 et
871 2449 916 2487 ca·
943 2433 1030 2504 ipsius
1054 2449 1111 2488 non
1134 2433 1254 2505 amplius
1280 2442 1420 2505 appareat
1456 2435 1633 2491 Bernhardus
1651 2436 1685 2492 de
1702 2443 1778 2490 statu

79 2521 186 2591 varnis,
216 2521 404 2592 quaerendam
428 2520 523 2577 fuisse.
568 2521 601 2575 ld
628 2520 720 2590 ipsum
743 2518 916 2575 manifestius
943 2518 1076 2576 melesius
1099 2520 1250 2575 miserabili
1273 2523 1377 2592 passim
1402 2522 1580 2593 conqueritur
1598 2540 1677 2580 serm.
1699 2529 1721 2578 l.
1742 2522 1777 2576 de

80 2607 177 2664 uadis
194 2624 228 2662 ex
250 2607 322 2662 libro
340 2607 465 2678 ejusdem
484 2605 586 2662 Hilarii
605 2607 641 2662 de
659 2607 788 2678 synodis,
811 2606 916 2678 inquo
942 2621 1064 2661 consus.
1089 2604 1171 2661 Pauli
1196 2607 1248 2661 col,
1276 2613 1322 2663 81:
1354 2607 1525 2677 Oanjurasse
1548 2609 1660 2663 mdeusr
1678 2618 1777 2662 contro

80 2693 157 2760 dicit,
169 2695 263 2748 &cem
272 2694 435 2763 prouincias
446 2695 581 2761 demnas,
596 2694 646 2746 ubi
658 2693 811 2760 sandala,
823 2694 917 2746 Deum
942 2700 983 2754 te,
1009 2709 1025 2746 o
1046 2693 1179 2759 Domine,
1203 2693 1374 2747 universitas
1394 2694 1500 2762 papali
1517 2693 1675 2748 Christiani
1691 2711 1710 2745 a
1727 2694 1777 2747 mi-

79 2780 247 2849 nescioises,
265 2788 345 2833 eram
363 2780 436 2834 enim
453 2782 567 2834 Ariana
586 2780 700 2834 haeresi
714 2780 853 2848 infectae,·
870 2796 916 2832 ra·
944 2779 1017 2832 nimo
1035 2795 1122 2848 usqrse
1141 2780 1183 2831 ad
1198 2781 1355 2835 marimum.
1392 2782 1517 2849 Epressa
1541 2789 1583 2834 est
1606 2781 1741 2849 iniquitas
1758 2799 1777 2834 a
1789 2792 1827 2835 xl.
1841 2790 1886 2835 lta

80 2885 146 2920 nnn
169 2882 227 2920 esse
251 2868 333 2936 apud
358 2866 509 2920 orientales
533 2866 657 2920 invenire
680 2864 841 2936 episcopum
868 2872 918 2918 ant
942 2865 1097 2918 senioribus
1114 2865 1261 2934 jndicibus
1282 2866 1399 2919 sicariis
1426 2867 1493 2932 tuis,
1519 2869 1570 2936 pai
1586 2868 1716 2922 uidentur
1733 2883 1777 2921 re·

76 2952 218 3023 populum
246 2952 428 3019 catholicum,
451 2954 503 3005 sed
520 2951 620 3022 aliptes
639 2953 793 3020 scandala,
818 2952 917 3022 abipsse
942 2967 1008 3019 pere
1020 2951 1160 3022 populum
1177 2959 1261 3004 triam.
1296 2951 1370 3021 Heu,
1388 2953 1448 3020 heu,
1468 2953 1690 3021 DomineDeus,
1709 2953 1777 3022 quia

79 3038 232 3108 perfidias,
257 3038 356 3107 ubique
381 3038 539 3092 schismata.
575 3037 746 3092 Athanasius
769 3038 798 3092 in
815 3037 864 3094 lib.
880 3037 917 3091 ad
944 3037 1001 3105 ipsi
1018 3045 1083 3089 sunt
1101 3038 1131 3090 in
1146 3037 1337 3106 peroratione
1352 3036 1456 3106 primi,
1473 3038 1523 3105 qai
1540 3039 1671 3091 sidentur
1688 3040 1717 3091 in
1736 3056 1777 3093 ec·

81 3123 187 3179 solitar.
208 3123 294 3177 sitam
320 3129 448 3194 agentes:
483 3123 561 3185 Quae
590 3142 664 3178 nanc
688 3124 807 3178 ecclesia
831 3123 917 3177 libere
944 3122 1033 3176 clesia
1057 3131 1105 3175 tua
1127 3124 1282 3192 primatum
1304 3123 1440 3191 dilipere,
1464 3138 1561 3189 perere
1575 3125 1778 3194 principatum,

84 3210 226 3265 Christum
243 3211 367 3263 adorat?
389 3209 534 3279 Siquidem
553 3225 594 3273 ea,
614 3209 707 3278 sipia
725 3217 773 3273 est,
787 3208 918 3279 pertento
945 3225 1037 3262 arcem
1058 3209 1128 3261 Sion
1146 3216 1365 3277 occupaverunt,
1379 3208 1632 3276 apprehenderunt
1649 3211 1778 3264 manitio-

81 3296 215 3365 subjacet.
253 3296 329 3348 Nam
352 3296 380 3348 si
402 3295 509 3349 alieubi
531 3303 595 3349 sunt
618 3296 666 3364 pii
689 3304 715 3349 et
738 3295 846 3349 Christi
862 3303 917 3348 stu·
943 3311 993 3348 nes
1011 3302 1037 3348 et
1056 3293 1214 3348 undosam
1233 3293 1366 3360 deinceps
1383 3293 1471 3346 libere
1492 3300 1517 3346 et
1534 3297 1702 3362 potestative
1720 3302 1778 3349 tra·

83 3382 161 3438 dinei
178 3383 260 3451 (sunt
279 3389 372 3435 autem
388 3382 489 3451 ubique
508 3383 580 3436 tales
584 3383 748 3452 permulti),
760 3382 801 3436 illi
813 3382 918 3444 itidem,
945 3382 1016 3433 dunt
1039 3379 1169 3433 incendio
1189 3386 1366 3447 potestatem.
1404 3377 1489 3434 Serm.
1509 3385 1550 3434 33.
1575 3381 1604 3433 in
1627 3379 1706 3434 Cant.
1725 3381 1776 3436 eol.

82 3476 115 3522 ut
132 3486 251 3537 mappas
268 3468 319 3522 ille
334 3469 474 3537 propheta
492 3468 593 3535 Elias,
619 3470 828 3523 absconduntur
846 3476 872 3522 et
888 3467 918 3520 in
945 3471 1010 3520 602:
1038 3465 1170 3519 Ministri
1195 3465 1302 3520 Christi
1320 3473 1385 3518 sunt
1402 3473 1430 3519 et
1448 3466 1624 3520 Antichristo
1645 3469 1777 3524 seruiunt.

81 3553 232 3624 speluncas
249 3562 274 3608 et
292 3572 426 3607 casanae
446 3561 614 3608 tenacem
634 3555 803 3608 abstrudunt
821 3562 870 3607 aut
887 3554 917 3607 in
946 3552 1090 3605 Honorati
1112 3553 1246 3604 incedunt
1269 3553 1305 3604 de
1329 3553 1408 3605 bonis
1424 3553 1557 3622 Domini,
1584 3553 1634 3621 qui
1653 3554 1794 3608 Domino⁴

83 3641 236 3695 solitudine
263 3641 425 3694 oberrantes
453 3640 668 3694 commorantur.
711 3639 789 3696 Neve
811 3639 917 3694 obverti
944 3639 1077 3691 honorem
1095 3654 1152 3691 non
1171 3639 1312 3704 deferunt,
1331 3639 1396 3691 inde
1413 3638 1446 3704 is,
1465 3655 1543 3707 quem
1556 3639 1778 3707 qnotidiesides,

83 3726 179 3799 possit,
197 3727 341 3782 ecelesiam
360 3726 515 3781 &menam
533 3742 566 3781 eo
584 3731 707 3796 tempore
725 3725 860 3780 mansisse
876 3727 916 3780 in-
944 3725 1116 3779 meretricins
1136 3726 1219 3789 nitor,
1239 3724 1419 3778 histrionicus
1436 3725 1558 3794 habitus,
1574 3727 1669 3798 reptas
1689 3743 1778 3796 appa-

83 3820 256 3886 eorrnptam,
278 3814 445 3882 notandum,
475 3813 549 3882 quod
575 3811 747 3867 Athanasius
773 3812 802 3867 in
820 3813 917 3867 eodem
944 3819 1038 3880 ratas,
1059 3811 1125 3865 inde
1144 3829 1246 3865 aarum
1263 3810 1416 3880 infrenis,
1434 3813 1514 3866 sellis
1532 3819 1558 3865 ct
1577 3814 1735 3866 calcaribus
1753 3822 1779 3868 et

83 3901 155 3957 libro
177 3903 293 3970 referat,
321 3900 464 3954 Liberium
486 3902 629 3954 Romanae
652 3901 731 3953 urbis
757 3899 917 3969 episcopum
942 3899 1010 3969 plus
1032 3898 1160 3952 calcaria
1185 3915 1267 3968 mam
1291 3898 1399 3951 altaria
1416 3899 1541 3968 fulpsnt,
1568 3900 1634 3953 inde
1654 3901 1778 3967 ponat-

79 3997 148 4058 post
165 3997 289 4042 exactum
309 3988 340 4040 in
358 3986 455 4041 casilia
476 3987 614 4041 biennium
631 3985 763 4052 intlsmsm
790 3994 816 4040 et
835 3987 919 4040 minis
945 3987 1000 4038 dae
1013 4001 1127 4048 ¹mensae
1146 3992 1172 4039 et
1193 3985 1264 4038 cibes
1282 3993 1308 4038 et
1319 3984 1438 4052 scyphis,
1459 3983 1525 4037 inde
1539 3987 1779 4039 commessationes

83 4077 181 4130 martis
209 4077 251 4129 ad
280 4075 510 4144 adscriptionem
543 4074 580 4126 ab
614 4073 736 4126 Arianis
766 4073 918 4149 inductum.
946 4079 971 4124 et
989 4071 1147 4136 ebrietates,
1166 4071 1233 4123 inde
1252 4071 1368 4138 cythara
1386 4078 1412 4121 et
1425 4069 1527 4137 lyraet
1540 4070 1617 4134 tibia,
1635 4071 1701 4125 inde
1715 4074 1778 4126 red·

84 4171 108 4218 2.
132 4161 178 4215 Ad
207 4159 371 4231 Hieronymi
408 4160 513 4216 dietum
547 4159 696 4229 respondet
725 4158 918 4228 Bellarminus,
945 4157 1086 4211 undantia
1104 4155 1261 4211 torcularia
1281 4164 1307 4209 et
1320 4157 1522 4224 promptuaria
1540 4157 1629 4226 plena
1652 4165 1778 4211 aucton-

84 4249 285 4317 Hieronpmum
308 4262 410 4302 cacare
434 4247 527 4301 orbem
553 4262 684 4316 mapsam
709 4253 820 4316 partem
843 4245 919 4298 orbis
944 4245 987 4297 tia
1004 4261 1037 4297 ec
1055 4244 1107 4296 hoc
1126 4243 1155 4295 in
1172 4242 1260 4309 illud,
1288 4243 1355 4295 inde
1380 4242 1686 4312 dolia-pipmentam'a,
1714 4245 1780 4299 inde

84 4342 110 4388 ct
128 4334 370 4388 Arianosoocare
390 4350 444 4401 eos,
462 4332 558 4403 quiin
575 4333 683 4401 synodo
695 4331 871 4385 Ariminensi
883 4331 919 4383 ab
944 4331 1053 4393 referta
1079 4329 1234 4397 marsmria.
1279 4329 1340 4382 Pro
1364 4329 1528 4398 hujusmodi
1551 4330 1647 4384 colunt
1672 4346 1729 4384 esse
1752 4338 1780 4384 et

84 4422 205 4475 Arianis
224 4421 335 4489 decepti
350 4436 403 4488 per
420 4419 613 4489 ipnorantiam
631 4420 918 4472 decreverantnomen
943 4423 1008 4468 sunl
1030 4415 1210 4468 ecclesiarum
1233 4414 1405 4484 praepositi,
1432 4416 1546 4484 decani,
1574 4416 1778 4484 archidiaconi,

84 4504 235 4580 ὁμοούσιος
254 4506 416 4560 tollendum.
451 4504 676 4576 Respondemus:
696 4521 751 4558 non
769 4503 857 4558 solum
869 4517 917 4572 pa·
944 4501 1082 4571 episcopi,
1107 4500 1316 4569 archiepiscopi
1335 4505 1388 4554 etc.
1425 4499 1522 4564 Qualis
1545 4501 1630 4555 fuerit
1651 4502 1778 4557 Romana
1814 4557 1817 4564 ,

83 4599 139 4647 tres
159 4591 269 4646 concilii
289 4590 378 4661 illius,
409 4591 458 4646 sed
479 4591 598 4645 maxima
615 4608 680 4661 pars
699 4589 917 4645 Christianorum
944 4587 1020 4641 cuna
1047 4586 1076 4640 in
1102 4585 1179 4640 libris
1206 4585 1241 4639 de
1259 4585 1478 4641 consideratione
1502 4588 1538 4640 ad
1556 4587 1713 4657 Eugenium
1733 4603 1777 4641 ex-

84 4679 275 4749 episcoporum
301 4677 408 4732 Asiam
430 4677 538 4732 haeresi
563 4676 727 4732 infectorum
747 4674 917 4744 Hieronymo
943 4673 1029 4744 ponit.
1066 4679 1089 4728 l.
1109 4673 1155 4726 Ad
1175 4670 1363 4743 chrysostomi
1382 4673 1487 4727 dietum
1506 4675 1664 4746 respondet,
1683 4681 1777 4727 ancto-

82 4763 169 4820 rerba
185 4763 234 4816 illa
253 4768 455 4834 expresserunt,
473 4768 506 4817 ut
524 4778 557 4817 er
577 4762 659 4818 modo
678 4761 806 4816 adductis
817 4759 918 4814 Hilarii
944 4778 1001 4814 rem
1025 4761 1120 4829 operis
1141 4760 1222 4814 illias
1247 4761 1407 4829 imperfecti
1429 4777 1487 4814 esse
1505 4762 1674 4815 haereticum
1693 4761 1778 4813 Aria·
1846 4811 1851 4822 ,

83 4856 111 4905 et
127 4848 276 4904 Athanasii
297 4848 425 4921 querellis
446 4847 564 4919 intelligi
590 4854 688 4918 potest.
724 4847 803 4903 Idem
820 4845 917 4901 Hiero-
944 4864 1023 4914 nom,
1050 4845 1094 4899 ael
1121 4855 1195 4900 certe
1220 4848 1255 4899 ab
1279 4847 1399 4900 Arianis
1422 4847 1524 4899 librum
1543 4847 1624 4899 illum
1642 4864 1700 4899 esse
1718 4862 1778 4900 cor-

82 4954 184 5007 nymus
206 4934 235 4989 in
257 4935 359 4993 Psalm.
382 4941 439 4991 133.
466 4933 506 4987 sie
525 4932 634 4988 scribit:
662 4935 794 4989 Ecclesia
813 4951 870 4987 non
888 4934 918 4986 in
944 4940 1065 5002 raptum.
1098 4931 1319 5001 Respondemus:
1345 4932 1537 4997 consedimus,
1564 4931 1625 4987 illos
1643 4948 1779 4988 commen·

80 5023 237 5090 parietibus
251 5022 385 5090 considit,
404 5021 455 5073 sed
467 5020 498 5072 in
510 5021 672 5088 dopmatum
683 5020 818 5084 veritate;
835 5019 918 5072 eccle·
930 4996 933 5033 ⁸
944 5016 1029 5071 turios
1049 5015 1205 5070 &aninmo
1225 5015 1327 5070 aheuhi
1345 5016 1454 5085 favere,
1483 5018 1532 5072 sed
1550 5035 1615 5070 num
1634 5024 1780 5088 propterea

83 5109 128 5161 sia
148 5109 189 5161 ibi
206 5116 261 5174 est,
284 5108 334 5160 ubi
354 5109 425 5170 fides
447 5121 515 5158 aera
542 5113 589 5157 est.
628 5107 755 5159 Ceterum
777 5114 841 5159 ante
869 5125 918 5157 an·
944 5108 1005 5157 tota
1021 5101 1097 5157 illius
1116 5101 1267 5156 auctoritas
1286 5102 1440 5157 elevanda?
1473 5102 1656 5157 Bellarminus
1674 5105 1778 5176 aliquo·

83 5212 135 5247 nos
155 5195 314 5263 quindecim
337 5201 384 5245 aut
407 5193 518 5260 aipinti.
528 5191 655 5259 parietes
678 5207 771 5243 amoses
789 5191 917 5245 ecclcsia—
944 5189 997 5244 ties
1022 5206 1056 5243 er
1084 5202 1116 5242 eo
1141 5188 1300 5243 testimonia
1325 5188 1462 5259 quaedam
1487 5188 1607 5258 profert,
1635 5189 1780 5261 quinimo

83 5299 146 5333 run
173 5280 309 5334 haeretici
334 5277 451 5346 (Ariani)
469 5277 665 5348 possidebant,
691 5277 807 5330 ecclesia
827 5286 918 5330 autem
945 5275 1061 5331 eeclesia
1079 5274 1206 5329 Rosam
1223 5275 1251 5327 iu
1269 5273 1362 5328 officio
1381 5273 1568 5329 ecclesiastico
1580 5276 1704 5330 homibus
1716 5277 1779 5333 illas

82 5383 149 5419 ocra
169 5366 231 5421 illio
253 5372 328 5432 erat,
347 5364 396 5418 abi
413 5366 489 5434 sides
510 5380 579 5416 cera
594 5370 664 5415 erat.
700 5361 777 5416 idem
795 5363 824 5417 in
841 5363 918 5418 ebro·
945 5364 1014 5435 legit
1029 5369 1058 5417 et
1076 5364 1136 5432 ejus
1156 5361 1320 5416 auctoritate
1338 5362 1449 5430 plassas
1466 5362 1644 5428 ordinarias,
1664 5371 1779 5418 catenas

83 5453 146 5507 nico
163 5454 199 5507 ad
216 5469 281 5507 aun.
300 5457 365 5507 tet:
393 5451 494 5506 Onmes
515 5466 588 5518 pene
613 5455 670 5503 toto
694 5449 758 5502 orbe
783 5451 919 5504 eeclesiae
947 5449 1134 5518 eoanpelicas,
1162 5452 1275 5503 decreta
1296 5447 1461 5516 pontificum
1485 5456 1509 5501 et
1532 5467 1654 5504 summas
1677 5450 1778 5504 theolo—
1842 5511 1850 5528 .
