4004 6022
845 161 1109 224 cremasse
1324 165 1330 177 ·
1759 180 1820 240 305

133 319 287 376 membrum
298 320 433 377 ecclesiae
445 319 604 391 catholicae,
622 326 666 379 est
677 322 760 378 etiam
771 338 866 379 verum
879 337 960 377 mem·
973 323 976 375 1
987 320 1120 391 sessione,
1145 321 1212 394 quia
1239 321 1316 378 Deus
1340 338 1388 377 cor
1410 329 1439 378 et
1462 323 1584 380 ιιιιίιιιοιο
1601 325 1690 398 magis
1707 329 1823 400 respicit

131 406 212 462 hrum
233 404 342 463 Christi.
377 408 441 464 lam
463 424 527 463 vero
545 407 661 480 praelati
679 408 745 463 meli
762 425 796 464 ex
812 380 1069 489 hypothesilquam
1088 407 1175 464 verba
1194 415 1223 464 et
1247 409 1366 480 speciem
1391 411 1580 480 exterioreml3
1607 412 1672 468 item
1700 417 1822 471 accubas

130 490 293 548 Bellarmini
316 501 380 548 suut
397 511 462 550 vera
480 494 603 553 membra
621 495 766 566 ecclesiae,
791 513 857 568 ergo
877 497 959 552 etiam
972 492 1139 550 ihaereticos
1174 514 1231 549 aaa
1267 513 1326 549 cese
1361 497 1455 550 aneos
1486 499 1638 563 ecclesiae,
1671 502 1730 555 aiei
1758 520 1821 557 coa·

129 586 211 635 aunt
233 596 299 634 vera
322 581 445 635 membra
464 581 572 637 Christi.
608 582 648 635 At
671 599 704 637 ex
721 583 879 651 Scripturas
898 558 1125 649 sen-ljmsetioac
1162 589 1275 636 satcraa
1315 580 1407 652 (atqui
1439 588 1471 636 ut
1506 584 1568 655 quis
1605 586 1641 639 ad
1676 589 1821 644 ecclesiam

128 667 217 721 tentia
249 667 365 736 praelati
397 668 462 722 mali
493 676 559 723 sunt
589 669 712 723 membra
736 669 857 737 diaboli,
892 656 1147 741 ergo‘sstholicsm
1183 668 1337 737 pertineat,
1375 664 1525 738 requiritur
1562 669 1670 726 interna
1708 677 1820 745 conjun-

127 759 209 808 crunt
225 753 307 808 simul
324 755 447 809 membra
464 754 567 810 Christi
582 761 610 811 et
630 755 741 823 diaboli,
764 756 838 826 quod
857 742 1054 825 catab-letio,
1085 770 1147 807 cum
1177 753 1318 808 vinculum
1348 755 1549 809 communionis
1576 757 1606 810 in
1633 759 1749 814 ecclesia
1776 777 1820 815 ca-

127 855 225 894 tonum
251 846 280 895 et
306 840 506 910 blasphemum.
552 841 629 903 Quae
658 843 732 894 caim
756 843 875 895 societas
902 842 960 895 laci
983 838 1088 893 tholica
1114 839 1152 891 sit
1177 838 1320 909 spirituale
1350 855 1384 893 ac
1408 840 1570 910 internum);
1600 842 1720 914 denique
1746 847 1820 914 illos,

127 944 189 978 cum
212 927 342 992 umbra,
368 944 439 995 miae
463 929 618 982 communio
642 928 749 983 Christi
770 946 831 982 cum
850 928 957 996 Belial,
983 925 1033 994 qai
1066 942 1096 978 sc
1128 925 1260 978 simulent
1296 941 1354 978 cera
1389 926 1566 981 Christianos
1596 937 1622 981 at
1653 929 1820 1001 Catholicae,

126 1028 199 1082 qaae
215 1013 403 1083 participatio
413 1013 546 1082 justitiae
558 1015 792 1084 cumiajaatits'ai
818 1014 957 1082 10016,
983 1029 1040 1064 aon
1059 1027 1118 1064 case
1135 1013 1170 1064 da
1188 1011 1314 1079 ccclesia,
1332 1012 1551 1066 nieirmaadam
1563 1018 1763 1084 apparentiam
1776 1036 1819 1072 cc·

126 1114 151 1152 v.
165 1104 203 1153 11.
222 1104 260 1154 15.
281 1098 474 1169 Recognoscat
485 1099 668 1156 Bellarminus
680 1117 731 1155 sna
742 1101 828 1156 verba
836 1101 883 1156 lib.
891 1105 914 1156 1.
923 1101 957 1156 de
983 1099 1113 1152 seriorem
1133 1105 1159 1150 ct
1173 1097 1309 1166 putative,
1327 1116 1383 1152 aon
1400 1115 1464 1152 cere
1479 1100 1566 1170 (atqui
1579 1104 1612 1153 ut
1624 1101 1661 1155 ad
1674 1104 1819 1160 ecclesiam

122 1184 212 1256 justit.
234 1202 258 1240 ο,
279 1192 300 1239 1.
319 1182 346 1259 ξ.
366 1186 495 1256 septimo:
521 1186 556 1240 Si
576 1188 702 1242 Christus
715 1204 769 1258 per
787 1188 957 1256 iniustitiam
983 1183 1146 1239 catholicam
1166 1183 1227 1254 quis
1245 1183 1391 1254 pertineat,
1410 1198 1466 1237 non
1486 1184 1597 1258 sufficit,
1615 1193 1647 1241 ut
1665 1191 1817 1246 secundum

125 1279 254 1325 nostram
271 1273 326 1325 sili
350 1274 511 1342 imputatam
528 1289 592 1326 aare
607 1275 712 1328 dicitur
726 1281 873 1343 peccator,
898 1274 958 1328 dici
984 1271 1146 1326 exteriorem
1168 1269 1361 1339 apparentiam
1383 1274 1412 1324 et
1432 1272 1571 1341 putative,
1596 1275 1646 1328 sed
1664 1278 1817 1332 secundum

127 1358 212 1411 etiam
233 1359 355 1428 poterit,
382 1361 458 1428 quad
480 1360 574 1414 horret
592 1360 701 1413 animm
719 1361 856 1430 copitar-c,
875 1362 957 1430 filias
983 1358 1139 1413 interiorem
1167 1355 1388 1427 conjunctionem
1418 1362 1447 1411 et
1473 1374 1537 1412 vare
1561 1358 1597 1413 sit
1622 1367 1656 1416 de
1682 1364 1817 1433 ecclesia).

128 1444 245 1497 diaboli.
288 1447 347 1498 Sed
373 1444 523 1514 Scriptura
549 1446 649 1516 alique
674 1463 734 1500 ιιιηι
761 1455 841 1500 cocat
862 1447 956 1516 filiam
983 1453 1006 1501 1,
1026 1445 1189 1500 Haereticos
1214 1444 1338 1498 occultos
1357 1445 1387 1498 irs
1416 1445 1534 1499 ccclesia
1553 1461 1613 1501 esse
1632 1450 1818 1522 concedimus,

128 1531 195 1585 Dei.
231 1530 434 1601 Praesupponit
452 1530 551 1603 igitur,
569 1532 706 1586 neminem
726 1532 808 1587 simul
827 1533 891 1601 dici,
910 1549 955 1587 nc·
982 1533 1032 1589 sed
1067 1534 1103 1585 alc
1139 1531 1257 1584 ecclesia
1291 1547 1337 1584 eos
1367 1546 1428 1585 esse
1456 1548 1598 1602 negamus.
1644 1534 1819 1607 Augustinus

126 1617 193 1672 dum
220 1634 280 1672 esse
304 1633 385 1688 posse
409 1617 490 1672 simul
513 1617 601 1672 tilium
618 1618 672 1673 Dei
690 1627 717 1674 et
735 1619 822 1674 filium
843 1620 954 1675 diaboii.
983 1624 1062 1673 tract.
1082 1625 1106 1674 3.
1125 1617 1265 1675 iulohan.
1278 1617 1373 1688 epist:
1393 1617 1442 1672 Sic
1454 1627 1519 1671 auat
1530 1620 1560 1673 ia
1573 1637 1691 1691 corpore
1704 1622 1818 1690 Christi,

126 1710 151 1759 o.
169 1704 294 1759 Membra
312 1710 420 1758 mortua
436 1720 492 1758 non
510 1710 575 1759 sunt
592 1722 666 1775 vera,
683 1706 731 1760 sed
749 1705 899 1777 aequivoce
917 1707 956 1761 sic
983 1707 1122 1776 quomodo
1148 1705 1278 1759 humores
1306 1704 1377 1758 mali
1407 1708 1521 1774 ormisda
1549 1717 1725 1777 caomaatur,
1754 1719 1818 1766 tanc
1882 1691 1886 1702 ¹

127 1791 202 1845 dicta
229 1791 359 1846 membra.
401 1791 484 1847 Unde
513 1791 676 1848 Aristoteles
706 1791 771 1846 dicit
797 1792 844 1845 lib.
870 1798 893 1846 2.
921 1792 954 1846 de
981 1793 1123 1846 relevatur
1148 1808 1269 1861 corpas;
1293 1792 1335 1844 sic
1355 1798 1381 1844 at
1399 1794 1513 1862 mando
1533 1793 1605 1846 mali
1619 1805 1729 1866 caeam,
1752 1805 1816 1852 tam

123 1877 217 1932 anima
235 1893 258 1931 c.
280 1884 301 1931 l.
322 1885 458 1930 mortuam
475 1879 624 1931 membrum
641 1897 695 1932 aaa
707 1879 790 1932 aliter
805 1895 862 1931 csse
874 1896 954 1931 mem·
982 1879 1098 1931 ecclesio
1116 1879 1259 1931 relmatur
1278 1885 1303 1931 ct
1321 1879 1400 1946 dicit,
1419 1882 1534 1948 quaudo
1554 1897 1602 1934 eos
1615 1885 1713 1937 evomit
1732 1892 1816 1954 alasse

125 1965 203 2018 ham
227 1980 310 2033 quum
334 1963 481 2016 membrum
501 1965 618 2033 pictam.
653 1964 774 2018 Praelati
799 1963 864 2018 mali
890 1973 954 2017 eraut
980 1965 1097 2033 projicit
1120 1981 1236 2033 corpas,
1262 1981 1294 2017 cc
1318 1981 1360 2017 mc
1385 1967 1511 2020 exierunt
1534 1967 1663 2022 humores
1685 1970 1745 2039 isti,
1766 1973 1818 2025 aad

123 2052 246 2105 membra
260 2059 378 2118 mamae,
397 2050 472 2121 quod
490 2051 617 2106 concedit
628 2051 810 2105 Bellarminus
826 2057 854 2105 ct
865 2058 953 2113 osten·
980 2070 1036 2105 aaa
1055 2058 1136 2104 creat
1154 2067 1188 2102 ea
1204 2066 1255 2103 mc.
1287 2050 1365 2112 Quid
1382 2060 1428 2120 est,
1448 2071 1504 2107 aaa
1523 2062 1603 2108 erant
1619 2071 1653 2109 ca
1669 2059 1734 2111 met
1760 2076 1816 2111 aaa

123 2137 166 2193 dit
191 2155 234 2192 res
259 2137 333 2207 ipsa,
362 2153 452 2209 neque
480 2137 551 2192 enim
575 2137 693 2208 Spiritus
717 2136 827 2191 vinculo
845 2136 953 2191 Christo
981 2142 1016 2193 <lc
1035 2154 1120 2193 caras
1140 2153 1200 2190 mco
1215 2137 1343 2207 praccsm'
1358 2147 1430 2206 ruat,
1447 2141 1500 2192 scd
1512 2149 1614 2210 pectas
1630 2141 1700 2195 mihi
1706 2160 1816 2212 preme·

122 2224 258 2281 ecclesiae
288 2223 373 2294 capiti
401 2231 467 2279 sunt
492 2224 648 2296 conjuncti,
677 2241 728 2279 nec
755 2224 953 2279 incrementum
981 2229 1061 2292 bant,
1089 2243 1150 2277 cam
1169 2224 1288 2276 inessent
1305 2224 1347 2290 (ut
1367 2240 1432 2296 ergo
1450 2223 1578 2281 humores
1595 2227 1661 2283 mali
1681 2229 1746 2284 licet
1763 2232 1819 2286 sint

122 2311 238 2382 capiunt
256 2309 362 2380 corpori
379 2309 544 2366 conveniens
562 2310 598 2364 ad
617 2309 836 2367 aedificationem
848 2311 891 2363 sui
903 2326 953 2380 pro
980 2311 1009 2366 in
1028 2328 1151 2381 corpore,
1170 2315 1263 2363 tamen
1282 2325 1338 2363 non
1350 2315 1415 2363 sunt
1430 2327 1463 2365 er
1474 2327 1598 2382 corpore,
1617 2330 1669 2370 nec
1681 2322 1746 2370 sunt
1757 2335 1816 2372 cor·

122 2398 245 2454 caritate.
282 2396 357 2467 Ergo
383 2413 438 2450 non
465 2403 530 2451 suut
559 2413 637 2464 vera,
663 2397 712 2451 sed
739 2397 889 2466 aequivoce
914 2398 954 2450 sic
980 2397 1053 2468 poris
1072 2395 1205 2464 membra,
1226 2395 1266 2448 sic
1284 2394 1415 2449 haeretici
1435 2402 1464 2450 et
1480 2396 1605 2452 infideles
1624 2401 1734 2467 occulti,
1752 2404 1817 2459 licet

123 2485 198 2539 dicta
215 2481 346 2538 membra.
364 2475 539 2546 Nou’obstat‚
551 2483 625 2554 quod
638 2482 715 2537 Deus
726 2498 819 2536 eorum
833 2481 952 2536 ministe-
980 2484 1036 2537 sint
1055 2483 1084 2537 in
1102 2481 1233 2548 ecclesia,
1257 2487 1349 2535 tamen
1367 2480 1403 2535 de
1420 2483 1539 2537 ecelesia
1555 2501 1612 2540 non
1630 2492 1707 2556 sunt,
1726 2506 1816 2561 neque

121 2572 163 2626 rio
181 2569 275 2624 adhuc
294 2567 389 2634 utitur,
409 2568 438 2621 id
458 2568 530 2621 enim
547 2585 602 2622 non
623 2567 709 2622 elficit
726 2585 773 2623 eos
791 2584 857 2622 vera
869 2582 952 2621 mem·
980 2570 1051 2623 inter
1069 2568 1144 2623 illius
1161 2566 1285 2622 membra
1302 2568 1457 2637 computari
1469 2568 1591 2637 debent).
1625 2578 1648 2627 5.
1661 2572 1815 2646 Episcopos

122 2656 187 2723 bra,
212 2654 260 2709 sed
283 2654 464 2708 instrumenta
487 2654 622 2708 duntaxat
639 2653 787 2724 operativa.
828 2652 953 2707 Christus
980 2656 1131 2711 haereticos
1155 2655 1183 2709 in
1207 2655 1330 2709 ecclesiis
1359 2656 1572 2725 particularibus
1595 2676 1655 2714 esse
1680 2676 1762 2730 posse
1783 2681 1814 2719 ac

121 2742 215 2796 multis
242 2740 270 2793 in
293 2739 409 2794 ecclesia
432 2739 519 2794 utitur
542 2740 744 2805 instrumentis,
771 2757 843 2812 quac
860 2745 952 2795 tamen
980 2760 1029 2814 per
1045 2741 1229 2815 ¹ministerium
1249 2741 1357 2795 illorum
1372 2741 1462 2798 Deum
1481 2744 1572 2798 adhuc
1588 2745 1730 2802 efficacem
1746 2767 1813 2816 esse,

120 2843 177 2883 non
201 2827 295 2880 statim
322 2832 386 2879 sunt
412 2826 471 2895 ejus
499 2826 628 2881 membra.
672 2827 724 2883 Vir
750 2827 837 2881 malus
863 2833 954 2898 potest
980 2829 1141 2901 praesertim
1154 2828 1315 2882 sihaeresin
1328 2845 1407 2882 suam
1419 2831 1541 2885 nondum
1554 2831 1666 2902 publice
1679 2843 1814 2902 evomant,

121 2930 182 2971 esse
199 2913 277 2967 utilis
297 2912 469 2976 architectus,
489 2921 522 2967 nt
538 2913 692 2969 ostenditur
710 2913 833 2985 exemplo
851 2930 952 2982 eorum,
979 2918 1096 2973 libenter
1125 2915 1315 2983 concedimus,
1344 2916 1393 2969 sed
1420 2933 1453 2971 er
1477 2933 1509 2973 eo
1535 2919 1657 2973 nondum
1682 2924 1814 2994 seqnitur,

122 3018 238 3073 quoram
255 3015 340 3069 opera
359 2998 421 3055 Noa
437 2999 466 3052 in
486 3000 671 3056 exstructione
688 3016 769 3055 arcae
787 3018 861 3055 usus.
982 3003 1056 3075 quod
1086 3009 1233 3072 propterea
1257 3001 1313 3055 sint
1339 3000 1473 3057 ecclesiae
1500 3004 1652 3060 catholicae
1680 3011 1813 3069 membra.

982 3089 1159 3145 Ostendimus
1183 3089 1256 3143 enim
1275 3088 1359 3158 paulo
1377 3089 1517 3158 superius,
1541 3091 1623 3161 plura
1642 3095 1752 3149 omnino
1771 3114 1812 3152 re·

435 3192 638 3201 “---·-
981 3176 1068 3249 quiri,
1095 3180 1126 3228 ut
1150 3175 1211 3244 quis
1235 3173 1271 3227 sit
1293 3190 1388 3227 verum
1409 3174 1561 3229 catholicae
1578 3178 1712 3235 ecclesiae
1729 3198 1811 3236 mem·
1849 3202 1852 3215 ·

980 3264 1059 3317 hrum
1086 3277 1168 3330 quam
1192 3266 1223 3312 ut
1247 3260 1284 3311 sit
1309 3258 1523 3314 instrumentum
1544 3265 1724 3331 operativum.
1759 3268 1811 3323 Te·

356 3341 535 3403 1111111
555 3342 578 3403 0
617 3339 717 3404 VIII·
979 3346 1108 3401 stimonia
1124 3352 1247 3417 patrum,
1275 3343 1376 3413 quihus
1393 3345 1558 3416 probamus,
1581 3365 1633 3403 nec
1652 3352 1812 3409 manifestos

978 3440 1150 3504 peccatores,
1188 3446 1239 3484 nac
1276 3429 1400 3483 occultos
1435 3430 1560 3488 infideles
1597 3435 1633 3489 ad
1669 3438 1811 3492 ecclesiam

119 3496 856 3575 DuoccULT181uF1ouuleus‚
884 3500 951 3564 AN
977 3520 1141 3575 catholicam
1173 3516 1284 3587 proprie
1317 3516 1356 3570 sic
1388 3516 1491 3572 disum
1520 3519 1658 3589 pertinere
1686 3524 1741 3579 lats
1769 3542 1810 3579 rs·

118 3602 232 3672 ILLI
261 3601 384 3668 SINT
410 3598 705 3667 ECCLESIAE
726 3601 949 3667 ΜΕΜΒΒΑ.
977 3603 1248 3664 censetWitalscrus
1266 3608 1427 3659 controut.
1447 3604 1481 3660 de
1500 3607 1597 3663 eccles.
1615 3615 1789 3681 qu.l.c.14.

73 3817 78 3828 ,
152 3780 193 3830 61.
229 3772 297 3843 Cap.
318 3778 357 3828 10.
388 3771 572 3826 Bellarminus
591 3771 728 3842 disputat,
747 3772 869 3826 occultos
886 3773 948 3835 iati-
1290 3799 1497 3809 ---

73 3861 90 3890 ¹·
117 3861 194 3916 dalea
212 3876 271 3913 aesc
288 3877 369 3911 veras
387 3867 483 3928 partes
501 3859 650 3912 exteriores
670 3867 752 3928 atquc
770 3859 854 3913 etiam
867 3878 948 3913 mem·

118 3947 169 4001 bra
187 3946 251 3999 licet
271 3945 356 3999 arido
374 3953 401 3998 at
421 3953 533 4000 mortua
551 3947 679 4017 corporat
701 3947 841 4002 ccclesias.
872 3946 947 4002 Deti-
1234 3946 1253 4007 S
1271 3947 1298 4008 E
1316 3947 1337 4009 (l
1354 3948 1379 4008 Τ
1396 3950 1452 4011 10
1487 3950 1547 4012 IX.

73 4016 93 4046 '²
116 4035 274 4090 nitentem
299 4033 421 4087 occultos
444 4031 582 4097 infideles,
608 4033 682 4104 quod
702 4034 757 4087 sint
777 4033 809 4102 ii,
833 4037 882 4104 qai
898 4053 948 4088 nce

111 4122 198 4191 fiam
231 4121 382 4188 internam,
414 4136 463 4171 nec
489 4120 577 4173 ullam
602 4120 791 4174 Clerisriasam
818 4122 948 4175 virtutem
975 4107 1040 4174 DE
1070 4102 1319 4181 ANGELIS,
1345 4104 1412 4170 AN
1439 4104 1547 4170 ILLl
1575 4104 1699 4173 SINT
1721 4109 1808 4174 EO·

117 4206 217 4261 habeut
235 4215 260 4258 ct
281 4214 371 4258 taurea
391 4207 510 4259 ceterius
525 4213 644 4274 propter
663 4207 817 4276 temporale
829 4209 948 4276 aliquod
1154 4205 1375 4272 CLESIAE
1403 4206 1629 4275 MEMBRA.

116 4295 287 4349 commodam
306 4294 395 4362 fidem
417 4293 583 4347 catholicam
598 4296 764 4362 profiteatur
785 4303 810 4347 ct
829 4312 946 4346 conamu-

115 4381 198 4434 m'oac
226 4387 464 4431 sacramentorum
490 4381 565 4432 acris
585 4381 714 4443 fidelihus
735 4381 962 4465 permiscentur.¹
1008 4384 1049 4434 68.
1086 4376 1268 4431 Bellarminus
1296 4376 1344 4433 lib.
1373 4382 1396 4431 4.
1424 4376 1459 4431 da
1486 4375 1588 4434 Christi
1614 4378 1708 4435 anima
1732 4398 1756 4436 c.
1782 4389 1806 4436 ὃ.
1821 4395 1853 4436 An
1868 4407 1909 4437 su·

115 4465 337 4537 Respondemus:
359 4471 380 4519 1.
393 4464 649 4538 Bellarmiuusipse
662 4468 797 4539 agnoscit,
811 4462 1002 4540 quosdam'§.
1038 4464 1139 4535 prima:
1176 4462 1281 4530 Ampeli
1311 4465 1486 4516 continemur
1516 4467 1599 4518 etiam
1628 4468 1658 4519 ιἰι
1689 4483 1807 4538 corpore
1821 4450 1927 4541 {fflnffl

118 4553 277 4606 Catholicae
311 4552 355 4603 hic
383 4552 412 4603 iu
439 4561 583 4619 ricpaatem
610 4557 759 4608 carrccdcre
784 4554 947 4605 scatentium
975 4551 1086 4618 Christi,
1108 4552 1184 4619 qrsocl
1202 4557 1242 4602 cst
1261 4551 1388 4604 ccclesia.
1425 4552 1456 4585 *⁸
1466 4550 1544 4605 Idem
1563 4558 1655 4606 tamen
1674 4553 1722 4609 lib.
1736 4561 1759 4608 2.
1772 4555 1806 4609 de
1821 4554 1941 4594 scelestas.

115 4656 149 4693 ac
167 4647 275 4692 nostras
293 4648 386 4707 partes
404 4637 484 4692 tueri.
522 4645 543 4692 2.
562 4639 796 4713 Distinguendum
815 4639 886 4692 inter
905 4656 946 4692 ec·
973 4645 1043 4710 grat.
1068 4643 1096 4692 et
1120 4635 1168 4690 lib.
1195 4635 1254 4690 arb.
1274 4652 1298 4690 c.
1321 4643 1360 4691 17.
1380 4653 1458 4706 prop.
1482 4643 1521 4693 lo.
1540 4637 1651 4693 scribit:
1676 4638 1805 4702 Quasnam

115 4725 214 4780 elesius
230 4725 420 4793 particulares
439 4733 464 4776 al
483 4727 650 4781 catholicam
669 4728 779 4798 proprie
798 4744 831 4781 ac
848 4732 947 4799 κυρίως
974 4725 1070 4794 capell
1094 4740 1201 4793 qaoque
1224 4724 1318 4776 sancti
1340 4723 1430 4792 pratis
1452 4725 1664 4791 praedestinati
1684 4727 1740 4779 siat
1766 4731 1807 4781 acl

116 4813 155 4865 sic
174 4812 292 4879 dicam,
310 4810 411 4864 occulti
433 4809 557 4866 infideles
576 4814 680 4867 suntin
693 4813 815 4868 ecclesiis
828 4811 947 4882 particu-
974 4816 1059 4865 vitam
1080 4819 1222 4864 aeternam
1237 4812 1347 4879 partim
1368 4827 1400 4862 cc
1417 4811 1481 4863 sola
1495 4812 1555 4864 Dci
1570 4811 1721 4880 calamato,
1736 4831 1805 4882 par·

116 4898 228 4966 laribus,
247 4897 296 4952 sed
314 4897 349 4951 ad
371 4895 534 4951 catholicam
553 4900 662 4969 proprie
675 4899 715 4953 sic
728 4899 829 4953 dictam
839 4898 947 4952 minime
975 4900 1023 4952 tim
1046 4898 1081 4950 oh
1103 4898 1238 4966 praecisa
1254 4905 1371 4967 peccata
1389 4898 1544 4964 reprobati,
1572 4905 1671 4950 tantem
1691 4901 1807 4953 divitiae

116 4984 263 5054 pertinent.
300 4988 324 5037 3.
344 4982 402 5036 Nec
432 4989 522 5052 potest
541 4982 593 5038 hoc
615 4984 729 5040 diffiteri
755 4985 947 5047 Bellarminus,
975 4985 1085 5053 pratiae
1108 4991 1134 5037 et
1158 4984 1286 5052 justitiae
1307 4983 1368 5035 Dei
1389 4983 1479 5051 mapis
1505 4985 1687 5037 ostendantur
1705 4987 1735 5037 ia
1753 4988 1805 5040 cle·

85 5132 88 5138 ,
117 5088 180 5126 cum
198 5071 226 5123 in
243 5069 294 5124 hoc
313 5070 373 5139 ipso
392 5071 483 5140 capite
500 5070 539 5124 sic
558 5070 677 5141 scribat,
694 5074 814 5128 occultos
831 5074 949 5125 haercti-
976 5074 1064 5127 ctione
1087 5077 1113 5123 ct
1135 5071 1331 5138 reprobatione
1349 5068 1496 5122 horminum.
1531 5069 1737 5126 iiFranciscus
1756 5074 1805 5128 Ju-

73 5159 165 5210 79·cos
192 5175 246 5209 aon
274 5173 331 5209 csse
352 5155 512 5210 Catholicae
539 5156 633 5211 aalma
661 5176 694 5211 ac
717 5160 871 5226 voluntate,
899 5161 950 5211 scd
975 5157 1038 5211 nius
1062 5156 1110 5209 lib.
1137 5156 1170 5210 de
1196 5155 1294 5210 eccles.
1312 5171 1336 5210 ο.
1356 5161 1380 5209 3.
1396 5162 1493 5223 partes
1510 5156 1655 5223 peaeralcs
1673 5160 1806 5213 acclesiae

117 5251 224 5296 totilum
252 5250 366 5296 caterua
390 5245 459 5306 helei
477 5245 658 5313 professione
683 5246 769 5316 (atqui
794 5255 825 5300 ut
851 5242 1119 5341 aliquis'constituit
1143 5245 1229 5308 duas,
1258 5242 1414 5309 capelimsm
1443 5248 1468 5293 ct
1491 5241 1641 5297 laamauam
1665 5250 1805 5313 parvitati*

116 5329 152 5383 sit
164 5329 318 5384 membrum
330 5331 462 5386 ecclesiae
475 5330 633 5397 catholicae,
646 5332 801 5403 requiritur,
814 5340 845 5386 ut
858 5333 949 5388 auimo
977 5333 1164 5402 Ravensperg,
1184 5328 1279 5384 decad.
1294 5334 1316 5383 ³.
1333 5326 1439 5398 glaber.
1458 5344 1527 5382 sacr.
1545 5336 1651 5400 quaest.
1665 5338 1693 5388 6:
1707 5335 1805 5388 Eccle-

117 5434 151 5472 ac
162 5416 303 5471 voluntate
316 5416 473 5473 Cathollcus
488 5418 532 5485 sit,
546 5435 601 5472 nou
617 5423 730 5473 externa
742 5417 875 5474 duntaxat
887 5439 948 5490 pro·
977 5421 1022 5476 sia
1040 5420 1160 5472 sumitur
1175 5418 1219 5472 vel
1238 5417 1304 5485 lats,
1321 5416 1363 5470 vel
1374 5415 1469 5469 stricte
1481 5424 1509 5470 et
1516 5419 1642 5487 proprie.
1667 5422 1737 5477 Late
1748 5440 1803 5491 pra

169 5510 269 5552 Gsrhnrdi
283 5512 330 5554 loci.
346 5512 369 5556 V.
1441 5524 1474 5575 20
