<?xml version="1.0" encoding="UTF-8"?>
<!DOCTYPE html PUBLIC "-//W3C//DTD XHTML 1.0 Transitional//EN"
    "http://www.w3.org/TR/xhtml1/DTD/xhtml1-transitional.dtd">
<html xmlns="http://www.w3.org/1999/xhtml" xml:lang="en" lang="en">
 <head>
  <title>
</title>
<meta http-equiv="Content-Type" content="text/html;charset=utf-8" />
  <meta name='ocr-system' content='tesseract 3.04.00' />
  <meta name='ocr-capabilities' content='ocr_page ocr_carea ocr_par ocr_line ocrx_word'/>
</head>
<body>
  <div class='ocr_page' id='page_1' title='image "./lta-11000/locitheologicit03gerhgoog/locitheologicit03gerhgoog_0524.png"; bbox 0 0 4004 6022; ppageno 0'>
   <div class='ocr_carea' id='block_1_1' title="bbox 736 214 1793 286">
    <p class='ocr_par' dir='ltr' id='par_1_1' title="bbox 736 214 1793 286">
     <span class='ocr_line' id='line_1_1' title="bbox 736 214 1793 286; baseline 0.014 -15"><span class='ocrx_word' id='word_1_1' title='bbox 736 236 738 241; x_wconf 94' lang='lat'>·</span> <span class='ocrx_word' id='word_1_2' title='bbox 820 214 1078 274; x_wconf 69' lang='lat' dir='ltr'><strong>nummula</strong></span> <span class='ocrx_word' id='word_1_3' title='bbox 1146 252 1149 257; x_wconf 66' lang='lat'><strong><em>‹</em></strong></span> <span class='ocrx_word' id='word_1_4' title='bbox 1732 224 1793 286; x_wconf 81' lang='lat' dir='ltr'><strong>tlt</strong></span> 
     </span>
    </p>
   </div>
   <div class='ocr_carea' id='block_1_2' title="bbox 49 367 1893 5624">
    <p class='ocr_par' dir='ltr' id='par_1_2' title="bbox 96 367 1836 2601">
     <span class='ocr_line' id='line_1_2' title="bbox 97 367 1795 445; baseline 0.001 -16"><span class='ocrx_word' id='word_1_5' title='bbox 97 367 321 429; x_wconf 80' lang='lat' dir='ltr'><strong>Constantiensis</strong></span> <span class='ocrx_word' id='word_1_6' title='bbox 343 391 408 429; x_wconf 88' lang='lat' dir='ltr'><strong>sess.</strong></span> <span class='ocrx_word' id='word_1_7' title='bbox 433 377 473 431; x_wconf 88' lang='grc'><strong>11.</strong></span> <span class='ocrx_word' id='word_1_8' title='bbox 495 379 561 430; x_wconf 86' lang='lat' dir='ltr'><strong>tom.</strong></span> <span class='ocrx_word' id='word_1_9' title='bbox 583 379 608 430; x_wconf 99' lang='grc'><strong>2.</strong></span> <span class='ocrx_word' id='word_1_10' title='bbox 626 372 723 429; x_wconf 90' lang='lat' dir='ltr'><strong>concil.</strong></span> <span class='ocrx_word' id='word_1_11' title='bbox 741 389 770 444; x_wconf 89' lang='lat' dir='ltr'><strong>p.</strong></span> <span class='ocrx_word' id='word_1_12' title='bbox 791 378 847 431; x_wconf 78' lang='lat' dir='ltr'><strong>leo.</strong></span> <span class='ocrx_word' id='word_1_13' title='bbox 866 372 935 443; x_wconf 78' lang='lat' dir='ltr'><strong>Spe·</strong></span> <span class='ocrx_word' id='word_1_14' title='bbox 965 373 1043 427; x_wconf 85' lang='lat' dir='ltr'><strong>diam</strong></span> <span class='ocrx_word' id='word_1_15' title='bbox 1060 373 1146 427; x_wconf 84' lang='lat' dir='ltr'><strong>matri</strong></span> <span class='ocrx_word' id='word_1_16' title='bbox 1162 372 1303 443; x_wconf 70' lang='grc'><strong>1111111111,</strong></span> <span class='ocrx_word' id='word_1_17' title='bbox 1321 378 1348 428; x_wconf 89' lang='lat' dir='ltr'><strong>et</strong></span> <span class='ocrx_word' id='word_1_18' title='bbox 1365 370 1430 429; x_wconf 84' lang='lat' dir='ltr'><strong>ideo</strong></span> <span class='ocrx_word' id='word_1_19' title='bbox 1448 371 1475 428; x_wconf 85' lang='lat' dir='ltr'><strong>si</strong></span> <span class='ocrx_word' id='word_1_20' title='bbox 1494 373 1557 444; x_wconf 71' lang='lat' dir='ltr'><strong>orsis</strong></span> <span class='ocrx_word' id='word_1_21' title='bbox 1573 374 1665 445; x_wconf 76' lang='grc'><strong>111111,</strong></span> <span class='ocrx_word' id='word_1_22' title='bbox 1681 391 1711 430; x_wconf 85' lang='lat' dir='ltr'><strong>se</strong></span> <span class='ocrx_word' id='word_1_23' title='bbox 1728 392 1795 444; x_wconf 74' lang='lat' dir='ltr'><strong>ora·</strong></span> 
     </span>
     <span class='ocr_line' id='line_1_3' title="bbox 99 459 1827 531; baseline 0.002 -17"><span class='ocrx_word' id='word_1_24' title='bbox 99 459 203 514; x_wconf 72' lang='grc' dir='ltr'><strong>σιάἱιιιι</strong></span> <span class='ocrx_word' id='word_1_25' title='bbox 228 461 312 523; x_wconf 78' lang='lat' dir='ltr'><strong>fidem</strong></span> <span class='ocrx_word' id='word_1_26' title='bbox 331 461 545 514; x_wconf 65' lang='lat' dir='ltr'><strong>resurrectionis</strong></span> <span class='ocrx_word' id='word_1_27' title='bbox 563 462 604 514; x_wconf 86' lang='lat' dir='ltr'><strong>ael</strong></span> <span class='ocrx_word' id='word_1_28' title='bbox 619 462 704 514; x_wconf 87' lang='lat' dir='ltr'><strong>eitam</strong></span> <span class='ocrx_word' id='word_1_29' title='bbox 715 460 820 530; x_wconf 76' lang='lat' dir='ltr'><strong>fidelee</strong></span> <span class='ocrx_word' id='word_1_30' title='bbox 831 460 936 529; x_wconf 67' lang='lat' dir='ltr'><strong>jectiti-</strong></span> <span class='ocrx_word' id='word_1_31' title='bbox 962 460 1027 514; x_wconf 82' lang='lat' dir='ltr'><strong>rori</strong></span> <span class='ocrx_word' id='word_1_32' title='bbox 1045 479 1064 514; x_wconf 86' lang='lat' dir='ltr'><strong>a</strong></span> <span class='ocrx_word' id='word_1_33' title='bbox 1079 462 1148 527; x_wconf 73' lang='lat' dir='ltr'><strong>foro</strong></span> <span class='ocrx_word' id='word_1_34' title='bbox 1162 462 1289 530; x_wconf 61' lang='lat' dir='ltr'><strong>factitiae</strong></span> <span class='ocrx_word' id='word_1_35' title='bbox 1303 463 1368 531; x_wconf 87' lang='lat' dir='ltr'><strong>Dei,</strong></span> <span class='ocrx_word' id='word_1_36' title='bbox 1385 462 1511 531; x_wconf 80' lang='lat' dir='ltr'><strong>appellet</strong></span> <span class='ocrx_word' id='word_1_37' title='bbox 1528 463 1570 516; x_wconf 84' lang='lat' dir='ltr'><strong>ad</strong></span> <span class='ocrx_word' id='word_1_38' title='bbox 1578 465 1677 528; x_wconf 79' lang='lat' dir='ltr'><strong>forum</strong></span> <span class='ocrx_word' id='word_1_39' title='bbox 1688 462 1794 517; x_wconf 68' lang='grc'><strong>11111111·-</strong></span> <span class='ocrx_word' id='word_1_40' title='bbox 1823 502 1827 511; x_wconf 83' lang='lat'><strong>.</strong></span> 
     </span>
     <span class='ocr_line' id='line_1_4' title="bbox 98 544 1793 617; baseline 0.003 -18"><span class='ocrx_word' id='word_1_41' title='bbox 98 554 179 600; x_wconf 77' lang='lat' dir='ltr'><strong>catat</strong></span> <span class='ocrx_word' id='word_1_42' title='bbox 207 545 309 599; x_wconf 79' lang='lat' dir='ltr'><strong>habere</strong></span> <span class='ocrx_word' id='word_1_43' title='bbox 334 553 419 617; x_wconf 87' lang='lat' dir='ltr'><strong>negat</strong></span> <span class='ocrx_word' id='word_1_44' title='bbox 439 545 569 601; x_wconf 89' lang='lat' dir='ltr'><strong>Costerus</strong></span> <span class='ocrx_word' id='word_1_45' title='bbox 588 547 615 601; x_wconf 93' lang='lat' dir='ltr'><strong>in</strong></span> <span class='ocrx_word' id='word_1_46' title='bbox 635 546 707 617; x_wconf 87' lang='lat' dir='ltr'><strong>apol.</strong></span> <span class='ocrx_word' id='word_1_47' title='bbox 729 552 749 602; x_wconf 91' lang='grc'><strong>1.</strong></span> <span class='ocrx_word' id='word_1_48' title='bbox 767 551 864 601; x_wconf 75' lang='lat' dir='ltr'><strong>centn</strong></span> <span class='ocrx_word' id='word_1_49' title='bbox 881 544 936 599; x_wconf 82' lang='lat' dir='ltr'><strong>Go·</strong></span> <span class='ocrx_word' id='word_1_50' title='bbox 962 549 1077 601; x_wconf 82' lang='lat' dir='ltr'><strong>cordiae</strong></span> <span class='ocrx_word' id='word_1_51' title='bbox 1095 549 1195 602; x_wconf 84' lang='lat' dir='ltr'><strong>matris</strong></span> <span class='ocrx_word' id='word_1_52' title='bbox 1213 549 1283 617; x_wconf 79' lang='lat' dir='ltr'><strong>ejas.</strong></span> <span class='ocrx_word' id='word_1_53' title='bbox 1318 547 1391 603; x_wconf 91' lang='lat' dir='ltr'><strong>Vide</strong></span> <span class='ocrx_word' id='word_1_54' title='bbox 1409 546 1496 604; x_wconf 82' lang='lat' dir='ltr'><strong>Gabr.</strong></span> <span class='ocrx_word' id='word_1_55' title='bbox 1510 548 1579 605; x_wconf 88' lang='lat' dir='ltr'><strong>Biel</strong></span> <span class='ocrx_word' id='word_1_56' title='bbox 1598 549 1627 604; x_wconf 91' lang='lat' dir='ltr'><strong>in</strong></span> <span class='ocrx_word' id='word_1_57' title='bbox 1644 547 1712 604; x_wconf 84' lang='lat' dir='ltr'><strong>Can.</strong></span> <span class='ocrx_word' id='word_1_58' title='bbox 1730 549 1793 605; x_wconf 88' lang='lat' dir='ltr'><strong>leet.</strong></span> 
     </span>
     <span class='ocr_line' id='line_1_5' title="bbox 97 631 1836 703; baseline 0.003 -17"><span class='ocrx_word' id='word_1_59' title='bbox 97 647 208 686; x_wconf 85' lang='lat' dir='ltr'><strong>marum</strong></span> <span class='ocrx_word' id='word_1_60' title='bbox 230 649 258 702; x_wconf 92' lang='lat' dir='ltr'><strong>p.</strong></span> <span class='ocrx_word' id='word_1_61' title='bbox 286 636 343 688; x_wconf 80' lang='grc'><strong>228.</strong></span> <span class='ocrx_word' id='word_1_62' title='bbox 378 632 521 686; x_wconf 81' lang='lat' dir='ltr'><strong>Articulus</strong></span> <span class='ocrx_word' id='word_1_63' title='bbox 546 632 739 688; x_wconf 90' lang='lat' dir='ltr'><strong>duodecimus:</strong></span> <span class='ocrx_word' id='word_1_64' title='bbox 765 634 806 686; x_wconf 87' lang='lat' dir='ltr'><strong>Et</strong></span> <span class='ocrx_word' id='word_1_65' title='bbox 829 631 934 700; x_wconf 84' lang='lat' dir='ltr'><strong>(eredo)</strong></span> <span class='ocrx_word' id='word_1_66' title='bbox 962 638 1003 690; x_wconf 83' lang='lat'><strong>80.</strong></span> <span class='ocrx_word' id='word_1_67' title='bbox 1023 633 1064 690; x_wconf 90' lang='lat' dir='ltr'><strong>lit.</strong></span> <span class='ocrx_word' id='word_1_68' title='bbox 1087 651 1112 690; x_wconf 89' lang='lat' dir='ltr'><strong>c.</strong></span> <span class='ocrx_word' id='word_1_69' title='bbox 1147 633 1251 689; x_wconf 87' lang='lat' dir='ltr'><strong>Contra</strong></span> <span class='ocrx_word' id='word_1_70' title='bbox 1267 634 1355 692; x_wconf 89' lang='lat' dir='ltr'><strong>Hebr.</strong></span> <span class='ocrx_word' id='word_1_71' title='bbox 1373 642 1403 702; x_wconf 81' lang='lat'><strong>4,</strong></span> <span class='ocrx_word' id='word_1_72' title='bbox 1420 653 1445 690; x_wconf 83' lang='grc' dir='ltr'><strong>ι.</strong></span> <span class='ocrx_word' id='word_1_73' title='bbox 1467 642 1506 692; x_wconf 84' lang='grc'><strong>14.</strong></span> <span class='ocrx_word' id='word_1_74' title='bbox 1523 653 1549 693; x_wconf 88' lang='lat' dir='ltr'><strong>c.</strong></span> <span class='ocrx_word' id='word_1_75' title='bbox 1568 643 1598 702; x_wconf 87' lang='grc'><strong>’1,</strong></span> <span class='ocrx_word' id='word_1_76' title='bbox 1615 654 1641 691; x_wconf 83' lang='lat' dir='ltr'><strong>v.</strong></span> <span class='ocrx_word' id='word_1_77' title='bbox 1661 641 1702 692; x_wconf 78' lang='lat'><strong>25.</strong></span> <span class='ocrx_word' id='word_1_78' title='bbox 1724 640 1793 703; x_wconf 70' lang='lat' dir='ltr'><strong>at,</strong></span> <span class='ocrx_word' id='word_1_79' title='bbox 1834 675 1836 677; x_wconf 75' lang='lat'><strong>.</strong></span> 
     </span>
     <span class='ocr_line' id='line_1_6' title="bbox 96 716 1794 793; baseline 0.004 -22"><span class='ocrx_word' id='word_1_80' title='bbox 96 717 186 771; x_wconf 78' lang='lat' dir='ltr'><strong>uitam</strong></span> <span class='ocrx_word' id='word_1_81' title='bbox 204 725 351 771; x_wconf 66' lang='grc'><strong>(1111111111.</strong></span> <span class='ocrx_word' id='word_1_82' title='bbox 388 718 469 772; x_wconf 89' lang='lat' dir='ltr'><strong>Hunc</strong></span> <span class='ocrx_word' id='word_1_83' title='bbox 490 718 637 773; x_wconf 88' lang='lat' dir='ltr'><strong>articulum</strong></span> <span class='ocrx_word' id='word_1_84' title='bbox 655 718 751 773; x_wconf 90' lang='lat' dir='ltr'><strong>itidem</strong></span> <span class='ocrx_word' id='word_1_85' title='bbox 762 719 877 789; x_wconf 84' lang='lat' dir='ltr'><strong>negavit</strong></span> <span class='ocrx_word' id='word_1_86' title='bbox 887 716 986 791; x_wconf 73' lang='lat' dir='ltr'><strong>Jo-,a</strong></span> <span class='ocrx_word' id='word_1_87' title='bbox 1015 725 1054 776; x_wconf 91' lang='grc'><strong>11.</strong></span> <span class='ocrx_word' id='word_1_88' title='bbox 1088 720 1167 776; x_wconf 83' lang='lat' dir='ltr'><strong>Rom</strong></span> <span class='ocrx_word' id='word_1_89' title='bbox 1193 728 1224 786; x_wconf 77' lang='lat'><strong>5,</strong></span> <span class='ocrx_word' id='word_1_90' title='bbox 1248 740 1274 778; x_wconf 87' lang='lat' dir='ltr'><strong>v.</strong></span> <span class='ocrx_word' id='word_1_91' title='bbox 1304 729 1325 778; x_wconf 96' lang='grc'><strong>1.</strong></span> <span class='ocrx_word' id='word_1_92' title='bbox 1360 721 1433 793; x_wconf 82' lang='lat' dir='ltr'><strong>pr.</strong></span> <span class='ocrx_word' id='word_1_93' title='bbox 1453 727 1481 792; x_wconf 88' lang='grc'><strong>2,</strong></span> <span class='ocrx_word' id='word_1_94' title='bbox 1507 741 1533 778; x_wconf 83' lang='grc'><strong>1.</strong></span> <span class='ocrx_word' id='word_1_95' title='bbox 1554 729 1592 779; x_wconf 84' lang='grc'><strong>18.</strong></span> <span class='ocrx_word' id='word_1_96' title='bbox 1634 727 1656 777; x_wconf 89' lang='grc'><strong>1.</strong></span> <span class='ocrx_word' id='word_1_97' title='bbox 1676 720 1748 775; x_wconf 84' lang='lat' dir='ltr'><strong>Tim</strong></span> <span class='ocrx_word' id='word_1_98' title='bbox 1771 727 1794 790; x_wconf 88' lang='lat' dir='ltr'><strong>t,</strong></span> 
     </span>
     <span class='ocr_line' id='line_1_7' title="bbox 97 801 1793 881; baseline 0.003 -25"><span class='ocrx_word' id='word_1_99' title='bbox 97 801 207 858; x_wconf 84' lang='lat' dir='ltr'><strong>hannee</strong></span> <span class='ocrx_word' id='word_1_100' title='bbox 230 802 342 859; x_wconf 85' lang='lat' dir='ltr'><strong>XXIII.</strong></span> <span class='ocrx_word' id='word_1_101' title='bbox 367 803 497 873; x_wconf 80' lang='lat' dir='ltr'>pontifex.</span> <span class='ocrx_word' id='word_1_102' title='bbox 534 805 577 858; x_wconf 82' lang='lat' dir='ltr'><strong>Ac</strong></span> <span class='ocrx_word' id='word_1_103' title='bbox 601 803 786 860; x_wconf 83' lang='lat' dir='ltr'><strong>labefactatur</strong></span> <span class='ocrx_word' id='word_1_104' title='bbox 801 803 876 858; x_wconf 89' lang='lat' dir='ltr'><strong>illius</strong></span> <span class='ocrx_word' id='word_1_105' title='bbox 894 803 934 856; x_wconf 90' lang='lat' dir='ltr'><strong>in·</strong></span> <span class='ocrx_word' id='word_1_106' title='bbox 960 822 986 861; x_wconf 81' lang='lat' dir='ltr'><strong>r.</strong></span> <span class='ocrx_word' id='word_1_107' title='bbox 1007 813 1028 861; x_wconf 83' lang='lat'><strong>5.</strong></span> <span class='ocrx_word' id='word_1_108' title='bbox 1060 812 1082 863; x_wconf 89' lang='grc'><strong>1.</strong></span> <span class='ocrx_word' id='word_1_109' title='bbox 1103 806 1165 863; x_wconf 83' lang='lat' dir='ltr'><strong>Joh</strong></span> <span class='ocrx_word' id='word_1_110' title='bbox 1185 812 1210 877; x_wconf 88' lang='grc'><strong>2,</strong></span> <span class='ocrx_word' id='word_1_111' title='bbox 1228 826 1253 864; x_wconf 84' lang='lat' dir='ltr'><strong>v.</strong></span> <span class='ocrx_word' id='word_1_112' title='bbox 1276 815 1298 864; x_wconf 92' lang='grc'><strong>1.</strong></span> <span class='ocrx_word' id='word_1_113' title='bbox 1324 808 1362 864; x_wconf 84' lang='lat' dir='ltr'><strong>Et</strong></span> <span class='ocrx_word' id='word_1_114' title='bbox 1373 808 1436 881; x_wconf 87' lang='lat' dir='ltr'><strong>quia</strong></span> <span class='ocrx_word' id='word_1_115' title='bbox 1449 816 1541 880; x_wconf 84' lang='lat' dir='ltr'><strong>neget,</strong></span> <span class='ocrx_word' id='word_1_116' title='bbox 1561 808 1635 881; x_wconf 92' lang='lat' dir='ltr'><strong>quod</strong></span> <span class='ocrx_word' id='word_1_117' title='bbox 1648 809 1793 878; x_wconf 85' lang='lat' dir='ltr'><strong>inpapatu</strong></span> 
     </span>
     <span class='ocr_line' id='line_1_8' title="bbox 97 888 1792 967; baseline 0.002 -23"><span class='ocrx_word' id='word_1_118' title='bbox 97 889 217 962; x_wconf 80' lang='lat' dir='ltr'><strong>tegritas</strong></span> <span class='ocrx_word' id='word_1_119' title='bbox 237 888 438 959; x_wconf 86' lang='lat' dir='ltr'><strong>aPontiiiciia,</strong></span> <span class='ocrx_word' id='word_1_120' title='bbox 477 896 498 946; x_wconf 94' lang='grc'><strong>1.</strong></span> <span class='ocrx_word' id='word_1_121' title='bbox 519 891 586 945; x_wconf 90' lang='lat' dir='ltr'><strong>dum</strong></span> <span class='ocrx_word' id='word_1_122' title='bbox 604 898 716 962; x_wconf 84' lang='lat' dir='ltr'><strong>negant,</strong></span> <span class='ocrx_word' id='word_1_123' title='bbox 734 891 833 956; x_wconf 65' lang='lat' dir='ltr'><strong>fidelea</strong></span> <span class='ocrx_word' id='word_1_124' title='bbox 844 898 934 943; x_wconf 76' lang='lat' dir='ltr'><strong>certor</strong></span> <span class='ocrx_word' id='word_1_125' title='bbox 960 894 1096 962; x_wconf 53' lang='lat' dir='ltr'><strong>regnem</strong></span> <span class='ocrx_word' id='word_1_126' title='bbox 1117 898 1139 948; x_wconf 88' lang='lat'><strong>1.</strong></span> <span class='ocrx_word' id='word_1_127' title='bbox 1158 895 1321 966; x_wconf 66' lang='lat' dir='ltr'><strong>meremor,</strong></span> <span class='ocrx_word' id='word_1_128' title='bbox 1339 912 1394 951; x_wconf 91' lang='lat' dir='ltr'><strong>non</strong></span> <span class='ocrx_word' id='word_1_129' title='bbox 1413 895 1525 967; x_wconf 88' lang='lat' dir='ltr'><strong>quidem</strong></span> <span class='ocrx_word' id='word_1_130' title='bbox 1545 895 1723 959; x_wconf 82' lang='lat' dir='ltr'><strong>manifestus,</strong></span> <span class='ocrx_word' id='word_1_131' title='bbox 1743 893 1792 948; x_wconf 85' lang='lat' dir='ltr'><strong>sed</strong></span> 
     </span>
     <span class='ocr_line' id='line_1_9' title="bbox 97 977 1793 1053; baseline 0.002 -23"><span class='ocrx_word' id='word_1_132' title='bbox 97 992 160 1031; x_wconf 78' lang='lat' dir='ltr'><strong>ears</strong></span> <span class='ocrx_word' id='word_1_133' title='bbox 175 993 260 1046; x_wconf 82' lang='lat' dir='ltr'><strong>posse</strong></span> <span class='ocrx_word' id='word_1_134' title='bbox 284 995 318 1031; x_wconf 85' lang='lat' dir='ltr'><strong>ao</strong></span> <span class='ocrx_word' id='word_1_135' title='bbox 342 977 442 1030; x_wconf 82' lang='lat' dir='ltr'><strong>debere</strong></span> <span class='ocrx_word' id='word_1_136' title='bbox 465 978 501 1030; x_wconf 81' lang='lat' dir='ltr'><strong>‹ls</strong></span> <span class='ocrx_word' id='word_1_137' title='bbox 517 980 575 1031; x_wconf 81' lang='lat' dir='ltr'><strong>vita</strong></span> <span class='ocrx_word' id='word_1_138' title='bbox 595 986 711 1030; x_wconf 80' lang='lat' dir='ltr'><strong>aeterna</strong></span> <span class='ocrx_word' id='word_1_139' title='bbox 730 977 933 1045; x_wconf 71' lang='lat' dir='ltr'><strong>carnequeods,</strong></span> <span class='ocrx_word' id='word_1_140' title='bbox 960 980 1092 1036; x_wconf 85' lang='lat' dir='ltr'><strong>occultus.</strong></span> <span class='ocrx_word' id='word_1_141' title='bbox 1117 978 1169 1035; x_wconf 83' lang='lat' dir='ltr'><strong>Est</strong></span> <span class='ocrx_word' id='word_1_142' title='bbox 1180 988 1274 1035; x_wconf 90' lang='lat' dir='ltr'><strong>autem</strong></span> <span class='ocrx_word' id='word_1_143' title='bbox 1291 981 1440 1038; x_wconf 84' lang='lat' dir='ltr'><strong>atheismm</strong></span> <span class='ocrx_word' id='word_1_144' title='bbox 1458 983 1589 1051; x_wconf 64' lang='lat' dir='ltr'><strong>accubas,</strong></span> <span class='ocrx_word' id='word_1_145' title='bbox 1607 981 1718 1053; x_wconf 90' lang='lat' dir='ltr'><strong>quando</strong></span> <span class='ocrx_word' id='word_1_146' title='bbox 1731 979 1793 1051; x_wconf 87' lang='lat' dir='ltr'><strong>quis</strong></span> 
     </span>
     <span class='ocr_line' id='line_1_10' title="bbox 98 1061 1792 1142; baseline 0.002 -24"><span class='ocrx_word' id='word_1_147' title='bbox 98 1078 174 1118; x_wconf 80' lang='lat' dir='ltr'><strong>eene</strong></span> <span class='ocrx_word' id='word_1_148' title='bbox 201 1061 296 1117; x_wconf 91' lang='lat' dir='ltr'><strong>Colon.</strong></span> <span class='ocrx_word' id='word_1_149' title='bbox 318 1080 345 1133; x_wconf 88' lang='lat' dir='ltr'><strong>p.</strong></span> <span class='ocrx_word' id='word_1_150' title='bbox 371 1068 412 1117; x_wconf 87' lang='grc'><strong>92.</strong></span> <span class='ocrx_word' id='word_1_151' title='bbox 449 1069 472 1118; x_wconf 89' lang='grc'><strong>2.</strong></span> <span class='ocrx_word' id='word_1_152' title='bbox 498 1063 571 1116; x_wconf 89' lang='lat' dir='ltr'><strong>Dum</strong></span> <span class='ocrx_word' id='word_1_153' title='bbox 591 1062 724 1118; x_wconf 78' lang='lat' dir='ltr'><strong>audacter</strong></span> <span class='ocrx_word' id='word_1_154' title='bbox 743 1062 934 1130; x_wconf 87' lang='lat' dir='ltr'><strong>determinant,</strong></span> <span class='ocrx_word' id='word_1_155' title='bbox 959 1071 1015 1120; x_wconf 89' lang='lat' dir='ltr'><strong>tres</strong></span> <span class='ocrx_word' id='word_1_156' title='bbox 1031 1082 1163 1136; x_wconf 88' lang='lat' dir='ltr'><strong>personas</strong></span> <span class='ocrx_word' id='word_1_157' title='bbox 1178 1067 1207 1121; x_wconf 90' lang='lat' dir='ltr'><strong>iu</strong></span> <span class='ocrx_word' id='word_1_158' title='bbox 1223 1084 1280 1123; x_wconf 86' lang='lat' dir='ltr'><strong>una</strong></span> <span class='ocrx_word' id='word_1_159' title='bbox 1291 1068 1386 1123; x_wconf 80' lang='lat' dir='ltr'><strong>dirius</strong></span> <span class='ocrx_word' id='word_1_160' title='bbox 1397 1068 1517 1124; x_wconf 71' lang='lat' dir='ltr'><strong>oesenda</strong></span> <span class='ocrx_word' id='word_1_161' title='bbox 1528 1067 1662 1142; x_wconf 87' lang='lat' dir='ltr'><strong>agnoscit,</strong></span> <span class='ocrx_word' id='word_1_162' title='bbox 1682 1065 1792 1122; x_wconf 90' lang='lat' dir='ltr'><strong>interim</strong></span> 
     </span>
     <span class='ocr_line' id='line_1_11' title="bbox 97 1146 1792 1227; baseline 0.003 -24"><span class='ocrx_word' id='word_1_163' title='bbox 97 1165 174 1218; x_wconf 76' lang='lat' dir='ltr'><strong>quas</strong></span> <span class='ocrx_word' id='word_1_164' title='bbox 199 1149 334 1203; x_wconf 83' lang='lat' dir='ltr'><strong>aureolae</strong></span> <span class='ocrx_word' id='word_1_165' title='bbox 358 1146 458 1219; x_wconf 88' lang='lat' dir='ltr'><strong>quibua</strong></span> <span class='ocrx_word' id='word_1_166' title='bbox 482 1148 576 1204; x_wconf 87' lang='lat' dir='ltr'><strong>electis</strong></span> <span class='ocrx_word' id='word_1_167' title='bbox 601 1149 665 1204; x_wconf 86' lang='lat' dir='ltr'><strong>olim</strong></span> <span class='ocrx_word' id='word_1_168' title='bbox 688 1149 716 1204; x_wconf 85' lang='lat' dir='ltr'><strong>in</strong></span> <span class='ocrx_word' id='word_1_169' title='bbox 744 1149 801 1203; x_wconf 84' lang='lat' dir='ltr'><strong>vita</strong></span> <span class='ocrx_word' id='word_1_170' title='bbox 822 1156 935 1204; x_wconf 88' lang='lat' dir='ltr'><strong>aeterna</strong></span> <span class='ocrx_word' id='word_1_171' title='bbox 959 1156 1053 1206; x_wconf 91' lang='lat' dir='ltr'><strong>tamen</strong></span> <span class='ocrx_word' id='word_1_172' title='bbox 1077 1170 1127 1223; x_wconf 90' lang='lat' dir='ltr'><strong>per</strong></span> <span class='ocrx_word' id='word_1_173' title='bbox 1145 1154 1356 1225; x_wconf 87' lang='lat' dir='ltr'><strong>consequentias</strong></span> <span class='ocrx_word' id='word_1_174' title='bbox 1373 1156 1541 1211; x_wconf 89' lang='lat' dir='ltr'><strong>necessariae</strong></span> <span class='ocrx_word' id='word_1_175' title='bbox 1560 1154 1661 1227; x_wconf 88' lang='lat' dir='ltr'><strong>partim</strong></span> <span class='ocrx_word' id='word_1_176' title='bbox 1679 1170 1713 1208; x_wconf 86' lang='lat' dir='ltr'><strong>ax</strong></span> <span class='ocrx_word' id='word_1_177' title='bbox 1731 1152 1792 1208; x_wconf 86' lang='lat' dir='ltr'><strong>aliis</strong></span> 
     </span>
     <span class='ocr_line' id='line_1_12' title="bbox 99 1234 1791 1313; baseline 0.003 -23"><span class='ocrx_word' id='word_1_178' title='bbox 99 1234 211 1290; x_wconf 85' lang='lat' dir='ltr'><strong>dandae</strong></span> <span class='ocrx_word' id='word_1_179' title='bbox 230 1236 293 1301; x_wconf 90' lang='lat' dir='ltr'><strong>aiut,</strong></span> <span class='ocrx_word' id='word_1_180' title='bbox 311 1254 345 1289; x_wconf 85' lang='lat' dir='ltr'><strong>ao</strong></span> <span class='ocrx_word' id='word_1_181' title='bbox 354 1238 486 1302; x_wconf 78' lang='lat' dir='ltr'><strong>fraretum</strong></span> <span class='ocrx_word' id='word_1_182' title='bbox 503 1237 672 1290; x_wconf 83' lang='lat' dir='ltr'><strong>tricesimam</strong></span> <span class='ocrx_word' id='word_1_183' title='bbox 687 1236 844 1307; x_wconf 86' lang='lat' dir='ltr'><strong>conjugatis</strong></span> <span class='ocrx_word' id='word_1_184' title='bbox 858 1242 934 1290; x_wconf 89' lang='lat' dir='ltr'><strong>caste</strong></span> <span class='ocrx_word' id='word_1_185' title='bbox 960 1237 1101 1295; x_wconf 80' lang='lat' dir='ltr'><strong>docuinae</strong></span> <span class='ocrx_word' id='word_1_186' title='bbox 1126 1248 1175 1294; x_wconf 90' lang='lat' dir='ltr'><strong>aut</strong></span> <span class='ocrx_word' id='word_1_187' title='bbox 1194 1239 1259 1295; x_wconf 91' lang='lat' dir='ltr'><strong>fidei</strong></span> <span class='ocrx_word' id='word_1_188' title='bbox 1277 1241 1431 1311; x_wconf 72' lang='lat' dir='ltr'>capitibus,</span> <span class='ocrx_word' id='word_1_189' title='bbox 1449 1242 1550 1313; x_wconf 89' lang='lat' dir='ltr'><strong>partim</strong></span> <span class='ocrx_word' id='word_1_190' title='bbox 1569 1259 1602 1297; x_wconf 87' lang='lat' dir='ltr'><strong>ax</strong></span> <span class='ocrx_word' id='word_1_191' title='bbox 1623 1241 1728 1296; x_wconf 91' lang='lat' dir='ltr'><strong>ratione</strong></span> <span class='ocrx_word' id='word_1_192' title='bbox 1747 1256 1791 1295; x_wconf 90' lang='lat' dir='ltr'><strong>co—</strong></span> 
     </span>
     <span class='ocr_line' id='line_1_13' title="bbox 98 1319 1792 1401; baseline 0.004 -28"><span class='ocrx_word' id='word_1_193' title='bbox 98 1319 268 1391; x_wconf 78' lang='lat' dir='ltr'><strong>virentibus,</strong></span> <span class='ocrx_word' id='word_1_194' title='bbox 284 1321 484 1389; x_wconf 75' lang='lat' dir='ltr'><strong>aecaoesimam</strong></span> <span class='ocrx_word' id='word_1_195' title='bbox 504 1321 595 1375; x_wconf 80' lang='lat' dir='ltr'><strong>viduis</strong></span> <span class='ocrx_word' id='word_1_196' title='bbox 613 1321 831 1388; x_wconf 87' lang='lat' dir='ltr'><strong>continentibus,</strong></span> <span class='ocrx_word' id='word_1_197' title='bbox 848 1331 934 1377; x_wconf 80' lang='lat' dir='ltr'><strong>cente·</strong></span> <span class='ocrx_word' id='word_1_198' title='bbox 959 1323 1035 1378; x_wconf 86' lang='lat' dir='ltr'><strong>leudi</strong></span> <span class='ocrx_word' id='word_1_199' title='bbox 1053 1324 1144 1380; x_wconf 89' lang='lat' dir='ltr'><strong>Deum</strong></span> <span class='ocrx_word' id='word_1_200' title='bbox 1162 1326 1295 1381; x_wconf 88' lang='lat' dir='ltr'><strong>deductae</strong></span> <span class='ocrx_word' id='word_1_201' title='bbox 1313 1328 1420 1398; x_wconf 83' lang='lat' dir='ltr'><strong>evertit,</strong></span> <span class='ocrx_word' id='word_1_202' title='bbox 1438 1328 1468 1383; x_wconf 92' lang='lat' dir='ltr'><strong>id</strong></span> <span class='ocrx_word' id='word_1_203' title='bbox 1484 1328 1560 1401; x_wconf 88' lang='lat' dir='ltr'><strong>quod</strong></span> <span class='ocrx_word' id='word_1_204' title='bbox 1574 1327 1646 1382; x_wconf 90' lang='lat' dir='ltr'><strong>bene</strong></span> <span class='ocrx_word' id='word_1_205' title='bbox 1659 1333 1718 1382; x_wconf 91' lang='lat' dir='ltr'><strong>erat</strong></span> <span class='ocrx_word' id='word_1_206' title='bbox 1729 1336 1792 1381; x_wconf 85' lang='lat' dir='ltr'><strong>cou-</strong></span> 
     </span>
     <span class='ocr_line' id='line_1_14' title="bbox 98 1406 1792 1485; baseline 0.003 -24"><span class='ocrx_word' id='word_1_207' title='bbox 98 1407 201 1461; x_wconf 83' lang='lat' dir='ltr'><strong>simam</strong></span> <span class='ocrx_word' id='word_1_208' title='bbox 218 1406 371 1479; x_wconf 82' lang='lat' dir='ltr'><strong>virginibus</strong></span> <span class='ocrx_word' id='word_1_209' title='bbox 389 1408 542 1479; x_wconf 77' lang='lat' dir='ltr'><strong>assignant,</strong></span> <span class='ocrx_word' id='word_1_210' title='bbox 560 1414 592 1462; x_wconf 93' lang='lat' dir='ltr'><strong>ut</strong></span> <span class='ocrx_word' id='word_1_211' title='bbox 608 1411 717 1463; x_wconf 90' lang='lat' dir='ltr'><strong>constat</strong></span> <span class='ocrx_word' id='word_1_212' title='bbox 733 1424 767 1463; x_wconf 90' lang='lat' dir='ltr'><strong>ex</strong></span> <span class='ocrx_word' id='word_1_213' title='bbox 785 1406 934 1463; x_wconf 84' lang='lat' dir='ltr'><strong>Scholasti-</strong></span> <span class='ocrx_word' id='word_1_214' title='bbox 959 1409 1057 1465; x_wconf 82' lang='lat' dir='ltr'><strong>fessus.</strong></span> <span class='ocrx_word' id='word_1_215' title='bbox 1094 1409 1274 1482; x_wconf 69' lang='lat' dir='ltr'><strong>stapletonus</strong></span> <span class='ocrx_word' id='word_1_216' title='bbox 1285 1420 1356 1484; x_wconf 92' lang='lat' dir='ltr'><strong>part.</strong></span> <span class='ocrx_word' id='word_1_217' title='bbox 1372 1420 1395 1468; x_wconf 96' lang='grc'><strong>1.</strong></span> <span class='ocrx_word' id='word_1_218' title='bbox 1413 1419 1481 1470; x_wconf 88' lang='lat' dir='ltr'><strong>orat.</strong></span> <span class='ocrx_word' id='word_1_219' title='bbox 1493 1431 1522 1485; x_wconf 91' lang='lat' dir='ltr'><strong>p.</strong></span> <span class='ocrx_word' id='word_1_220' title='bbox 1539 1420 1602 1470; x_wconf 76' lang='lat' dir='ltr'><strong>tls:</strong></span> <span class='ocrx_word' id='word_1_221' title='bbox 1625 1415 1680 1468; x_wconf 77' lang='lat' dir='ltr'><strong>Eat</strong></span> <span class='ocrx_word' id='word_1_222' title='bbox 1690 1412 1792 1466; x_wconf 77' lang='lat' dir='ltr'><strong>atteie-</strong></span> 
     </span>
     <span class='ocr_line' id='line_1_15' title="bbox 97 1492 1793 1568; baseline 0.002 -20"><span class='ocrx_word' id='word_1_223' title='bbox 97 1492 149 1548; x_wconf 84' lang='lat' dir='ltr'><strong>cis.</strong></span> <span class='ocrx_word' id='word_1_224' title='bbox 187 1499 210 1550; x_wconf 77' lang='lat'><strong>³.</strong></span> <span class='ocrx_word' id='word_1_225' title='bbox 230 1494 303 1548; x_wconf 85' lang='lat' dir='ltr'><strong>Dum</strong></span> <span class='ocrx_word' id='word_1_226' title='bbox 323 1494 451 1557; x_wconf 78' lang='lat' dir='ltr'><strong>infantes</strong></span> <span class='ocrx_word' id='word_1_227' title='bbox 464 1494 578 1563; x_wconf 80' lang='lat' dir='ltr'><strong>piorum</strong></span> <span class='ocrx_word' id='word_1_228' title='bbox 597 1511 631 1547; x_wconf 88' lang='lat' dir='ltr'><strong>ae</strong></span> <span class='ocrx_word' id='word_1_229' title='bbox 649 1494 776 1559; x_wconf 72' lang='lat' dir='ltr'><strong>fideliam</strong></span> <span class='ocrx_word' id='word_1_230' title='bbox 788 1511 856 1549; x_wconf 83' lang='lat' dir='ltr'><strong>casu</strong></span> <span class='ocrx_word' id='word_1_231' title='bbox 868 1512 933 1564; x_wconf 76' lang='lat' dir='ltr'><strong>ouo·</strong></span> <span class='ocrx_word' id='word_1_232' title='bbox 959 1514 1020 1550; x_wconf 82' lang='lat' dir='ltr'><strong>mas</strong></span> <span class='ocrx_word' id='word_1_233' title='bbox 1042 1515 1098 1552; x_wconf 80' lang='lat' dir='ltr'><strong>aaa</strong></span> <span class='ocrx_word' id='word_1_234' title='bbox 1115 1499 1205 1552; x_wconf 82' lang='lat' dir='ltr'><strong>roiam</strong></span> <span class='ocrx_word' id='word_1_235' title='bbox 1224 1499 1320 1554; x_wconf 76' lang='lat' dir='ltr'><strong>malloo</strong></span> <span class='ocrx_word' id='word_1_236' title='bbox 1339 1508 1388 1554; x_wconf 88' lang='lat' dir='ltr'><strong>aut</strong></span> <span class='ocrx_word' id='word_1_237' title='bbox 1404 1502 1533 1568; x_wconf 80' lang='lat' dir='ltr'><strong>pluriam</strong></span> <span class='ocrx_word' id='word_1_238' title='bbox 1554 1503 1670 1554; x_wconf 82' lang='lat' dir='ltr'><strong>deorum</strong></span> <span class='ocrx_word' id='word_1_239' title='bbox 1693 1499 1793 1563; x_wconf 75' lang='lat' dir='ltr'><strong>mallus,</strong></span> 
     </span>
     <span class='ocr_line' id='line_1_16' title="bbox 98 1579 1792 1655; baseline 0.003 -22"><span class='ocrx_word' id='word_1_240' title='bbox 98 1581 171 1633; x_wconf 78' lang='lat' dir='ltr'><strong>dam</strong></span> <span class='ocrx_word' id='word_1_241' title='bbox 192 1579 362 1634; x_wconf 70' lang='lat' dir='ltr'><strong>aecaeitstia</strong></span> <span class='ocrx_word' id='word_1_242' title='bbox 385 1598 404 1632; x_wconf 90' lang='lat' dir='ltr'><strong>a</strong></span> <span class='ocrx_word' id='word_1_243' title='bbox 429 1580 566 1648; x_wconf 80' lang='lat' dir='ltr'><strong>baptiemo</strong></span> <span class='ocrx_word' id='word_1_244' title='bbox 593 1579 720 1634; x_wconf 76' lang='lat' dir='ltr'><strong>acciacae</strong></span> <span class='ocrx_word' id='word_1_245' title='bbox 738 1598 824 1650; x_wconf 77' lang='lat' dir='ltr'><strong>regno</strong></span> <span class='ocrx_word' id='word_1_246' title='bbox 845 1581 934 1635; x_wconf 85' lang='lat' dir='ltr'><strong>coelo·</strong></span> <span class='ocrx_word' id='word_1_247' title='bbox 959 1585 1011 1637; x_wconf 80' lang='lat' dir='ltr'><strong>red</strong></span> <span class='ocrx_word' id='word_1_248' title='bbox 1034 1586 1117 1637; x_wconf 84' lang='lat' dir='ltr'><strong>etiam</strong></span> <span class='ocrx_word' id='word_1_249' title='bbox 1140 1585 1230 1653; x_wconf 84' lang='lat' dir='ltr'><strong>ipsias</strong></span> <span class='ocrx_word' id='word_1_250' title='bbox 1254 1586 1315 1639; x_wconf 84' lang='lat' dir='ltr'><strong>veri</strong></span> <span class='ocrx_word' id='word_1_251' title='bbox 1337 1594 1420 1655; x_wconf 81' lang='lat' dir='ltr'><strong>atque</strong></span> <span class='ocrx_word' id='word_1_252' title='bbox 1440 1587 1523 1640; x_wconf 82' lang='lat' dir='ltr'><strong>anias</strong></span> <span class='ocrx_word' id='word_1_253' title='bbox 1546 1587 1607 1639; x_wconf 85' lang='lat' dir='ltr'><strong>Dei</strong></span> <span class='ocrx_word' id='word_1_254' title='bbox 1628 1603 1683 1640; x_wconf 82' lang='lat' dir='ltr'><strong>ooo</strong></span> <span class='ocrx_word' id='word_1_255' title='bbox 1702 1601 1792 1653; x_wconf 78' lang='lat' dir='ltr'><strong>oense,</strong></span> 
     </span>
     <span class='ocr_line' id='line_1_17' title="bbox 97 1665 1793 1743; baseline 0.003 -24"><span class='ocrx_word' id='word_1_256' title='bbox 97 1685 162 1719; x_wconf 85' lang='lat' dir='ltr'><strong>rum</strong></span> <span class='ocrx_word' id='word_1_257' title='bbox 174 1667 292 1735; x_wconf 79' lang='lat' dir='ltr'><strong>privant</strong></span> <span class='ocrx_word' id='word_1_258' title='bbox 309 1674 335 1718; x_wconf 90' lang='lat' dir='ltr'><strong>et</strong></span> <span class='ocrx_word' id='word_1_259' title='bbox 351 1666 382 1718; x_wconf 84' lang='lat' dir='ltr'><strong>ia</strong></span> <span class='ocrx_word' id='word_1_260' title='bbox 399 1665 513 1719; x_wconf 82' lang='lat' dir='ltr'><strong>limbum</strong></span> <span class='ocrx_word' id='word_1_261' title='bbox 531 1667 645 1729; x_wconf 77' lang='lat' dir='ltr'><strong>inferno</strong></span> <span class='ocrx_word' id='word_1_262' title='bbox 662 1667 822 1735; x_wconf 78' lang='lat' dir='ltr'><strong>proximam</strong></span> <span class='ocrx_word' id='word_1_263' title='bbox 840 1668 934 1722; x_wconf 83' lang='lat' dir='ltr'><strong>detra·</strong></span> <span class='ocrx_word' id='word_1_264' title='bbox 959 1686 1015 1723; x_wconf 82' lang='lat' dir='ltr'><strong>oon</strong></span> <span class='ocrx_word' id='word_1_265' title='bbox 1035 1670 1175 1739; x_wconf 73' lang='lat' dir='ltr'><strong>legitimus</strong></span> <span class='ocrx_word' id='word_1_266' title='bbox 1200 1671 1299 1728; x_wconf 81' lang='lat' dir='ltr'><strong>cuitus.</strong></span> <span class='ocrx_word' id='word_1_267' title='bbox 1335 1671 1428 1743; x_wconf 86' lang='lat' dir='ltr'><strong>Hujus</strong></span> <span class='ocrx_word' id='word_1_268' title='bbox 1454 1671 1582 1728; x_wconf 89' lang='lat' dir='ltr'><strong>atheismi</strong></span> <span class='ocrx_word' id='word_1_269' title='bbox 1603 1687 1665 1727; x_wconf 89' lang='lat' dir='ltr'><strong>reos</strong></span> <span class='ocrx_word' id='word_1_270' title='bbox 1685 1670 1793 1742; x_wconf 84' lang='lat' dir='ltr'><strong>agimus</strong></span> 
     </span>
     <span class='ocr_line' id='line_1_18' title="bbox 98 1747 1791 1825; baseline 0.004 -19"><span class='ocrx_word' id='word_1_271' title='bbox 98 1754 179 1819; x_wconf 78' lang='lat' dir='ltr'><strong>dant,</strong></span> <span class='ocrx_word' id='word_1_272' title='bbox 196 1749 315 1806; x_wconf 85' lang='lat' dir='ltr'><strong>Sonuiua</strong></span> <span class='ocrx_word' id='word_1_273' title='bbox 332 1749 373 1804; x_wconf 91' lang='lat' dir='ltr'><strong>lib</strong></span> <span class='ocrx_word' id='word_1_274' title='bbox 390 1755 414 1806; x_wconf 92' lang='grc'><strong>2.</strong></span> <span class='ocrx_word' id='word_1_275' title='bbox 433 1749 608 1807; x_wconf 84' lang='lat' dir='ltr'><strong>demonstrat</strong></span> <span class='ocrx_word' id='word_1_276' title='bbox 626 1758 742 1808; x_wconf 76' lang='lat' dir='ltr'><strong>traott</strong></span> <span class='ocrx_word' id='word_1_277' title='bbox 760 1769 784 1809; x_wconf 90' lang='lat' dir='ltr'><strong>c.</strong></span> <span class='ocrx_word' id='word_1_278' title='bbox 798 1758 822 1808; x_wconf 86' lang='lat'><strong>2.</strong></span> <span class='ocrx_word' id='word_1_279' title='bbox 840 1754 934 1824; x_wconf 79' lang='lat' dir='ltr'><strong>Atque</strong></span> <span class='ocrx_word' id='word_1_280' title='bbox 959 1754 1128 1825; x_wconf 85' lang='lat' dir='ltr'><strong>Pontificius,</strong></span> <span class='ocrx_word' id='word_1_281' title='bbox 1147 1756 1214 1810; x_wconf 91' lang='lat' dir='ltr'><strong>dum</strong></span> <span class='ocrx_word' id='word_1_282' title='bbox 1233 1757 1307 1813; x_wconf 90' lang='lat' dir='ltr'><strong>enim</strong></span> <span class='ocrx_word' id='word_1_283' title='bbox 1324 1757 1422 1812; x_wconf 83' lang='lat' dir='ltr'><strong>merita</strong></span> <span class='ocrx_word' id='word_1_284' title='bbox 1440 1763 1469 1812; x_wconf 92' lang='lat' dir='ltr'><strong>et</strong></span> <span class='ocrx_word' id='word_1_285' title='bbox 1480 1747 1683 1812; x_wconf 84' lang='lat' dir='ltr'><strong>satisfactiohes</strong></span> <span class='ocrx_word' id='word_1_286' title='bbox 1696 1759 1791 1812; x_wconf 90' lang='lat' dir='ltr'><strong>huma·</strong></span> 
     </span>
     <span class='ocr_line' id='line_1_19' title="bbox 97 1836 1790 1913; baseline 0.002 -20"><span class='ocrx_word' id='word_1_287' title='bbox 97 1837 152 1893; x_wconf 89' lang='lat' dir='ltr'><strong>hos</strong></span> <span class='ocrx_word' id='word_1_288' title='bbox 170 1854 276 1893; x_wconf 89' lang='lat' dir='ltr'><strong>errores</strong></span> <span class='ocrx_word' id='word_1_289' title='bbox 293 1844 389 1892; x_wconf 77' lang='lat' dir='ltr'><strong>conua</strong></span> <span class='ocrx_word' id='word_1_290' title='bbox 405 1836 471 1892; x_wconf 83' lang='lat' dir='ltr'><strong>fidei</strong></span> <span class='ocrx_word' id='word_1_291' title='bbox 486 1837 617 1893; x_wconf 88' lang='lat' dir='ltr'><strong>articulos</strong></span> <span class='ocrx_word' id='word_1_292' title='bbox 637 1838 666 1893; x_wconf 90' lang='lat' dir='ltr'><strong>in</strong></span> <span class='ocrx_word' id='word_1_293' title='bbox 679 1837 812 1910; x_wconf 80' lang='lat' dir='ltr'><strong>Symbola</strong></span> <span class='ocrx_word' id='word_1_294' title='bbox 825 1845 933 1910; x_wconf 77' lang='lat' dir='ltr'><strong>aposto</strong></span> <span class='ocrx_word' id='word_1_295' title='bbox 959 1856 1010 1895; x_wconf 88' lang='lat' dir='ltr'><strong>nas</strong></span> <span class='ocrx_word' id='word_1_296' title='bbox 1028 1849 1223 1913; x_wconf 74' lang='lat' dir='ltr'><strong>propugnant,</strong></span> <span class='ocrx_word' id='word_1_297' title='bbox 1248 1844 1459 1898; x_wconf 82' lang='lat' dir='ltr'><strong>misericordiae</strong></span> <span class='ocrx_word' id='word_1_298' title='bbox 1484 1852 1509 1897; x_wconf 88' lang='lat' dir='ltr'><strong>et</strong></span> <span class='ocrx_word' id='word_1_299' title='bbox 1529 1844 1660 1913; x_wconf 75' lang='lat' dir='ltr'><strong>justitiae</strong></span> <span class='ocrx_word' id='word_1_300' title='bbox 1678 1843 1790 1897; x_wconf 79' lang='lat' dir='ltr'><strong>divinae</strong></span> 
     </span>
     <span class='ocr_line' id='line_1_20' title="bbox 98 1923 1790 2001; baseline 0.004 -23"><span class='ocrx_word' id='word_1_301' title='bbox 98 1924 155 1979; x_wconf 86' lang='lat' dir='ltr'><strong>lico</strong></span> <span class='ocrx_word' id='word_1_302' title='bbox 173 1925 327 1995; x_wconf 85' lang='lat' dir='ltr'><strong>propositos</strong></span> <span class='ocrx_word' id='word_1_303' title='bbox 345 1923 461 1980; x_wconf 86' lang='lat' dir='ltr'><strong>ecclesia</strong></span> <span class='ocrx_word' id='word_1_304' title='bbox 479 1924 588 1995; x_wconf 78' lang='lat' dir='ltr'><strong>papalia</strong></span> <span class='ocrx_word' id='word_1_305' title='bbox 601 1926 798 1996; x_wconf 77' lang='lat' dir='ltr'><strong>complectitur.</strong></span> <span class='ocrx_word' id='word_1_306' title='bbox 829 1924 934 1990; x_wconf 82' lang='lat' dir='ltr'><strong>Quodsi</strong></span> <span class='ocrx_word' id='word_1_307' title='bbox 959 1927 1157 1996; x_wconf 79' lang='lat' dir='ltr'><strong>perfectionem</strong></span> <span class='ocrx_word' id='word_1_308' title='bbox 1174 1928 1286 2001; x_wconf 88' lang='lat' dir='ltr'><strong>oblique</strong></span> <span class='ocrx_word' id='word_1_309' title='bbox 1304 1935 1416 2001; x_wconf 84' lang='lat' dir='ltr'><strong>negant,</strong></span> <span class='ocrx_word' id='word_1_310' title='bbox 1435 1935 1468 1984; x_wconf 93' lang='lat' dir='ltr'><strong>ut</strong></span> <span class='ocrx_word' id='word_1_311' title='bbox 1486 1930 1611 1999; x_wconf 88' lang='lat' dir='ltr'><strong>superius</strong></span> <span class='ocrx_word' id='word_1_312' title='bbox 1628 1929 1683 1984; x_wconf 83' lang='lat' dir='ltr'><strong>t&#39;uit</strong></span> <span class='ocrx_word' id='word_1_313' title='bbox 1700 1936 1790 1985; x_wconf 71' lang='lat' dir='ltr'><strong>ostem</strong></span> 
     </span>
     <span class='ocr_line' id='line_1_21' title="bbox 98 2010 1791 2086; baseline 0.002 -20"><span class='ocrx_word' id='word_1_314' title='bbox 98 2010 197 2066; x_wconf 86' lang='lat' dir='ltr'><strong>eodem</strong></span> <span class='ocrx_word' id='word_1_315' title='bbox 228 2011 310 2066; x_wconf 91' lang='lat' dir='ltr'><strong>modo</strong></span> <span class='ocrx_word' id='word_1_316' title='bbox 338 2010 459 2082; x_wconf 83' lang='lat' dir='ltr'><strong>reliquos</strong></span> <span class='ocrx_word' id='word_1_317' title='bbox 485 2012 625 2066; x_wconf 87' lang='lat' dir='ltr'><strong>doctrinae</strong></span> <span class='ocrx_word' id='word_1_318' title='bbox 650 2011 777 2068; x_wconf 88' lang='lat' dir='ltr'><strong>coelestia</strong></span> <span class='ocrx_word' id='word_1_319' title='bbox 803 2010 932 2067; x_wconf 77' lang='lat' dir='ltr'><strong>articulos</strong></span> <span class='ocrx_word' id='word_1_320' title='bbox 959 2031 1028 2070; x_wconf 88' lang='lat' dir='ltr'><strong>sum.</strong></span> <span class='ocrx_word' id='word_1_321' title='bbox 1056 2013 1205 2070; x_wconf 85' lang='lat' dir='ltr'><strong>Praeterea</strong></span> <span class='ocrx_word' id='word_1_322' title='bbox 1222 2016 1272 2084; x_wconf 79' lang='lat' dir='ltr'><strong>qai</strong></span> <span class='ocrx_word' id='word_1_323' title='bbox 1290 2015 1496 2084; x_wconf 77' lang='lat' dir='ltr'><strong>oepatFiliam,</strong></span> <span class='ocrx_word' id='word_1_324' title='bbox 1514 2032 1562 2069; x_wconf 79' lang='lat' dir='ltr'><strong>nee</strong></span> <span class='ocrx_word' id='word_1_325' title='bbox 1575 2016 1791 2086; x_wconf 79' lang='lat' dir='ltr'><strong>Patremhabet,</strong></span> 
     </span>
     <span class='ocr_line' id='line_1_22' title="bbox 97 2097 1790 2173; baseline 0.005 -22"><span class='ocrx_word' id='word_1_326' title='bbox 97 2113 259 2167; x_wconf 86' lang='lat' dir='ltr'><strong>percurrero</strong></span> <span class='ocrx_word' id='word_1_327' title='bbox 288 2097 418 2162; x_wconf 85' lang='lat' dir='ltr'><strong>velimus,</strong></span> <span class='ocrx_word' id='word_1_328' title='bbox 449 2098 547 2169; x_wconf 84' lang='lat' dir='ltr'><strong>ingena</strong></span> <span class='ocrx_word' id='word_1_329' title='bbox 578 2114 701 2154; x_wconf 91' lang='lat' dir='ltr'><strong>errorum</strong></span> <span class='ocrx_word' id='word_1_330' title='bbox 725 2098 932 2155; x_wconf 87' lang='lat' dir='ltr'><strong>Pontificiorum</strong></span> <span class='ocrx_word' id='word_1_331' title='bbox 962 2105 984 2154; x_wconf 92' lang='grc'><strong>1.</strong></span> <span class='ocrx_word' id='word_1_332' title='bbox 1008 2099 1072 2156; x_wconf 82' lang='lat' dir='ltr'><strong>Joh.</strong></span> <span class='ocrx_word' id='word_1_333' title='bbox 1099 2106 1128 2168; x_wconf 86' lang='grc'><strong>2,</strong></span> <span class='ocrx_word' id='word_1_334' title='bbox 1153 2105 1238 2155; x_wconf 66' lang='grc'><strong>122</strong></span> <span class='ocrx_word' id='word_1_335' title='bbox 1260 2099 1790 2173; x_wconf 82' lang='lat' dir='ltr'><strong>stPontificiinegantFilium,dum</strong></span> 
     </span>
     <span class='ocr_line' id='line_1_23' title="bbox 98 2181 1792 2254; baseline 0.005 -18"><span class='ocrx_word' id='word_1_336' title='bbox 98 2181 184 2238; x_wconf 87' lang='lat' dir='ltr'><strong>chaos</strong></span> <span class='ocrx_word' id='word_1_337' title='bbox 209 2183 475 2254; x_wconf 80' lang='lat' dir='ltr'><strong>deprehenderetur,</strong></span> <span class='ocrx_word' id='word_1_338' title='bbox 497 2184 625 2240; x_wconf 83' lang='lat' dir='ltr'><strong>videatur</strong></span> <span class='ocrx_word' id='word_1_339' title='bbox 648 2185 719 2241; x_wconf 89' lang='lat' dir='ltr'><strong>llber</strong></span> <span class='ocrx_word' id='word_1_340' title='bbox 743 2185 875 2241; x_wconf 82' lang='lat' dir='ltr'><strong>Heshuin</strong></span> <span class='ocrx_word' id='word_1_341' title='bbox 900 2185 934 2241; x_wconf 92' lang='lat' dir='ltr'><strong>de</strong></span> <span class='ocrx_word' id='word_1_342' title='bbox 958 2185 1234 2241; x_wconf 81' lang='lat' dir='ltr'><strong>communicationem</strong></span> <span class='ocrx_word' id='word_1_343' title='bbox 1260 2187 1415 2243; x_wconf 86' lang='lat' dir='ltr'><strong>divinorum</strong></span> <span class='ocrx_word' id='word_1_344' title='bbox 1441 2187 1603 2242; x_wconf 85' lang='lat' dir='ltr'><strong>idiomatum</strong></span> <span class='ocrx_word' id='word_1_345' title='bbox 1630 2187 1740 2244; x_wconf 87' lang='lat' dir='ltr'><strong>Christo</strong></span> <span class='ocrx_word' id='word_1_346' title='bbox 1762 2188 1792 2243; x_wconf 90' lang='lat' dir='ltr'><strong>in</strong></span> 
     </span>
     <span class='ocr_line' id='line_1_24' title="bbox 100 2270 1790 2343; baseline 0.002 -18"><span class='ocrx_word' id='word_1_347' title='bbox 100 2270 137 2325; x_wconf 87' lang='lat' dir='ltr'><strong>de</strong></span> <span class='ocrx_word' id='word_1_348' title='bbox 161 2272 295 2327; x_wconf 72' lang='lat' dir='ltr'><strong>sexcentis</strong></span> <span class='ocrx_word' id='word_1_349' title='bbox 319 2270 456 2326; x_wconf 89' lang='lat' dir='ltr'><strong>erroribus</strong></span> <span class='ocrx_word' id='word_1_350' title='bbox 474 2270 697 2335; x_wconf 87' lang='lat' dir='ltr'><strong>Pontificiorum‚</strong></span> <span class='ocrx_word' id='word_1_351' title='bbox 718 2271 814 2328; x_wconf 81' lang='lat' dir='ltr'><strong>Wolff.</strong></span> <span class='ocrx_word' id='word_1_352' title='bbox 831 2271 932 2326; x_wconf 81' lang='lat' dir='ltr'><strong>Plateii</strong></span> <span class='ocrx_word' id='word_1_353' title='bbox 959 2278 1082 2343; x_wconf 88' lang='lat' dir='ltr'><strong>tempore</strong></span> <span class='ocrx_word' id='word_1_354' title='bbox 1101 2272 1229 2328; x_wconf 89' lang='lat' dir='ltr'><strong>datorum</strong></span> <span class='ocrx_word' id='word_1_355' title='bbox 1247 2272 1283 2327; x_wconf 88' lang='lat' dir='ltr'><strong>sd</strong></span> <span class='ocrx_word' id='word_1_356' title='bbox 1295 2288 1406 2328; x_wconf 89' lang='lat' dir='ltr'><strong>carnem</strong></span> <span class='ocrx_word' id='word_1_357' title='bbox 1418 2272 1520 2329; x_wconf 80' lang='lat' dir='ltr'><strong>referre</strong></span> <span class='ocrx_word' id='word_1_358' title='bbox 1532 2272 1721 2338; x_wconf 84' lang='lat' dir='ltr'><strong>reformidant,</strong></span> <span class='ocrx_word' id='word_1_359' title='bbox 1730 2274 1790 2328; x_wconf 80' lang='lat' dir='ltr'><strong>&#39;sic-</strong></span> 
     </span>
     <span class='ocr_line' id='line_1_25' title="bbox 100 2356 1792 2430; baseline 0.003 -19"><span class='ocrx_word' id='word_1_360' title='bbox 100 2356 182 2411; x_wconf 88' lang='lat' dir='ltr'><strong>lucus</strong></span> <span class='ocrx_word' id='word_1_361' title='bbox 199 2358 323 2413; x_wconf 89' lang='lat' dir='ltr'><strong>succisus</strong></span> <span class='ocrx_word' id='word_1_362' title='bbox 340 2374 462 2412; x_wconf 88' lang='lat' dir='ltr'><strong>errorum</strong></span> <span class='ocrx_word' id='word_1_363' title='bbox 481 2357 637 2427; x_wconf 87' lang='lat' dir='ltr'><strong>papalium,</strong></span> <span class='ocrx_word' id='word_1_364' title='bbox 656 2356 745 2414; x_wconf 77' lang='lat' dir='ltr'><strong>Gaba.</strong></span> <span class='ocrx_word' id='word_1_365' title='bbox 763 2357 884 2414; x_wconf 81' lang='lat' dir='ltr'><strong>Porelus</strong></span> <span class='ocrx_word' id='word_1_366' title='bbox 898 2357 933 2414; x_wconf 92' lang='lat' dir='ltr'><strong>de</strong></span> <span class='ocrx_word' id='word_1_367' title='bbox 959 2376 1014 2430; x_wconf 90' lang='lat' dir='ltr'><strong>que</strong></span> <span class='ocrx_word' id='word_1_368' title='bbox 1033 2360 1062 2414; x_wconf 83' lang='lat' dir='ltr'><strong>ia</strong></span> <span class='ocrx_word' id='word_1_369' title='bbox 1081 2361 1239 2414; x_wconf 85' lang='lat' dir='ltr'><strong>societatem</strong></span> <span class='ocrx_word' id='word_1_370' title='bbox 1259 2360 1295 2412; x_wconf 83' lang='lat' dir='ltr'><strong>ab</strong></span> <span class='ocrx_word' id='word_1_371' title='bbox 1315 2361 1387 2414; x_wconf 79' lang='lat' dir='ltr'><strong>Ario</strong></span> <span class='ocrx_word' id='word_1_372' title='bbox 1404 2361 1564 2430; x_wconf 81' lang='lat' dir='ltr'><strong>rapiantur,</strong></span> <span class='ocrx_word' id='word_1_373' title='bbox 1585 2365 1617 2414; x_wconf 87' lang='lat' dir='ltr'><strong>ut</strong></span> <span class='ocrx_word' id='word_1_374' title='bbox 1635 2358 1718 2415; x_wconf 89' lang='lat' dir='ltr'><strong>docet</strong></span> <span class='ocrx_word' id='word_1_375' title='bbox 1735 2359 1792 2416; x_wconf 86' lang='lat' dir='ltr'><strong>Leo</strong></span> 
     </span>
     <span class='ocr_line' id='line_1_26' title="bbox 100 2443 1791 2517; baseline 0.001 -18"><span class='ocrx_word' id='word_1_376' title='bbox 100 2444 273 2500; x_wconf 78' lang='lat' dir='ltr'><strong>Antichristo</strong></span> <span class='ocrx_word' id='word_1_377' title='bbox 299 2443 347 2500; x_wconf 90' lang='lat' dir='ltr'><strong>lib.</strong></span> <span class='ocrx_word' id='word_1_378' title='bbox 376 2451 399 2500; x_wconf 92' lang='grc'><strong>2.</strong></span> <span class='ocrx_word' id='word_1_379' title='bbox 426 2461 449 2500; x_wconf 90' lang='lat' dir='ltr'><strong>c.</strong></span> <span class='ocrx_word' id='word_1_380' title='bbox 476 2451 514 2501; x_wconf 84' lang='grc'><strong>19.</strong></span> <span class='ocrx_word' id='word_1_381' title='bbox 538 2452 566 2499; x_wconf 91' lang='lat' dir='ltr'><strong>et</strong></span> <span class='ocrx_word' id='word_1_382' title='bbox 591 2462 666 2517; x_wconf 87' lang='lat' dir='ltr'><strong>seqq.</strong></span> <span class='ocrx_word' id='word_1_383' title='bbox 689 2444 738 2517; x_wconf 93' lang='lat' dir='ltr'><strong>qui</strong></span> <span class='ocrx_word' id='word_1_384' title='bbox 757 2450 851 2502; x_wconf 88' lang='lat' dir='ltr'><strong>tamen</strong></span> <span class='ocrx_word' id='word_1_385' title='bbox 869 2462 933 2500; x_wconf 86' lang='lat' dir='ltr'><strong>cum</strong></span> <span class='ocrx_word' id='word_1_386' title='bbox 959 2445 1039 2515; x_wconf 89' lang='lat' dir='ltr'><strong>epist.</strong></span> <span class='ocrx_word' id='word_1_387' title='bbox 1068 2450 1105 2501; x_wconf 90' lang='grc'><strong>11.</strong></span> <span class='ocrx_word' id='word_1_388' title='bbox 1131 2445 1198 2499; x_wconf 92' lang='lat' dir='ltr'><strong>dum</strong></span> <span class='ocrx_word' id='word_1_389' title='bbox 1221 2451 1338 2516; x_wconf 86' lang='lat' dir='ltr'><strong>negant,</strong></span> <span class='ocrx_word' id='word_1_390' title='bbox 1362 2445 1501 2502; x_wconf 72' lang='lat' dir='ltr'><strong>Olore‘stam</strong></span> <span class='ocrx_word' id='word_1_391' title='bbox 1525 2461 1585 2499; x_wconf 83' lang='lat' dir='ltr'><strong>esse</strong></span> <span class='ocrx_word' id='word_1_392' title='bbox 1607 2447 1791 2500; x_wconf 70' lang='lat' dir='ltr'><strong>mediatorem</strong></span> 
     </span>
     <span class='ocr_line' id='line_1_27' title="bbox 97 2529 1792 2601; baseline 0.001 -15"><span class='ocrx_word' id='word_1_393' title='bbox 97 2531 206 2601; x_wconf 90' lang='lat' dir='ltr'><strong>judicio</strong></span> <span class='ocrx_word' id='word_1_394' title='bbox 224 2529 396 2586; x_wconf 88' lang='lat' dir='ltr'><strong>discretionis</strong></span> <span class='ocrx_word' id='word_1_395' title='bbox 414 2529 556 2601; x_wconf 87' lang='lat' dir='ltr'><strong>legendus.</strong></span> <span class='ocrx_word' id='word_1_396' title='bbox 958 2533 1107 2585; x_wconf 74' lang='lat' dir='ltr'><strong>secundam</strong></span> <span class='ocrx_word' id='word_1_397' title='bbox 1118 2539 1264 2601; x_wconf 65' lang='lat' dir='ltr'><strong>mamque</strong></span> <span class='ocrx_word' id='word_1_398' title='bbox 1276 2540 1416 2601; x_wconf 78' lang='lat' dir='ltr'><strong>maturam,</strong></span> <span class='ocrx_word' id='word_1_399' title='bbox 1434 2538 1463 2587; x_wconf 86' lang='lat' dir='ltr'><strong>et</strong></span> <span class='ocrx_word' id='word_1_400' title='bbox 1473 2532 1526 2587; x_wconf 89' lang='lat' dir='ltr'><strong>hac</strong></span> <span class='ocrx_word' id='word_1_401' title='bbox 1537 2532 1644 2586; x_wconf 88' lang='lat' dir='ltr'><strong>ratione</strong></span> <span class='ocrx_word' id='word_1_402' title='bbox 1657 2530 1792 2588; x_wconf 81' lang='lat' dir='ltr'><strong>infinitam</strong></span> 
     </span>
    </p>

    <p class='ocr_par' dir='ltr' id='par_1_3' title="bbox 49 2616 1791 2690">
     <span class='ocr_line' id='line_1_28' title="bbox 49 2616 1791 2690; baseline 0.002 -19"><span class='ocrx_word' id='word_1_403' title='bbox 49 2637 70 2671; x_wconf 80' lang='grc' dir='ltr'><strong>ιι</strong></span> <span class='ocrx_word' id='word_1_404' title='bbox 137 2624 194 2673; x_wconf 78' lang='lat' dir='ltr'><strong>aet.</strong></span> <span class='ocrx_word' id='word_1_405' title='bbox 230 2617 364 2681; x_wconf 82' lang='lat' dir='ltr'><strong>Peccata,</strong></span> <span class='ocrx_word' id='word_1_406' title='bbox 392 2633 463 2688; x_wconf 91' lang='lat' dir='ltr'><strong>quae</strong></span> <span class='ocrx_word' id='word_1_407' title='bbox 484 2617 618 2673; x_wconf 74' lang='lat' dir='ltr'><strong>ecoledae</strong></span> <span class='ocrx_word' id='word_1_408' title='bbox 642 2616 784 2673; x_wconf 83' lang='lat' dir='ltr'><strong>Romanae</strong></span> <span class='ocrx_word' id='word_1_409' title='bbox 806 2617 933 2673; x_wconf 86' lang='lat' dir='ltr'><strong>doctrina</strong></span> <span class='ocrx_word' id='word_1_410' title='bbox 958 2617 1049 2673; x_wconf 88' lang='lat' dir='ltr'><strong>meriti</strong></span> <span class='ocrx_word' id='word_1_411' title='bbox 1064 2616 1218 2673; x_wconf 86' lang='lat' dir='ltr'><strong>efficaciam</strong></span> <span class='ocrx_word' id='word_1_412' title='bbox 1232 2618 1348 2688; x_wconf 90' lang='lat' dir='ltr'><strong>tollunt,</strong></span> <span class='ocrx_word' id='word_1_413' title='bbox 1371 2618 1437 2673; x_wconf 92' lang='lat' dir='ltr'><strong>dum</strong></span> <span class='ocrx_word' id='word_1_414' title='bbox 1454 2617 1564 2673; x_wconf 90' lang='lat' dir='ltr'><strong>Christo</strong></span> <span class='ocrx_word' id='word_1_415' title='bbox 1580 2617 1610 2672; x_wconf 93' lang='lat' dir='ltr'><strong>in</strong></span> <span class='ocrx_word' id='word_1_416' title='bbox 1627 2618 1791 2690; x_wconf 89' lang='lat' dir='ltr'><strong>prophetico</strong></span> 
     </span>
    </p>

    <p class='ocr_par' dir='ltr' id='par_1_4' title="bbox 49 2682 1893 4072">
     <span class='ocr_line' id='line_1_29' title="bbox 49 2682 1790 2776; baseline -0.002 -15"><span class='ocrx_word' id='word_1_417' title='bbox 49 2682 87 2763; x_wconf 57' lang='grc' dir='ltr'><strong><em>Ψ</em></strong></span> <span class='ocrx_word' id='word_1_418' title='bbox 101 2702 185 2772; x_wconf 84' lang='lat' dir='ltr'><strong>fovet,</strong></span> <span class='ocrx_word' id='word_1_419' title='bbox 200 2705 281 2774; x_wconf 83' lang='lat' dir='ltr'><strong>juxta</strong></span> <span class='ocrx_word' id='word_1_420' title='bbox 298 2712 449 2774; x_wconf 88' lang='lat' dir='ltr'><strong>praecepta</strong></span> <span class='ocrx_word' id='word_1_421' title='bbox 466 2702 593 2774; x_wconf 78' lang='lat' dir='ltr'><strong>decalogi</strong></span> <span class='ocrx_word' id='word_1_422' title='bbox 605 2704 834 2759; x_wconf 85' lang='lat' dir='ltr'><strong>enumerabimus.</strong></span> <span class='ocrx_word' id='word_1_423' title='bbox 862 2707 932 2758; x_wconf 77' lang='lat' dir='ltr'><strong>cm·</strong></span> <span class='ocrx_word' id='word_1_424' title='bbox 958 2711 986 2758; x_wconf 91' lang='lat' dir='ltr'><strong>et</strong></span> <span class='ocrx_word' id='word_1_425' title='bbox 1005 2702 1082 2775; x_wconf 88' lang='lat' dir='ltr'><strong>regio</strong></span> <span class='ocrx_word' id='word_1_426' title='bbox 1099 2701 1192 2758; x_wconf 85' lang='lat' dir='ltr'><strong>officio</strong></span> <span class='ocrx_word' id='word_1_427' title='bbox 1210 2703 1368 2775; x_wconf 83' lang='lat' dir='ltr'><strong>adjungunt</strong></span> <span class='ocrx_word' id='word_1_428' title='bbox 1384 2720 1502 2775; x_wconf 84' lang='lat' dir='ltr'><strong>papam,</strong></span> <span class='ocrx_word' id='word_1_429' title='bbox 1527 2721 1610 2776; x_wconf 90' lang='lat' dir='ltr'><strong>quem</strong></span> <span class='ocrx_word' id='word_1_430' title='bbox 1629 2711 1729 2760; x_wconf 82' lang='lat' dir='ltr'><strong>vocant</strong></span> <span class='ocrx_word' id='word_1_431' title='bbox 1748 2721 1790 2758; x_wconf 87' lang='lat' dir='ltr'><strong>se·</strong></span> 
     </span>
     <span class='ocr_line' id='line_1_30' title="bbox 100 2790 1789 2863; baseline 0.002 -20"><span class='ocrx_word' id='word_1_432' title='bbox 100 2798 148 2845; x_wconf 83' lang='lat' dir='ltr'><strong>tra</strong></span> <span class='ocrx_word' id='word_1_433' title='bbox 170 2791 294 2860; x_wconf 81' lang='lat' dir='ltr'><strong>priroam</strong></span> <span class='ocrx_word' id='word_1_434' title='bbox 313 2798 498 2859; x_wconf 81' lang='lat' dir='ltr'><strong>praeceptam</strong></span> <span class='ocrx_word' id='word_1_435' title='bbox 527 2790 556 2844; x_wconf 92' lang='lat' dir='ltr'><strong>in</strong></span> <span class='ocrx_word' id='word_1_436' title='bbox 578 2795 683 2860; x_wconf 85' lang='lat' dir='ltr'><strong>papatu</strong></span> <span class='ocrx_word' id='word_1_437' title='bbox 713 2791 886 2861; x_wconf 70' lang='lat' dir='ltr'><strong>”peccatur</strong></span> <span class='ocrx_word' id='word_1_438' title='bbox 905 2795 934 2843; x_wconf 91' lang='lat' dir='ltr'><strong>et</strong></span> <span class='ocrx_word' id='word_1_439' title='bbox 958 2790 1061 2845; x_wconf 85' lang='lat' dir='ltr'><strong>clasiae</strong></span> <span class='ocrx_word' id='word_1_440' title='bbox 1080 2807 1148 2844; x_wconf 82' lang='lat' dir='ltr'><strong>suae</strong></span> <span class='ocrx_word' id='word_1_441' title='bbox 1164 2800 1249 2861; x_wconf 85' lang='lat' dir='ltr'><strong>capot</strong></span> <span class='ocrx_word' id='word_1_442' title='bbox 1266 2809 1300 2844; x_wconf 85' lang='lat' dir='ltr'><strong>ao</strong></span> <span class='ocrx_word' id='word_1_443' title='bbox 1318 2808 1451 2861; x_wconf 76' lang='lat' dir='ltr'><strong>spaeram</strong></span> <span class='ocrx_word' id='word_1_444' title='bbox 1471 2791 1552 2863; x_wconf 89' lang='lat' dir='ltr'><strong>eique</strong></span> <span class='ocrx_word' id='word_1_445' title='bbox 1570 2790 1697 2847; x_wconf 85' lang='lat' dir='ltr'><strong>tribuunt</strong></span> <span class='ocrx_word' id='word_1_446' title='bbox 1713 2796 1789 2862; x_wconf 87' lang='lat' dir='ltr'><strong>pote·</strong></span> 
     </span>
     <span class='ocr_line' id='line_1_31' title="bbox 100 2874 1789 2949; baseline 0.001 -18"><span class='ocrx_word' id='word_1_447' title='bbox 100 2875 212 2948; x_wconf 86' lang='lat' dir='ltr'><strong>quidem</strong></span> <span class='ocrx_word' id='word_1_448' title='bbox 231 2876 305 2930; x_wconf 85' lang='lat' dir='ltr'><strong>circe</strong></span> <span class='ocrx_word' id='word_1_449' title='bbox 324 2875 499 2930; x_wconf 78' lang='lat' dir='ltr'><strong>ditectionem</strong></span> <span class='ocrx_word' id='word_1_450' title='bbox 517 2877 583 2930; x_wconf 79' lang='lat' dir='ltr'><strong>Dei.</strong></span> <span class='ocrx_word' id='word_1_451' title='bbox 600 2876 715 2931; x_wconf 88' lang='lat' dir='ltr'><strong>Toletus</strong></span> <span class='ocrx_word' id='word_1_452' title='bbox 731 2876 780 2932; x_wconf 90' lang='lat' dir='ltr'><strong>lib.</strong></span> <span class='ocrx_word' id='word_1_453' title='bbox 798 2883 821 2933; x_wconf 83' lang='lat' dir='ltr'><strong>t.</strong></span> <span class='ocrx_word' id='word_1_454' title='bbox 839 2876 875 2930; x_wconf 89' lang='lat' dir='ltr'><strong>de</strong></span> <span class='ocrx_word' id='word_1_455' title='bbox 892 2877 932 2931; x_wconf 91' lang='lat' dir='ltr'><strong>in·</strong></span> <span class='ocrx_word' id='word_1_456' title='bbox 958 2881 1058 2930; x_wconf 86' lang='lat' dir='ltr'><strong>statem</strong></span> <span class='ocrx_word' id='word_1_457' title='bbox 1082 2874 1190 2932; x_wconf 81' lang='lat' dir='ltr'><strong>ferendi</strong></span> <span class='ocrx_word' id='word_1_458' title='bbox 1211 2876 1288 2949; x_wconf 86' lang='lat' dir='ltr'><strong>leges</strong></span> <span class='ocrx_word' id='word_1_459' title='bbox 1311 2893 1362 2949; x_wconf 88' lang='lat' dir='ltr'><strong>per</strong></span> <span class='ocrx_word' id='word_1_460' title='bbox 1382 2877 1539 2933; x_wconf 83' lang='lat' dir='ltr'><strong>universam</strong></span> <span class='ocrx_word' id='word_1_461' title='bbox 1558 2877 1717 2942; x_wconf 84' lang='lat' dir='ltr'><strong>ecelesiam,</strong></span> <span class='ocrx_word' id='word_1_462' title='bbox 1743 2877 1789 2933; x_wconf 91' lang='lat' dir='ltr'><strong>de-</strong></span> 
     </span>
     <span class='ocr_line' id='line_1_32' title="bbox 100 2961 1893 3036; baseline 0.001 -18"><span class='ocrx_word' id='word_1_463' title='bbox 100 2962 414 3019; x_wconf 62' lang='lat' dir='ltr'><strong>reuocauerunt:</strong></span> <span class='ocrx_word' id='word_1_464' title='bbox 440 2961 579 3025; x_wconf 72' lang='grc'><strong>0111111111</strong></span> <span class='ocrx_word' id='word_1_465' title='bbox 602 2963 845 3033; x_wconf 63' lang='lat' dir='ltr'><strong>adiunctionem,</strong></span> <span class='ocrx_word' id='word_1_466' title='bbox 863 2980 933 3034; x_wconf 76' lang='lat' dir='ltr'><strong>qaae</strong></span> <span class='ocrx_word' id='word_1_467' title='bbox 958 2962 1124 3019; x_wconf 86' lang='lat' dir='ltr'><strong>terminandi</strong></span> <span class='ocrx_word' id='word_1_468' title='bbox 1148 2961 1331 3020; x_wconf 87' lang='lat' dir='ltr'><strong>infallibiliter</strong></span> <span class='ocrx_word' id='word_1_469' title='bbox 1353 2964 1569 3033; x_wconf 66' lang='lat' dir='ltr'><strong>contoversias,</strong></span> <span class='ocrx_word' id='word_1_470' title='bbox 1584 2963 1893 3036; x_wconf 64' lang='lat' dir='ltr'><strong>‚praecipientium</strong></span> 
     </span>
     <span class='ocr_line' id='line_1_33' title="bbox 100 3048 1789 3121; baseline 0 -17"><span class='ocrx_word' id='word_1_471' title='bbox 100 3051 228 3104; x_wconf 77' lang='lat' dir='ltr'><strong>consistit</strong></span> <span class='ocrx_word' id='word_1_472' title='bbox 257 3050 287 3103; x_wconf 83' lang='lat' dir='ltr'><strong>ia</strong></span> <span class='ocrx_word' id='word_1_473' title='bbox 312 3050 427 3114; x_wconf 80' lang='lat' dir='ltr'><strong>fervore</strong></span> <span class='ocrx_word' id='word_1_474' title='bbox 456 3057 481 3103; x_wconf 85' lang='lat' dir='ltr'><strong>et</strong></span> <span class='ocrx_word' id='word_1_475' title='bbox 508 3049 677 3104; x_wconf 73' lang='lat' dir='ltr'><strong>vehementia</strong></span> <span class='ocrx_word' id='word_1_476' title='bbox 701 3052 825 3119; x_wconf 79' lang='lat' dir='ltr'><strong>quodam</strong></span> <span class='ocrx_word' id='word_1_477' title='bbox 843 3051 933 3120; x_wconf 73' lang='lat' dir='ltr'><strong>ipsine</strong></span> <span class='ocrx_word' id='word_1_478' title='bbox 958 3048 1081 3121; x_wconf 82' lang='lat' dir='ltr'><strong>angelis,</strong></span> <span class='ocrx_word' id='word_1_479' title='bbox 1105 3048 1269 3105; x_wconf 81' lang='lat' dir='ltr'><strong>absolvendi</strong></span> <span class='ocrx_word' id='word_1_480' title='bbox 1294 3049 1420 3104; x_wconf 85' lang='lat' dir='ltr'><strong>sabditos</strong></span> <span class='ocrx_word' id='word_1_481' title='bbox 1443 3060 1461 3104; x_wconf 83' lang='lat' dir='ltr'><strong>a</strong></span> <span class='ocrx_word' id='word_1_482' title='bbox 1483 3048 1662 3120; x_wconf 87' lang='lat' dir='ltr'><strong>juramentis,</strong></span> <span class='ocrx_word' id='word_1_483' title='bbox 1687 3049 1789 3121; x_wconf 86' lang='lat' dir='ltr'><strong>quibos</strong></span> 
     </span>
     <span class='ocr_line' id='line_1_34' title="bbox 99 3133 1789 3206; baseline 0 -16"><span class='ocrx_word' id='word_1_484' title='bbox 99 3144 193 3200; x_wconf 73' lang='lat' dir='ltr'><strong>amos,</strong></span> <span class='ocrx_word' id='word_1_485' title='bbox 218 3154 275 3190; x_wconf 81' lang='lat' dir='ltr'><strong>aaa</strong></span> <span class='ocrx_word' id='word_1_486' title='bbox 300 3143 423 3189; x_wconf 80' lang='grc'><strong>1111111111·</strong></span> <span class='ocrx_word' id='word_1_487' title='bbox 438 3135 489 3188; x_wconf 83' lang='lat' dir='ltr'><strong>snb</strong></span> <span class='ocrx_word' id='word_1_488' title='bbox 504 3143 658 3204; x_wconf 84' lang='lat' dir='ltr'><strong>praecepto</strong></span> <span class='ocrx_word' id='word_1_489' title='bbox 676 3138 769 3190; x_wconf 82' lang='lat' dir='ltr'><strong>Deum</strong></span> <span class='ocrx_word' id='word_1_490' title='bbox 782 3138 850 3206; x_wconf 79' lang='lat' dir='ltr'><strong>plue</strong></span> <span class='ocrx_word' id='word_1_491' title='bbox 866 3137 932 3190; x_wconf 84' lang='lat' dir='ltr'><strong>diii·</strong></span> <span class='ocrx_word' id='word_1_492' title='bbox 958 3134 1134 3206; x_wconf 83' lang='lat' dir='ltr'><strong>magistratui</strong></span> <span class='ocrx_word' id='word_1_493' title='bbox 1159 3142 1224 3190; x_wconf 90' lang='lat' dir='ltr'><strong>aunt</strong></span> <span class='ocrx_word' id='word_1_494' title='bbox 1242 3135 1362 3190; x_wconf 82' lang='lat' dir='ltr'><strong>devincti</strong></span> <span class='ocrx_word' id='word_1_495' title='bbox 1380 3140 1432 3191; x_wconf 90' lang='lat' dir='ltr'><strong>etc.</strong></span> <span class='ocrx_word' id='word_1_496' title='bbox 1466 3135 1496 3188; x_wconf 84' lang='lat' dir='ltr'><strong>In</strong></span> <span class='ocrx_word' id='word_1_497' title='bbox 1514 3133 1606 3190; x_wconf 84' lang='lat' dir='ltr'><strong>officio</strong></span> <span class='ocrx_word' id='word_1_498' title='bbox 1624 3134 1789 3191; x_wconf 81' lang='lat' dir='ltr'><strong>sacerdotali</strong></span> 
     </span>
     <span class='ocr_line' id='line_1_35' title="bbox 99 3219 1788 3293; baseline -0.001 -17"><span class='ocrx_word' id='word_1_499' title='bbox 99 3240 166 3293; x_wconf 75' lang='lat' dir='ltr'><strong>pere</strong></span> <span class='ocrx_word' id='word_1_500' title='bbox 193 3223 325 3276; x_wconf 77' lang='lat' dir='ltr'><strong>omoibae</strong></span> <span class='ocrx_word' id='word_1_501' title='bbox 370 3221 475 3277; x_wconf 86' lang='lat' dir='ltr'><strong>Contra</strong></span> <span class='ocrx_word' id='word_1_502' title='bbox 500 3221 582 3277; x_wconf 91' lang='lat' dir='ltr'><strong>Deut.</strong></span> <span class='ocrx_word' id='word_1_503' title='bbox 610 3229 640 3286; x_wconf 82' lang='grc'><strong>6,</strong></span> <span class='ocrx_word' id='word_1_504' title='bbox 663 3240 688 3278; x_wconf 82' lang='lat' dir='ltr'><strong>v.</strong></span> <span class='ocrx_word' id='word_1_505' title='bbox 713 3230 737 3279; x_wconf 78' lang='lat' dir='ltr'><strong>t.</strong></span> <span class='ocrx_word' id='word_1_506' title='bbox 768 3223 866 3279; x_wconf 74' lang='lat' dir='ltr'><strong>nauh.</strong></span> <span class='ocrx_word' id='word_1_507' title='bbox 890 3229 932 3290; x_wconf 86' lang='grc'><strong>22,</strong></span> <span class='ocrx_word' id='word_1_508' title='bbox 958 3220 1238 3293; x_wconf 82' lang='lat' dir='ltr'><strong>adJ‘unguntChriato</strong></span> <span class='ocrx_word' id='word_1_509' title='bbox 1256 3219 1472 3293; x_wconf 84' lang='lat' dir='ltr'><strong>copiosissImam</strong></span> <span class='ocrx_word' id='word_1_510' title='bbox 1482 3219 1593 3275; x_wconf 86' lang='lat' dir='ltr'><strong>turbem</strong></span> <span class='ocrx_word' id='word_1_511' title='bbox 1605 3221 1788 3291; x_wconf 86' lang='lat' dir='ltr'><strong>sacerdotum,</strong></span> 
     </span>
     <span class='ocr_line' id='line_1_36' title="bbox 99 3305 1787 3380; baseline -0.001 -17"><span class='ocrx_word' id='word_1_512' title='bbox 99 3325 126 3364; x_wconf 83' lang='lat' dir='ltr'><strong>r.</strong></span> <span class='ocrx_word' id='word_1_513' title='bbox 146 3316 187 3364; x_wconf 79' lang='lat' dir='ltr'><strong>et.</strong></span> <span class='ocrx_word' id='word_1_514' title='bbox 225 3309 293 3364; x_wconf 91' lang='lat' dir='ltr'><strong>Luc.</strong></span> <span class='ocrx_word' id='word_1_515' title='bbox 316 3315 360 3374; x_wconf 85' lang='lat' dir='ltr'><strong>to,</strong></span> <span class='ocrx_word' id='word_1_516' title='bbox 387 3327 413 3364; x_wconf 85' lang='lat' dir='ltr'><strong>v.</strong></span> <span class='ocrx_word' id='word_1_517' title='bbox 440 3314 482 3364; x_wconf 81' lang='grc'><strong>21.</strong></span> <span class='ocrx_word' id='word_1_518' title='bbox 521 3309 631 3365; x_wconf 90' lang='lat' dir='ltr'><strong>Deinde</strong></span> <span class='ocrx_word' id='word_1_519' title='bbox 656 3309 730 3367; x_wconf 88' lang='lat' dir='ltr'><strong>cirea</strong></span> <span class='ocrx_word' id='word_1_520' title='bbox 746 3312 885 3380; x_wconf 73' lang='lat' dir='ltr'><strong>fiduciam</strong></span> <span class='ocrx_word' id='word_1_521' title='bbox 903 3313 933 3365; x_wconf 79' lang='lat' dir='ltr'><strong>ia</strong></span> <span class='ocrx_word' id='word_1_522' title='bbox 959 3307 1008 3378; x_wconf 89' lang='lat' dir='ltr'><strong>qui</strong></span> <span class='ocrx_word' id='word_1_523' title='bbox 1032 3307 1155 3379; x_wconf 91' lang='lat' dir='ltr'><strong>quotidie</strong></span> <span class='ocrx_word' id='word_1_524' title='bbox 1176 3307 1259 3362; x_wconf 86' lang='lat' dir='ltr'><strong>ruodo</strong></span> <span class='ocrx_word' id='word_1_525' title='bbox 1284 3306 1427 3361; x_wconf 85' lang='lat' dir='ltr'><strong>incruento</strong></span> <span class='ocrx_word' id='word_1_526' title='bbox 1450 3323 1501 3377; x_wconf 92' lang='lat' dir='ltr'><strong>pro</strong></span> <span class='ocrx_word' id='word_1_527' title='bbox 1524 3305 1647 3377; x_wconf 90' lang='lat' dir='ltr'><strong>peccatis</strong></span> <span class='ocrx_word' id='word_1_528' title='bbox 1667 3311 1787 3361; x_wconf 90' lang='lat' dir='ltr'><strong>mortuo-</strong></span> 
     </span>
     <span class='ocr_line' id='line_1_37' title="bbox 100 3391 1787 3465; baseline -0.002 -15"><span class='ocrx_word' id='word_1_529' title='bbox 100 3398 202 3450; x_wconf 78' lang='lat' dir='ltr'><strong>Deam.</strong></span> <span class='ocrx_word' id='word_1_530' title='bbox 245 3396 405 3450; x_wconf 87' lang='lat' dir='ltr'><strong>Thesaurus</strong></span> <span class='ocrx_word' id='word_1_531' title='bbox 431 3396 640 3465; x_wconf 88' lang='lat' dir='ltr'><strong>praeconiorum</strong></span> <span class='ocrx_word' id='word_1_532' title='bbox 664 3396 768 3452; x_wconf 83' lang='lat' dir='ltr'><strong>Mariae</strong></span> <span class='ocrx_word' id='word_1_533' title='bbox 793 3414 817 3452; x_wconf 91' lang='lat' dir='ltr'><strong>c.</strong></span> <span class='ocrx_word' id='word_1_534' title='bbox 838 3404 879 3455; x_wconf 81' lang='lat' dir='ltr'><strong>tt.</strong></span> <span class='ocrx_word' id='word_1_535' title='bbox 900 3415 933 3454; x_wconf 83' lang='lat' dir='ltr'><strong>er</strong></span> <span class='ocrx_word' id='word_1_536' title='bbox 958 3410 1019 3447; x_wconf 90' lang='lat' dir='ltr'><strong>rum</strong></span> <span class='ocrx_word' id='word_1_537' title='bbox 1043 3410 1077 3448; x_wconf 91' lang='lat' dir='ltr'><strong>ac</strong></span> <span class='ocrx_word' id='word_1_538' title='bbox 1094 3392 1246 3448; x_wconf 78' lang='lat' dir='ltr'><strong>viventium</strong></span> <span class='ocrx_word' id='word_1_539' title='bbox 1268 3393 1297 3448; x_wconf 91' lang='lat' dir='ltr'><strong>in</strong></span> <span class='ocrx_word' id='word_1_540' title='bbox 1320 3391 1455 3447; x_wconf 74' lang='lat' dir='ltr'><strong>sacnficio</strong></span> <span class='ocrx_word' id='word_1_541' title='bbox 1472 3391 1572 3447; x_wconf 86' lang='lat' dir='ltr'><strong>missae</strong></span> <span class='ocrx_word' id='word_1_542' title='bbox 1590 3391 1729 3447; x_wconf 87' lang='lat' dir='ltr'><strong>Christum</strong></span> <span class='ocrx_word' id='word_1_543' title='bbox 1748 3391 1787 3446; x_wconf 86' lang='lat' dir='ltr'><strong>of·</strong></span> 
     </span>
     <span class='ocr_line' id='line_1_38' title="bbox 99 3477 1788 3554; baseline -0.004 -16"><span class='ocrx_word' id='word_1_544' title='bbox 99 3480 234 3538; x_wconf 78' lang='lat' dir='ltr'><strong>Auselmo</strong></span> <span class='ocrx_word' id='word_1_545' title='bbox 258 3481 293 3535; x_wconf 89' lang='lat' dir='ltr'><strong>de</strong></span> <span class='ocrx_word' id='word_1_546' title='bbox 314 3482 409 3538; x_wconf 85' lang='lat' dir='ltr'><strong>excell.</strong></span> <span class='ocrx_word' id='word_1_547' title='bbox 434 3481 512 3554; x_wconf 87' lang='lat' dir='ltr'><strong>Virg.</strong></span> <span class='ocrx_word' id='word_1_548' title='bbox 538 3498 562 3538; x_wconf 91' lang='lat' dir='ltr'><strong>c.</strong></span> <span class='ocrx_word' id='word_1_549' title='bbox 586 3489 617 3538; x_wconf 80' lang='lat' dir='ltr'><strong>t:</strong></span> <span class='ocrx_word' id='word_1_550' title='bbox 652 3484 781 3538; x_wconf 81' lang='lat' dir='ltr'><strong>Velooior</strong></span> <span class='ocrx_word' id='word_1_551' title='bbox 807 3479 1064 3550; x_wconf 62' lang='lat' dir='ltr'><strong>amaea-iseram</strong></span> <span class='ocrx_word' id='word_1_552' title='bbox 1088 3478 1197 3534; x_wconf 88' lang='lat' dir='ltr'><strong>Christo</strong></span> <span class='ocrx_word' id='word_1_553' title='bbox 1223 3479 1306 3534; x_wconf 92' lang='lat' dir='ltr'><strong>unico</strong></span> <span class='ocrx_word' id='word_1_554' title='bbox 1327 3478 1472 3535; x_wconf 84' lang='lat' dir='ltr'><strong>mediatori</strong></span> <span class='ocrx_word' id='word_1_555' title='bbox 1497 3484 1527 3533; x_wconf 86' lang='lat' dir='ltr'><strong>et</strong></span> <span class='ocrx_word' id='word_1_556' title='bbox 1548 3477 1722 3533; x_wconf 85' lang='lat' dir='ltr'><strong>intercessori</strong></span> <span class='ocrx_word' id='word_1_557' title='bbox 1740 3477 1788 3532; x_wconf 84' lang='lat' dir='ltr'><strong>sd·</strong></span> 
     </span>
     <span class='ocr_line' id='line_1_39' title="bbox 99 3564 1789 3638; baseline -0.001 -18"><span class='ocrx_word' id='word_1_558' title='bbox 99 3585 186 3638; x_wconf 73' lang='lat' dir='ltr'><strong>quam</strong></span> <span class='ocrx_word' id='word_1_559' title='bbox 210 3569 242 3622; x_wconf 85' lang='lat' dir='ltr'><strong>io</strong></span> <span class='ocrx_word' id='word_1_560' title='bbox 258 3568 397 3637; x_wconf 81' lang='lat' dir='ltr'><strong>periculis</strong></span> <span class='ocrx_word' id='word_1_561' title='bbox 414 3568 493 3622; x_wconf 74' lang='lat' dir='ltr'><strong>salros</strong></span> <span class='ocrx_word' id='word_1_562' title='bbox 512 3577 553 3621; x_wconf 80' lang='lat' dir='ltr'><strong>est</strong></span> <span class='ocrx_word' id='word_1_563' title='bbox 570 3577 722 3625; x_wconf 67' lang='lat' dir='ltr'><strong>marmorato</strong></span> <span class='ocrx_word' id='word_1_564' title='bbox 739 3571 849 3624; x_wconf 85' lang='lat' dir='ltr'><strong>oomioe</strong></span> <span class='ocrx_word' id='word_1_565' title='bbox 867 3573 933 3625; x_wconf 90' lang='lat' dir='ltr'><strong>Ma·</strong></span> <span class='ocrx_word' id='word_1_566' title='bbox 955 3567 1080 3637; x_wconf 88' lang='lat' dir='ltr'><strong>jungunt</strong></span> <span class='ocrx_word' id='word_1_567' title='bbox 1096 3565 1197 3620; x_wconf 86' lang='lat' dir='ltr'><strong>multos</strong></span> <span class='ocrx_word' id='word_1_568' title='bbox 1217 3570 1335 3634; x_wconf 76' lang='lat' dir='ltr'><strong>amotos,</strong></span> <span class='ocrx_word' id='word_1_569' title='bbox 1354 3581 1471 3637; x_wconf 89' lang='lat' dir='ltr'><strong>quorum</strong></span> <span class='ocrx_word' id='word_1_570' title='bbox 1489 3565 1593 3621; x_wconf 85' lang='lat' dir='ltr'><strong>meritis</strong></span> <span class='ocrx_word' id='word_1_571' title='bbox 1611 3571 1641 3620; x_wconf 92' lang='lat' dir='ltr'><strong>et</strong></span> <span class='ocrx_word' id='word_1_572' title='bbox 1659 3564 1789 3620; x_wconf 87' lang='lat' dir='ltr'><strong>interces-</strong></span> 
     </span>
     <span class='ocr_line' id='line_1_40' title="bbox 100 3650 1789 3723; baseline -0.001 -15"><span class='ocrx_word' id='word_1_573' title='bbox 100 3655 176 3723; x_wconf 85' lang='lat' dir='ltr'><strong>riae,</strong></span> <span class='ocrx_word' id='word_1_574' title='bbox 202 3671 286 3723; x_wconf 69' lang='grc'><strong>11111111</strong></span> <span class='ocrx_word' id='word_1_575' title='bbox 309 3654 434 3709; x_wconf 79' lang='lat' dir='ltr'><strong>invocato</strong></span> <span class='ocrx_word' id='word_1_576' title='bbox 460 3656 569 3710; x_wconf 79' lang='lat' dir='ltr'><strong>momine</strong></span> <span class='ocrx_word' id='word_1_577' title='bbox 593 3655 708 3710; x_wconf 72' lang='lat' dir='ltr'><strong>Christi.</strong></span> <span class='ocrx_word' id='word_1_578' title='bbox 744 3656 827 3712; x_wconf 84' lang='lat' dir='ltr'><strong>Item:</strong></span> <span class='ocrx_word' id='word_1_579' title='bbox 854 3659 934 3711; x_wconf 74' lang='lat' dir='ltr'><strong>Deae</strong></span> <span class='ocrx_word' id='word_1_580' title='bbox 959 3653 1035 3707; x_wconf 88' lang='lat' dir='ltr'><strong>sione</strong></span> <span class='ocrx_word' id='word_1_581' title='bbox 1052 3651 1246 3707; x_wconf 82' lang='lat' dir='ltr'><strong>confidendum</strong></span> <span class='ocrx_word' id='word_1_582' title='bbox 1265 3667 1326 3708; x_wconf 89' lang='lat' dir='ltr'><strong>esse</strong></span> <span class='ocrx_word' id='word_1_583' title='bbox 1343 3652 1453 3708; x_wconf 87' lang='lat' dir='ltr'><strong>docent.</strong></span> <span class='ocrx_word' id='word_1_584' title='bbox 1488 3651 1588 3707; x_wconf 83' lang='lat' dir='ltr'><strong>Merito</strong></span> <span class='ocrx_word' id='word_1_585' title='bbox 1606 3650 1708 3706; x_wconf 89' lang='lat' dir='ltr'><strong>Christi</strong></span> <span class='ocrx_word' id='word_1_586' title='bbox 1726 3668 1789 3706; x_wconf 91' lang='lat' dir='ltr'><strong>con·</strong></span> 
     </span>
     <span class='ocr_line' id='line_1_41' title="bbox 100 3737 1791 3812; baseline -0.002 -16"><span class='ocrx_word' id='word_1_587' title='bbox 100 3743 184 3809; x_wconf 72' lang='lat' dir='ltr'><strong>regei</strong></span> <span class='ocrx_word' id='word_1_588' title='bbox 200 3742 260 3809; x_wconf 84' lang='lat' dir='ltr'><strong>sai,</strong></span> <span class='ocrx_word' id='word_1_589' title='bbox 279 3743 355 3810; x_wconf 74' lang='lat' dir='ltr'><strong>quod</strong></span> <span class='ocrx_word' id='word_1_590' title='bbox 371 3741 568 3796; x_wconf 81' lang='lat' dir='ltr'><strong>misericordia</strong></span> <span class='ocrx_word' id='word_1_591' title='bbox 586 3743 738 3810; x_wconf 73' lang='lat' dir='ltr'><strong>sejudicio</strong></span> <span class='ocrx_word' id='word_1_592' title='bbox 756 3751 872 3812; x_wconf 71' lang='lat' dir='ltr'><strong>coemat,</strong></span> <span class='ocrx_word' id='word_1_593' title='bbox 889 3745 932 3798; x_wconf 85' lang='lat' dir='ltr'><strong>di·</strong></span> <span class='ocrx_word' id='word_1_594' title='bbox 955 3740 1079 3810; x_wconf 77' lang='lat' dir='ltr'><strong>jungunt</strong></span> <span class='ocrx_word' id='word_1_595' title='bbox 1102 3737 1200 3794; x_wconf 85' lang='lat' dir='ltr'><strong>merita</strong></span> <span class='ocrx_word' id='word_1_596' title='bbox 1216 3745 1374 3794; x_wconf 87' lang='lat' dir='ltr'><strong>sanctorum</strong></span> <span class='ocrx_word' id='word_1_597' title='bbox 1391 3745 1420 3793; x_wconf 91' lang='lat' dir='ltr'><strong>et</strong></span> <span class='ocrx_word' id='word_1_598' title='bbox 1433 3754 1518 3808; x_wconf 89' lang='lat' dir='ltr'><strong>opera</strong></span> <span class='ocrx_word' id='word_1_599' title='bbox 1530 3738 1791 3810; x_wconf 84' lang='lat' dir='ltr'><strong>supererogationis,</strong></span> 
     </span>
     <span class='ocr_line' id='line_1_42' title="bbox 98 3824 1790 3898; baseline -0.002 -15"><span class='ocrx_word' id='word_1_600' title='bbox 98 3827 233 3896; x_wconf 71' lang='grc'><strong>1111211111,</strong></span> <span class='ocrx_word' id='word_1_601' title='bbox 255 3827 306 3882; x_wconf 81' lang='lat' dir='ltr'><strong>hoc</strong></span> <span class='ocrx_word' id='word_1_602' title='bbox 332 3836 372 3881; x_wconf 86' lang='lat' dir='ltr'><strong>eat</strong></span> <span class='ocrx_word' id='word_1_603' title='bbox 393 3828 633 3895; x_wconf 81' lang='lat' dir='ltr'><strong>misericordiam,</strong></span> <span class='ocrx_word' id='word_1_604' title='bbox 654 3830 800 3884; x_wconf 58' lang='lat' dir='ltr'><strong>tanstulit</strong></span> <span class='ocrx_word' id='word_1_605' title='bbox 818 3848 848 3883; x_wconf 83' lang='lat' dir='ltr'><strong>m</strong></span> <span class='ocrx_word' id='word_1_606' title='bbox 866 3833 933 3885; x_wconf 90' lang='lat' dir='ltr'><strong>Ma·</strong></span> <span class='ocrx_word' id='word_1_607' title='bbox 960 3842 1042 3898; x_wconf 87' lang='lat' dir='ltr'><strong>quem</strong></span> <span class='ocrx_word' id='word_1_608' title='bbox 1059 3826 1218 3882; x_wconf 81' lang='lat' dir='ltr'><strong>thesaurum</strong></span> <span class='ocrx_word' id='word_1_609' title='bbox 1236 3842 1286 3896; x_wconf 91' lang='lat' dir='ltr'><strong>per</strong></span> <span class='ocrx_word' id='word_1_610' title='bbox 1304 3824 1492 3898; x_wconf 84' lang='lat' dir='ltr'><strong>indulgenu&#39;as</strong></span> <span class='ocrx_word' id='word_1_611' title='bbox 1509 3824 1624 3896; x_wconf 74' lang='lat' dir='ltr'><strong>papales</strong></span> <span class='ocrx_word' id='word_1_612' title='bbox 1636 3824 1790 3896; x_wconf 87' lang='lat' dir='ltr'><strong>dispensari</strong></span> 
     </span>
     <span class='ocr_line' id='line_1_43' title="bbox 98 3910 1789 3985; baseline -0.001 -17"><span class='ocrx_word' id='word_1_613' title='bbox 98 3916 182 3983; x_wconf 65' lang='lat' dir='ltr'><strong>mam,</strong></span> <span class='ocrx_word' id='word_1_614' title='bbox 200 3915 294 3968; x_wconf 84' lang='lat' dir='ltr'><strong>altera</strong></span> <span class='ocrx_word' id='word_1_615' title='bbox 310 3914 392 3981; x_wconf 73' lang='lat' dir='ltr'><strong>requi</strong></span> <span class='ocrx_word' id='word_1_616' title='bbox 405 3922 500 3983; x_wconf 85' lang='lat' dir='ltr'><strong>porte,</strong></span> <span class='ocrx_word' id='word_1_617' title='bbox 518 3915 551 3968; x_wconf 83' lang='lat' dir='ltr'><strong>id</strong></span> <span class='ocrx_word' id='word_1_618' title='bbox 569 3922 608 3967; x_wconf 81' lang='lat' dir='ltr'><strong>cat</strong></span> <span class='ocrx_word' id='word_1_619' title='bbox 614 3915 729 3983; x_wconf 81' lang='lat' dir='ltr'><strong>judicio</strong></span> <span class='ocrx_word' id='word_1_620' title='bbox 742 3923 767 3970; x_wconf 86' lang='lat' dir='ltr'><strong>st</strong></span> <span class='ocrx_word' id='word_1_621' title='bbox 780 3917 933 3982; x_wconf 66' lang='lat' dir='ltr'><strong>severitate,</strong></span> <span class='ocrx_word' id='word_1_622' title='bbox 958 3912 1076 3985; x_wconf 84' lang='lat' dir='ltr'><strong>lingunt,</strong></span> <span class='ocrx_word' id='word_1_623' title='bbox 1087 3912 1195 3982; x_wconf 89' lang='lat' dir='ltr'><strong>docent,</strong></span> <span class='ocrx_word' id='word_1_624' title='bbox 1208 3910 1352 3968; x_wconf 90' lang='lat' dir='ltr'><strong>Christum</strong></span> <span class='ocrx_word' id='word_1_625' title='bbox 1361 3927 1531 3967; x_wconf 73' lang='lat' dir='ltr'><strong>suenorum</strong></span> <span class='ocrx_word' id='word_1_626' title='bbox 1542 3910 1725 3983; x_wconf 84' lang='lat' dir='ltr'><strong>legislatorem</strong></span> <span class='ocrx_word' id='word_1_627' title='bbox 1739 3919 1789 3967; x_wconf 90' lang='lat' dir='ltr'><strong>etc.</strong></span> 
     </span>
     <span class='ocr_line' id='line_1_44' title="bbox 98 3987 1789 4072; baseline -0.002 -18"><span class='ocrx_word' id='word_1_628' title='bbox 98 4001 144 4055; x_wconf 83' lang='lat' dir='ltr'><strong>osi</strong></span> <span class='ocrx_word' id='word_1_629' title='bbox 162 4001 218 4054; x_wconf 78' lang='lat' dir='ltr'><strong>sibi</strong></span> <span class='ocrx_word' id='word_1_630' title='bbox 233 4007 349 4063; x_wconf 74' lang='lat' dir='ltr'><strong>retenta,</strong></span> <span class='ocrx_word' id='word_1_631' title='bbox 368 4000 412 4054; x_wconf 80' lang='lat' dir='ltr'><strong>oei</strong></span> <span class='ocrx_word' id='word_1_632' title='bbox 430 4001 574 4054; x_wconf 82' lang='lat' dir='ltr'><strong>traaaluta</strong></span> <span class='ocrx_word' id='word_1_633' title='bbox 593 4001 623 4053; x_wconf 81' lang='lat' dir='ltr'><strong>ia</strong></span> <span class='ocrx_word' id='word_1_634' title='bbox 640 4000 757 4070; x_wconf 83' lang='lat' dir='ltr'><strong>Filiam,</strong></span> <span class='ocrx_word' id='word_1_635' title='bbox 777 4010 808 4056; x_wconf 87' lang='lat' dir='ltr'><strong>at</strong></span> <span class='ocrx_word' id='word_1_636' title='bbox 827 4003 855 4056; x_wconf 87' lang='lat' dir='ltr'><strong>si</strong></span> <span class='ocrx_word' id='word_1_637' title='bbox 870 4005 932 4072; x_wconf 73' lang='lat' dir='ltr'><strong>qais</strong></span> <span class='ocrx_word' id='word_1_638' title='bbox 959 3987 1038 4063; x_wconf 81' lang='lat' dir='ltr'><strong>Quae</strong></span> <span class='ocrx_word' id='word_1_639' title='bbox 1056 3998 1147 4054; x_wconf 83' lang='lat' dir='ltr'><strong>omnia</strong></span> <span class='ocrx_word' id='word_1_640' title='bbox 1167 3998 1294 4069; x_wconf 88' lang='lat' dir='ltr'><strong>probant,</strong></span> <span class='ocrx_word' id='word_1_641' title='bbox 1312 3998 1472 4055; x_wconf 81' lang='lat' dir='ltr'><strong>Pontificius</strong></span> <span class='ocrx_word' id='word_1_642' title='bbox 1490 4013 1593 4069; x_wconf 85' lang='lat' dir='ltr'><strong>negare</strong></span> <span class='ocrx_word' id='word_1_643' title='bbox 1608 3997 1717 4066; x_wconf 78' lang='lat' dir='ltr'><strong>Filium,</strong></span> <span class='ocrx_word' id='word_1_644' title='bbox 1736 3997 1789 4051; x_wconf 92' lang='lat' dir='ltr'><strong>hoc</strong></span> 
     </span>
    </p>

    <p class='ocr_par' dir='ltr' id='par_1_5' title="bbox 68 4083 1841 5534">
     <span class='ocr_line' id='line_1_45' title="bbox 68 4083 1788 4158; baseline -0.003 -14"><span class='ocrx_word' id='word_1_645' title='bbox 68 4089 175 4158; x_wconf 83' lang='lat' dir='ltr'><strong>·sorte</strong></span> <span class='ocrx_word' id='word_1_646' title='bbox 201 4104 221 4139; x_wconf 89' lang='lat' dir='ltr'><strong>a</strong></span> <span class='ocrx_word' id='word_1_647' title='bbox 246 4087 334 4140; x_wconf 83' lang='lat' dir='ltr'><strong>Patre</strong></span> <span class='ocrx_word' id='word_1_648' title='bbox 360 4095 518 4150; x_wconf 82' lang='lat' dir='ltr'><strong>terreatur,</strong></span> <span class='ocrx_word' id='word_1_649' title='bbox 545 4088 612 4156; x_wconf 74' lang='lat' dir='ltr'><strong>qaia</strong></span> <span class='ocrx_word' id='word_1_650' title='bbox 638 4104 748 4142; x_wconf 75' lang='lat' dir='ltr'><strong>acuente</strong></span> <span class='ocrx_word' id='word_1_651' title='bbox 768 4095 821 4153; x_wconf 84' lang='lat' dir='ltr'><strong>est,</strong></span> <span class='ocrx_word' id='word_1_652' title='bbox 847 4098 896 4146; x_wconf 84' lang='lat' dir='ltr'><strong>aut</strong></span> <span class='ocrx_word' id='word_1_653' title='bbox 913 4092 1002 4144; x_wconf 67' lang='lat' dir='ltr'><strong>aest</strong></span> <span class='ocrx_word' id='word_1_654' title='bbox 1027 4085 1180 4142; x_wconf 86' lang='lat' dir='ltr'><strong>doctrinam</strong></span> <span class='ocrx_word' id='word_1_655' title='bbox 1204 4085 1240 4140; x_wconf 90' lang='lat' dir='ltr'><strong>de</strong></span> <span class='ocrx_word' id='word_1_656' title='bbox 1256 4083 1349 4141; x_wconf 85' lang='lat' dir='ltr'><strong>officio</strong></span> <span class='ocrx_word' id='word_1_657' title='bbox 1365 4084 1467 4140; x_wconf 77' lang='lat' dir='ltr'><strong>Christi</strong></span> <span class='ocrx_word' id='word_1_658' title='bbox 1487 4083 1655 4140; x_wconf 86' lang='lat' dir='ltr'><strong>horribiliter</strong></span> <span class='ocrx_word' id='word_1_659' title='bbox 1668 4099 1788 4138; x_wconf 86' lang='lat' dir='ltr'><strong>corrum-</strong></span> 
     </span>
     <span class='ocr_line' id='line_1_46' title="bbox 97 4167 1790 4244; baseline -0.005 -13"><span class='ocrx_word' id='word_1_660' title='bbox 97 4173 191 4240; x_wconf 63' lang='lat' dir='ltr'><strong>Ilt&#39;iio,</strong></span> <span class='ocrx_word' id='word_1_661' title='bbox 215 4173 282 4242; x_wconf 75' lang='lat' dir='ltr'><strong>qaia</strong></span> <span class='ocrx_word' id='word_1_662' title='bbox 300 4174 391 4241; x_wconf 75' lang='lat' dir='ltr'><strong>judea</strong></span> <span class='ocrx_word' id='word_1_663' title='bbox 413 4181 467 4243; x_wconf 85' lang='lat' dir='ltr'><strong>est,</strong></span> <span class='ocrx_word' id='word_1_664' title='bbox 496 4174 521 4226; x_wconf 78' lang='lat' dir='ltr'><strong>ir</strong></span> <span class='ocrx_word' id='word_1_665' title='bbox 544 4181 658 4226; x_wconf 81' lang='lat' dir='ltr'><strong>matrem</strong></span> <span class='ocrx_word' id='word_1_666' title='bbox 682 4174 825 4227; x_wconf 79' lang='lat' dir='ltr'><strong>intueatur</strong></span> <span class='ocrx_word' id='word_1_667' title='bbox 847 4184 873 4229; x_wconf 91' lang='lat' dir='ltr'><strong>et</strong></span> <span class='ocrx_word' id='word_1_668' title='bbox 893 4180 933 4230; x_wconf 68' lang='lat' dir='ltr'><strong>ort</strong></span> <span class='ocrx_word' id='word_1_669' title='bbox 959 4189 1039 4242; x_wconf 90' lang='lat' dir='ltr'><strong>pere,</strong></span> <span class='ocrx_word' id='word_1_670' title='bbox 1065 4171 1182 4244; x_wconf 89' lang='lat' dir='ltr'><strong>proinde</strong></span> <span class='ocrx_word' id='word_1_671' title='bbox 1208 4186 1261 4225; x_wconf 92' lang='lat' dir='ltr'><strong>nec</strong></span> <span class='ocrx_word' id='word_1_672' title='bbox 1286 4175 1394 4241; x_wconf 87' lang='lat' dir='ltr'><strong>patrem</strong></span> <span class='ocrx_word' id='word_1_673' title='bbox 1415 4169 1526 4225; x_wconf 84' lang='lat' dir='ltr'><strong>habent.</strong></span> <span class='ocrx_word' id='word_1_674' title='bbox 1562 4173 1587 4225; x_wconf 82' lang='lat'><strong>2.</strong></span> <span class='ocrx_word' id='word_1_675' title='bbox 1605 4167 1790 4238; x_wconf 78' lang='lat' dir='ltr'><strong>Idololatria,</strong></span> 
     </span>
     <span class='ocr_line' id='line_1_47' title="bbox 97 4254 1789 4330; baseline -0.005 -13"><span class='ocrx_word' id='word_1_676' title='bbox 97 4278 162 4317; x_wconf 84' lang='lat' dir='ltr'><strong>sam</strong></span> <span class='ocrx_word' id='word_1_677' title='bbox 189 4261 350 4328; x_wconf 70' lang='lat' dir='ltr'><strong>conseptae,</strong></span> <span class='ocrx_word' id='word_1_678' title='bbox 380 4260 448 4328; x_wconf 77' lang='lat' dir='ltr'><strong>qaia</strong></span> <span class='ocrx_word' id='word_1_679' title='bbox 474 4258 616 4313; x_wconf 79' lang='lat' dir='ltr'><strong>medicina</strong></span> <span class='ocrx_word' id='word_1_680' title='bbox 643 4267 684 4313; x_wconf 84' lang='lat' dir='ltr'><strong>eat</strong></span> <span class='ocrx_word' id='word_1_681' title='bbox 712 4268 738 4314; x_wconf 84' lang='lat' dir='ltr'><strong>at</strong></span> <span class='ocrx_word' id='word_1_682' title='bbox 765 4261 931 4317; x_wconf 79' lang='lat' dir='ltr'><strong>misericors.</strong></span> <span class='ocrx_word' id='word_1_683' title='bbox 959 4275 1046 4330; x_wconf 86' lang='lat' dir='ltr'><strong>eaque</strong></span> <span class='ocrx_word' id='word_1_684' title='bbox 1066 4258 1216 4329; x_wconf 86' lang='lat' dir='ltr'><strong>multiplex.</strong></span> <span class='ocrx_word' id='word_1_685' title='bbox 1254 4256 1423 4314; x_wconf 81' lang='lat' dir='ltr'><strong>Invocantur</strong></span> <span class='ocrx_word' id='word_1_686' title='bbox 1440 4257 1513 4312; x_wconf 92' lang='lat' dir='ltr'><strong>enim</strong></span> <span class='ocrx_word' id='word_1_687' title='bbox 1532 4255 1621 4310; x_wconf 89' lang='lat' dir='ltr'><strong>sancti</strong></span> <span class='ocrx_word' id='word_1_688' title='bbox 1633 4254 1789 4310; x_wconf 83' lang='lat' dir='ltr'><strong>nouaclum</strong></span> 
     </span>
     <span class='ocr_line' id='line_1_48' title="bbox 99 4343 1789 4415; baseline -0.004 -13"><span class='ocrx_word' id='word_1_689' title='bbox 99 4347 165 4406; x_wconf 82' lang='lat' dir='ltr'><strong>vid.</strong></span> <span class='ocrx_word' id='word_1_690' title='bbox 189 4345 373 4402; x_wconf 86' lang='lat' dir='ltr'><strong>Cassandrum</strong></span> <span class='ocrx_word' id='word_1_691' title='bbox 397 4345 426 4398; x_wconf 92' lang='lat' dir='ltr'><strong>in</strong></span> <span class='ocrx_word' id='word_1_692' title='bbox 448 4346 564 4401; x_wconf 88' lang='lat' dir='ltr'><strong>consult</strong></span> <span class='ocrx_word' id='word_1_693' title='bbox 590 4351 641 4400; x_wconf 92' lang='lat' dir='ltr'><strong>art.</strong></span> <span class='ocrx_word' id='word_1_694' title='bbox 667 4351 709 4401; x_wconf 87' lang='grc'><strong>21.</strong></span> <span class='ocrx_word' id='word_1_695' title='bbox 738 4364 761 4401; x_wconf 89' lang='lat' dir='ltr'><strong>c.</strong></span> <span class='ocrx_word' id='word_1_696' title='bbox 785 4348 820 4402; x_wconf 91' lang='lat' dir='ltr'><strong>de</strong></span> <span class='ocrx_word' id='word_1_697' title='bbox 843 4348 932 4403; x_wconf 89' lang='lat' dir='ltr'><strong>merit.</strong></span> <span class='ocrx_word' id='word_1_698' title='bbox 957 4352 990 4400; x_wconf 90' lang='lat' dir='ltr'><strong>ut</strong></span> <span class='ocrx_word' id='word_1_699' title='bbox 1007 4346 1215 4410; x_wconf 87' lang='lat' dir='ltr'><strong>intercessores,</strong></span> <span class='ocrx_word' id='word_1_700' title='bbox 1234 4345 1285 4401; x_wconf 90' lang='lat' dir='ltr'><strong>aed</strong></span> <span class='ocrx_word' id='word_1_701' title='bbox 1304 4344 1387 4399; x_wconf 88' lang='lat' dir='ltr'><strong>etiam</strong></span> <span class='ocrx_word' id='word_1_702' title='bbox 1406 4349 1438 4398; x_wconf 88' lang='lat' dir='ltr'><strong>ut</strong></span> <span class='ocrx_word' id='word_1_703' title='bbox 1455 4343 1635 4415; x_wconf 89' lang='lat' dir='ltr'><strong>opitulatores</strong></span> <span class='ocrx_word' id='word_1_704' title='bbox 1653 4358 1685 4395; x_wconf 85' lang='lat' dir='ltr'><strong>ac</strong></span> <span class='ocrx_word' id='word_1_705' title='bbox 1703 4354 1789 4413; x_wconf 81' lang='lat' dir='ltr'><strong>quan·</strong></span> 
     </span>
     <span class='ocr_line' id='line_1_49' title="bbox 99 4428 1789 4503; baseline -0.005 -13"><span class='ocrx_word' id='word_1_706' title='bbox 99 4436 241 4490; x_wconf 82' lang='lat' dir='ltr'><strong>iuterceas.</strong></span> <span class='ocrx_word' id='word_1_707' title='bbox 253 4437 340 4487; x_wconf 83' lang='lat' dir='ltr'><strong>aanct</strong></span> <span class='ocrx_word' id='word_1_708' title='bbox 366 4432 436 4487; x_wconf 88' lang='lat' dir='ltr'><strong>Rob.</strong></span> <span class='ocrx_word' id='word_1_709' title='bbox 451 4431 613 4487; x_wconf 81' lang='lat' dir='ltr'><strong>lloleottum</strong></span> <span class='ocrx_word' id='word_1_710' title='bbox 624 4433 654 4487; x_wconf 92' lang='lat' dir='ltr'><strong>in</strong></span> <span class='ocrx_word' id='word_1_711' title='bbox 665 4432 712 4488; x_wconf 92' lang='lat' dir='ltr'><strong>lib.</strong></span> <span class='ocrx_word' id='word_1_712' title='bbox 727 4439 796 4488; x_wconf 84' lang='lat' dir='ltr'><strong>sent</strong></span> <span class='ocrx_word' id='word_1_713' title='bbox 810 4433 873 4489; x_wconf 85' lang='lat' dir='ltr'><strong>lect</strong></span> <span class='ocrx_word' id='word_1_714' title='bbox 890 4440 932 4492; x_wconf 86' lang='grc'><strong>36.</strong></span> <span class='ocrx_word' id='word_1_715' title='bbox 959 4431 1050 4503; x_wconf 87' lang='lat' dir='ltr'><strong>doque</strong></span> <span class='ocrx_word' id='word_1_716' title='bbox 1070 4432 1211 4487; x_wconf 61' lang='lat' dir='ltr'><strong>manuus</strong></span> <span class='ocrx_word' id='word_1_717' title='bbox 1230 4446 1313 4502; x_wconf 86' lang='lat' dir='ltr'><strong>quam</strong></span> <span class='ocrx_word' id='word_1_718' title='bbox 1331 4431 1391 4502; x_wconf 91' lang='lat' dir='ltr'><strong>ipse</strong></span> <span class='ocrx_word' id='word_1_719' title='bbox 1410 4428 1500 4498; x_wconf 90' lang='lat' dir='ltr'><strong>Deus,</strong></span> <span class='ocrx_word' id='word_1_720' title='bbox 1525 4443 1581 4500; x_wconf 84' lang='lat' dir='ltr'><strong>qua</strong></span> <span class='ocrx_word' id='word_1_721' title='bbox 1594 4428 1700 4482; x_wconf 89' lang='lat' dir='ltr'><strong>ratione</strong></span> <span class='ocrx_word' id='word_1_722' title='bbox 1716 4443 1789 4482; x_wconf 89' lang='lat' dir='ltr'><strong>oom-</strong></span> 
     </span>
     <span class='ocr_line' id='line_1_50' title="bbox 99 4513 1788 4590; baseline -0.007 -13"><span class='ocrx_word' id='word_1_723' title='bbox 99 4519 307 4577; x_wconf 84' lang='lat' dir='ltr'><strong>Bernhardinus</strong></span> <span class='ocrx_word' id='word_1_724' title='bbox 324 4519 353 4573; x_wconf 93' lang='lat' dir='ltr'><strong>in</strong></span> <span class='ocrx_word' id='word_1_725' title='bbox 373 4536 423 4573; x_wconf 85' lang='lat' dir='ltr'><strong>suo</strong></span> <span class='ocrx_word' id='word_1_726' title='bbox 442 4517 552 4573; x_wconf 85' lang='lat' dir='ltr'><strong>Mariali</strong></span> <span class='ocrx_word' id='word_1_727' title='bbox 572 4518 729 4574; x_wconf 85' lang='lat' dir='ltr'><strong>Alexandro</strong></span> <span class='ocrx_word' id='word_1_728' title='bbox 737 4519 785 4574; x_wconf 90' lang='lat' dir='ltr'><strong>VI.</strong></span> <span class='ocrx_word' id='word_1_729' title='bbox 804 4520 932 4576; x_wconf 87' lang='lat' dir='ltr'><strong>dedicato</strong></span> <span class='ocrx_word' id='word_1_730' title='bbox 958 4518 1073 4573; x_wconf 88' lang='lat' dir='ltr'><strong>mittunt</strong></span> <span class='ocrx_word' id='word_1_731' title='bbox 1090 4516 1291 4590; x_wconf 74' lang='lat' dir='ltr'><strong>dysoiarpetau.</strong></span> <span class='ocrx_word' id='word_1_732' title='bbox 1318 4515 1441 4571; x_wconf 88' lang='lat' dir='ltr'><strong>Bodinus</strong></span> <span class='ocrx_word' id='word_1_733' title='bbox 1458 4516 1497 4569; x_wconf 90' lang='lat' dir='ltr'><strong>im</strong></span> <span class='ocrx_word' id='word_1_734' title='bbox 1515 4514 1598 4571; x_wconf 88' lang='lat' dir='ltr'><strong>math.</strong></span> <span class='ocrx_word' id='word_1_735' title='bbox 1612 4513 1708 4568; x_wconf 88' lang='lat' dir='ltr'><strong>histor.</strong></span> <span class='ocrx_word' id='word_1_736' title='bbox 1721 4530 1745 4569; x_wconf 91' lang='lat' dir='ltr'><strong>c.</strong></span> <span class='ocrx_word' id='word_1_737' title='bbox 1758 4519 1788 4568; x_wconf 80' lang='lat'><strong>5:</strong></span> 
     </span>
     <span class='ocr_line' id='line_1_51' title="bbox 97 4599 1788 4680; baseline -0.007 -18"><span class='ocrx_word' id='word_1_738' title='bbox 97 4612 173 4680; x_wconf 81' lang='lat' dir='ltr'><strong>part.</strong></span> <span class='ocrx_word' id='word_1_739' title='bbox 197 4611 222 4662; x_wconf 83' lang='grc'><strong>3.</strong></span> <span class='ocrx_word' id='word_1_740' title='bbox 245 4622 324 4661; x_wconf 89' lang='lat' dir='ltr'><strong>serm.</strong></span> <span class='ocrx_word' id='word_1_741' title='bbox 347 4605 390 4661; x_wconf 91' lang='lat' dir='ltr'><strong>lit.</strong></span> <span class='ocrx_word' id='word_1_742' title='bbox 408 4604 448 4661; x_wconf 87' lang='lat' dir='ltr'><strong>V:</strong></span> <span class='ocrx_word' id='word_1_743' title='bbox 475 4603 653 4674; x_wconf 74' lang='lat' dir='ltr'><strong>Considerata·</strong></span> <span class='ocrx_word' id='word_1_744' title='bbox 676 4607 864 4676; x_wconf 67' lang='lat' dir='ltr'><strong>amoremque</strong></span> <span class='ocrx_word' id='word_1_745' title='bbox 883 4626 932 4678; x_wconf 83' lang='lat' dir='ltr'><strong>op·</strong></span> <span class='ocrx_word' id='word_1_746' title='bbox 958 4605 1099 4658; x_wconf 73' lang='lat' dir='ltr'><strong>Antoniou</strong></span> <span class='ocrx_word' id='word_1_747' title='bbox 1124 4621 1144 4657; x_wconf 92' lang='lat' dir='ltr'><strong>o</strong></span> <span class='ocrx_word' id='word_1_748' title='bbox 1163 4604 1308 4672; x_wconf 70' lang='lat' dir='ltr'><strong>plerisque</strong></span> <span class='ocrx_word' id='word_1_749' title='bbox 1335 4603 1364 4655; x_wconf 81' lang='lat' dir='ltr'><strong>in</strong></span> <span class='ocrx_word' id='word_1_750' title='bbox 1391 4601 1482 4655; x_wconf 84' lang='lat' dir='ltr'><strong>Italia</strong></span> <span class='ocrx_word' id='word_1_751' title='bbox 1504 4609 1531 4654; x_wconf 89' lang='lat' dir='ltr'><strong>et</strong></span> <span class='ocrx_word' id='word_1_752' title='bbox 1558 4599 1660 4654; x_wconf 76' lang='lat' dir='ltr'><strong>Grallia</strong></span> <span class='ocrx_word' id='word_1_753' title='bbox 1678 4599 1788 4653; x_wconf 76' lang='lat' dir='ltr'><strong>Narbo</strong></span> 
     </span>
     <span class='ocr_line' id='line_1_52' title="bbox 94 4686 1841 4766; baseline -0.005 -18"><span class='ocrx_word' id='word_1_754' title='bbox 94 4694 187 4766; x_wconf 78' lang='lat' dir='ltr'><strong>pellet</strong></span> <span class='ocrx_word' id='word_1_755' title='bbox 205 4696 247 4747; x_wconf 83' lang='lat' dir='ltr'><strong>ad</strong></span> <span class='ocrx_word' id='word_1_756' title='bbox 265 4693 345 4746; x_wconf 81' lang='lat' dir='ltr'><strong>itiam</strong></span> <span class='ocrx_word' id='word_1_757' title='bbox 361 4689 506 4760; x_wconf 78' lang='lat' dir='ltr'><strong>(Mariam),</strong></span> <span class='ocrx_word' id='word_1_758' title='bbox 524 4708 589 4744; x_wconf 81' lang='lat' dir='ltr'><strong>eam</strong></span> <span class='ocrx_word' id='word_1_759' title='bbox 609 4691 674 4745; x_wconf 86' lang='lat' dir='ltr'><strong>licet</strong></span> <span class='ocrx_word' id='word_1_760' title='bbox 691 4693 824 4747; x_wconf 79' lang='lat' dir='ltr'><strong>odiliam</strong></span> <span class='ocrx_word' id='word_1_761' title='bbox 836 4695 932 4765; x_wconf 82' lang='lat' dir='ltr'><strong>appel·</strong></span> <span class='ocrx_word' id='word_1_762' title='bbox 957 4691 1038 4746; x_wconf 80' lang='lat' dir='ltr'><strong>aenei</strong></span> <span class='ocrx_word' id='word_1_763' title='bbox 1063 4689 1223 4744; x_wconf 74' lang='lat' dir='ltr'><strong>ardentiore</strong></span> <span class='ocrx_word' id='word_1_764' title='bbox 1246 4696 1325 4752; x_wconf 90' lang='lat' dir='ltr'><strong>ooto,</strong></span> <span class='ocrx_word' id='word_1_765' title='bbox 1353 4697 1426 4742; x_wconf 85' lang='lat' dir='ltr'><strong>certe</strong></span> <span class='ocrx_word' id='word_1_766' title='bbox 1450 4688 1558 4758; x_wconf 73' lang='lat' dir='ltr'><strong>maiore</strong></span> <span class='ocrx_word' id='word_1_767' title='bbox 1582 4695 1656 4741; x_wconf 83' lang='lat' dir='ltr'><strong>metu</strong></span> <span class='ocrx_word' id='word_1_768' title='bbox 1679 4686 1790 4752; x_wconf 78' lang='lat' dir='ltr'><strong>coiitter,</strong></span> <span class='ocrx_word' id='word_1_769' title='bbox 1837 4751 1841 4758; x_wconf 24' lang='grc' dir='ltr'><strong><em>ι</em></strong></span> 
     </span>
     <span class='ocr_line' id='line_1_53' title="bbox 98 4771 1791 4851; baseline -0.005 -15"><span class='ocrx_word' id='word_1_770' title='bbox 98 4782 171 4849; x_wconf 80' lang='lat' dir='ltr'><strong>lare,</strong></span> <span class='ocrx_word' id='word_1_771' title='bbox 190 4782 217 4834; x_wconf 87' lang='lat' dir='ltr'><strong>si</strong></span> <span class='ocrx_word' id='word_1_772' title='bbox 231 4782 294 4850; x_wconf 78' lang='lat' dir='ltr'><strong>quis</strong></span> <span class='ocrx_word' id='word_1_773' title='bbox 313 4797 333 4832; x_wconf 91' lang='lat' dir='ltr'><strong>a</strong></span> <span class='ocrx_word' id='word_1_774' title='bbox 350 4779 410 4833; x_wconf 89' lang='lat' dir='ltr'><strong>Dei</strong></span> <span class='ocrx_word' id='word_1_775' title='bbox 422 4779 540 4847; x_wconf 80' lang='lat' dir='ltr'><strong>justitia</strong></span> <span class='ocrx_word' id='word_1_776' title='bbox 556 4795 585 4831; x_wconf 86' lang='lat' dir='ltr'><strong>ae</strong></span> <span class='ocrx_word' id='word_1_777' title='bbox 601 4779 720 4846; x_wconf 78' lang='lat' dir='ltr'><strong>procori</strong></span> <span class='ocrx_word' id='word_1_778' title='bbox 730 4779 840 4850; x_wconf 81' lang='lat' dir='ltr'><strong>sentiat,</strong></span> <span class='ocrx_word' id='word_1_779' title='bbox 857 4783 934 4851; x_wconf 77' lang='lat' dir='ltr'><strong>qood</strong></span> <span class='ocrx_word' id='word_1_780' title='bbox 959 4795 1042 4847; x_wconf 74' lang='lat' dir='ltr'><strong>orcam</strong></span> <span class='ocrx_word' id='word_1_781' title='bbox 1066 4779 1147 4831; x_wconf 74' lang='lat' dir='ltr'><strong>Deae</strong></span> <span class='ocrx_word' id='word_1_782' title='bbox 1170 4776 1343 4830; x_wconf 76' lang='lat' dir='ltr'><strong>immortalia.</strong></span> <span class='ocrx_word' id='word_1_783' title='bbox 1379 4772 1452 4831; x_wconf 84' lang='lat' dir='ltr'><strong>Lud.</strong></span> <span class='ocrx_word' id='word_1_784' title='bbox 1477 4773 1561 4828; x_wconf 83' lang='lat' dir='ltr'><strong>Vives</strong></span> <span class='ocrx_word' id='word_1_785' title='bbox 1585 4772 1613 4827; x_wconf 94' lang='lat' dir='ltr'><strong>in</strong></span> <span class='ocrx_word' id='word_1_786' title='bbox 1639 4772 1687 4828; x_wconf 92' lang='lat' dir='ltr'><strong>lib.</strong></span> <span class='ocrx_word' id='word_1_787' title='bbox 1711 4778 1736 4828; x_wconf 87' lang='lat'><strong>8.</strong></span> <span class='ocrx_word' id='word_1_788' title='bbox 1755 4771 1791 4828; x_wconf 88' lang='lat' dir='ltr'><strong>de</strong></span> 
     </span>
     <span class='ocr_line' id='line_1_54' title="bbox 97 4859 1791 4940; baseline -0.008 -15"><span class='ocrx_word' id='word_1_789' title='bbox 97 4868 287 4940; x_wconf 63' lang='lat' dir='ltr'><strong>dpatficatam</strong></span> <span class='ocrx_word' id='word_1_790' title='bbox 309 4866 369 4934; x_wconf 79' lang='lat' dir='ltr'><strong>sar‘t</strong></span> <span class='ocrx_word' id='word_1_791' title='bbox 393 4865 474 4920; x_wconf 80' lang='lat' dir='ltr'><strong>Erth.</strong></span> <span class='ocrx_word' id='word_1_792' title='bbox 498 4869 524 4919; x_wconf 75' lang='lat'><strong>5.</strong></span> <span class='ocrx_word' id='word_1_793' title='bbox 554 4865 603 4918; x_wconf 79' lang='lat' dir='ltr'><strong>ott</strong></span> <span class='ocrx_word' id='word_1_794' title='bbox 626 4866 743 4937; x_wconf 76' lang='lat' dir='ltr'><strong>dieitrcr,</strong></span> <span class='ocrx_word' id='word_1_795' title='bbox 773 4869 849 4936; x_wconf 76' lang='lat' dir='ltr'><strong>guod</strong></span> <span class='ocrx_word' id='word_1_796' title='bbox 872 4886 933 4922; x_wconf 85' lang='lat' dir='ltr'><strong>eum</strong></span> <span class='ocrx_word' id='word_1_797' title='bbox 959 4863 1009 4918; x_wconf 82' lang='lat' dir='ltr'><strong>civ.</strong></span> <span class='ocrx_word' id='word_1_798' title='bbox 1023 4863 1075 4919; x_wconf 90' lang='lat' dir='ltr'><strong>Dei</strong></span> <span class='ocrx_word' id='word_1_799' title='bbox 1088 4869 1165 4919; x_wconf 76' lang='lat' dir='ltr'><strong>cll:</strong></span> <span class='ocrx_word' id='word_1_800' title='bbox 1186 4863 1277 4918; x_wconf 84' lang='lat' dir='ltr'><strong>Multi</strong></span> <span class='ocrx_word' id='word_1_801' title='bbox 1289 4859 1791 4928; x_wconf 75' lang='lat' dir='ltr'><strong>Ctriatioaiiorebooapleremgue</strong></span> 
     </span>
     <span class='ocr_line' id='line_1_55' title="bbox 98 4946 1793 5020; baseline -0.008 -9"><span class='ocrx_word' id='word_1_802' title='bbox 98 4973 151 5012; x_wconf 74' lang='lat' dir='ltr'><strong>rea</strong></span> <span class='ocrx_word' id='word_1_803' title='bbox 168 4955 309 5008; x_wconf 78' lang='lat' dir='ltr'><strong>Asaaerae</strong></span> <span class='ocrx_word' id='word_1_804' title='bbox 327 4953 449 5007; x_wconf 79' lang='lat' dir='ltr'><strong>Judaeia</strong></span> <span class='ocrx_word' id='word_1_805' title='bbox 467 4952 557 5006; x_wconf 78' lang='lat' dir='ltr'><strong>iratus</strong></span> <span class='ocrx_word' id='word_1_806' title='bbox 575 4960 656 5019; x_wconf 84' lang='lat' dir='ltr'><strong>esest,</strong></span> <span class='ocrx_word' id='word_1_807' title='bbox 674 4953 773 5019; x_wconf 76' lang='lat' dir='ltr'><strong>rapina</strong></span> <span class='ocrx_word' id='word_1_808' title='bbox 791 4955 877 5008; x_wconf 82' lang='lat' dir='ltr'><strong>Eatar</strong></span> <span class='ocrx_word' id='word_1_809' title='bbox 894 4957 934 5008; x_wconf 74' lang='lat' dir='ltr'><strong>ari</strong></span> <span class='ocrx_word' id='word_1_810' title='bbox 954 4957 1083 5020; x_wconf 79' lang='lat' dir='ltr'><strong>peccam,</strong></span> <span class='ocrx_word' id='word_1_811' title='bbox 1104 4951 1180 5018; x_wconf 71' lang='lat' dir='ltr'><strong>qaod</strong></span> <span class='ocrx_word' id='word_1_812' title='bbox 1199 4949 1278 5002; x_wconf 83' lang='lat' dir='ltr'><strong>diooe</strong></span> <span class='ocrx_word' id='word_1_813' title='bbox 1296 4947 1431 5016; x_wconf 74' lang='lat' dir='ltr'><strong>divasque</strong></span> <span class='ocrx_word' id='word_1_814' title='bbox 1450 4964 1504 5001; x_wconf 80' lang='lat' dir='ltr'><strong>noa</strong></span> <span class='ocrx_word' id='word_1_815' title='bbox 1523 4946 1608 5000; x_wconf 85' lang='lat' dir='ltr'><strong>aliter</strong></span> <span class='ocrx_word' id='word_1_816' title='bbox 1625 4952 1793 5000; x_wconf 77' lang='lat' dir='ltr'><strong>emereatur</strong></span> 
     </span>
     <span class='ocr_line' id='line_1_56' title="bbox 98 5031 1792 5113; baseline -0.008 -16"><span class='ocrx_word' id='word_1_817' title='bbox 98 5040 384 5113; x_wconf 59' lang='lat' dir='ltr'><strong>§promptuariorum</strong></span> <span class='ocrx_word' id='word_1_818' title='bbox 402 5039 531 5106; x_wconf 84' lang='lat' dir='ltr'><strong>occessit,</strong></span> <span class='ocrx_word' id='word_1_819' title='bbox 548 5039 595 5092; x_wconf 83' lang='lat' dir='ltr'><strong>eui</strong></span> <span class='ocrx_word' id='word_1_820' title='bbox 613 5056 662 5092; x_wconf 82' lang='lat' dir='ltr'><strong>rea</strong></span> <span class='ocrx_word' id='word_1_821' title='bbox 680 5039 737 5091; x_wconf 84' lang='lat' dir='ltr'><strong>ait.-</strong></span> <span class='ocrx_word' id='word_1_822' title='bbox 761 5039 873 5092; x_wconf 68' lang='lat' dir='ltr'><strong>etiamsi</strong></span> <span class='ocrx_word' id='word_1_823' title='bbox 890 5041 933 5094; x_wconf 82' lang='lat' dir='ltr'><strong>di·</strong></span> <span class='ocrx_word' id='word_1_824' title='bbox 959 5053 1043 5106; x_wconf 79' lang='lat' dir='ltr'><strong>quem</strong></span> <span class='ocrx_word' id='word_1_825' title='bbox 1062 5036 1163 5090; x_wconf 87' lang='lat' dir='ltr'><strong>Deam.</strong></span> <span class='ocrx_word' id='word_1_826' title='bbox 1198 5035 1258 5088; x_wconf 85' lang='lat' dir='ltr'><strong>Nee</strong></span> <span class='ocrx_word' id='word_1_827' title='bbox 1277 5033 1358 5087; x_wconf 80' lang='lat' dir='ltr'><strong>uideo</strong></span> <span class='ocrx_word' id='word_1_828' title='bbox 1376 5033 1408 5086; x_wconf 81' lang='lat' dir='ltr'><strong>ia</strong></span> <span class='ocrx_word' id='word_1_829' title='bbox 1425 5032 1529 5102; x_wconf 84' lang='lat' dir='ltr'><strong>multia,</strong></span> <span class='ocrx_word' id='word_1_830' title='bbox 1548 5032 1626 5101; x_wconf 75' lang='lat' dir='ltr'><strong>guod</strong></span> <span class='ocrx_word' id='word_1_831' title='bbox 1641 5033 1678 5085; x_wconf 81' lang='lat' dir='ltr'><strong>sit</strong></span> <span class='ocrx_word' id='word_1_832' title='bbox 1692 5031 1792 5084; x_wconf 81' lang='lat' dir='ltr'><strong>discri-</strong></span> 
     </span>
     <span class='ocr_line' id='line_1_57' title="bbox 96 5118 1793 5197; baseline -0.008 -13"><span class='ocrx_word' id='word_1_833' title='bbox 96 5129 217 5184; x_wconf 82' lang='lat' dir='ltr'><strong>ssss&#39;diam</strong></span> <span class='ocrx_word' id='word_1_834' title='bbox 230 5137 343 5197; x_wconf 81' lang='lat' dir='ltr'><strong>partem</strong></span> <span class='ocrx_word' id='word_1_835' title='bbox 360 5126 441 5193; x_wconf 74' lang='lat' dir='ltr'><strong>regui</strong></span> <span class='ocrx_word' id='word_1_836' title='bbox 454 5126 509 5179; x_wconf 88' lang='lat' dir='ltr'><strong>mei</strong></span> <span class='ocrx_word' id='word_1_837' title='bbox 518 5125 641 5195; x_wconf 77' lang='lat' dir='ltr'><strong>petierit,</strong></span> <span class='ocrx_word' id='word_1_838' title='bbox 659 5126 773 5179; x_wconf 80' lang='lat' dir='ltr'><strong>dabitur</strong></span> <span class='ocrx_word' id='word_1_839' title='bbox 786 5126 843 5182; x_wconf 85' lang='lat' dir='ltr'><strong>tihi.</strong></span> <span class='ocrx_word' id='word_1_840' title='bbox 871 5127 934 5180; x_wconf 85' lang='lat' dir='ltr'><strong>Iota</strong></span> <span class='ocrx_word' id='word_1_841' title='bbox 960 5122 1116 5176; x_wconf 73' lang='lat' dir='ltr'><strong>matrimes·</strong></span> <span class='ocrx_word' id='word_1_842' title='bbox 1142 5138 1237 5176; x_wconf 82' lang='lat' dir='ltr'><strong>eoram</strong></span> <span class='ocrx_word' id='word_1_843' title='bbox 1261 5120 1422 5189; x_wconf 76' lang='lat' dir='ltr'><strong>opinionem</strong></span> <span class='ocrx_word' id='word_1_844' title='bbox 1447 5121 1482 5174; x_wconf 78' lang='lat' dir='ltr'><strong>ria</strong></span> <span class='ocrx_word' id='word_1_845' title='bbox 1499 5118 1606 5172; x_wconf 77' lang='lat' dir='ltr'><strong>canetis</strong></span> <span class='ocrx_word' id='word_1_846' title='bbox 1623 5125 1650 5170; x_wconf 91' lang='lat' dir='ltr'><strong>et</strong></span> <span class='ocrx_word' id='word_1_847' title='bbox 1666 5118 1700 5172; x_wconf 81' lang='lat' dir='ltr'><strong>id</strong></span> <span class='ocrx_word' id='word_1_848' title='bbox 1716 5119 1793 5187; x_wconf 68' lang='lat' dir='ltr'><strong>moa</strong></span> 
     </span>
     <span class='ocr_line' id='line_1_58' title="bbox 97 5202 1793 5283; baseline -0.008 -13"><span class='ocrx_word' id='word_1_849' title='bbox 97 5231 167 5282; x_wconf 66' lang='lat' dir='ltr'><strong>epo</strong></span> <span class='ocrx_word' id='word_1_850' title='bbox 198 5212 365 5283; x_wconf 66' lang='lat' dir='ltr'><strong>inperatrix</strong></span> <span class='ocrx_word' id='word_1_851' title='bbox 396 5212 526 5279; x_wconf 73' lang='lat' dir='ltr'><strong>fiperaoit</strong></span> <span class='ocrx_word' id='word_1_852' title='bbox 553 5211 758 5280; x_wconf 82' lang='lat' dir='ltr'><strong>imperatricem</strong></span> <span class='ocrx_word' id='word_1_853' title='bbox 784 5212 934 5276; x_wconf 79' lang='lat' dir='ltr'><strong>coeloram,</strong></span> <span class='ocrx_word' id='word_1_854' title='bbox 959 5209 1077 5279; x_wconf 67' lang='lat' dir='ltr'><strong>penitet</strong></span> <span class='ocrx_word' id='word_1_855' title='bbox 1098 5207 1237 5278; x_wconf 64' lang='lat' dir='ltr'><strong>praebeat</strong></span> <span class='ocrx_word' id='word_1_856' title='bbox 1261 5206 1298 5260; x_wconf 85' lang='lat' dir='ltr'><strong>ds</strong></span> <span class='ocrx_word' id='word_1_857' title='bbox 1321 5206 1381 5258; x_wconf 80' lang='lat' dir='ltr'><strong>saie</strong></span> <span class='ocrx_word' id='word_1_858' title='bbox 1406 5205 1472 5261; x_wconf 73' lang='lat' dir='ltr'><strong>daie.</strong></span> <span class='ocrx_word' id='word_1_859' title='bbox 1508 5203 1664 5258; x_wconf 82' lang='lat' dir='ltr'><strong>Cassander</strong></span> <span class='ocrx_word' id='word_1_860' title='bbox 1683 5202 1712 5257; x_wconf 92' lang='lat' dir='ltr'><strong>iu</strong></span> <span class='ocrx_word' id='word_1_861' title='bbox 1729 5218 1793 5257; x_wconf 87' lang='lat' dir='ltr'><strong>eon·</strong></span> 
     </span>
     <span class='ocr_line' id='line_1_59' title="bbox 96 5291 1793 5369; baseline -0.006 -16"><span class='ocrx_word' id='word_1_862' title='bbox 96 5318 162 5358; x_wconf 81' lang='lat' dir='ltr'><strong>eum</strong></span> <span class='ocrx_word' id='word_1_863' title='bbox 189 5317 245 5369; x_wconf 71' lang='lat' dir='ltr'><strong>aaa</strong></span> <span class='ocrx_word' id='word_1_864' title='bbox 271 5301 351 5352; x_wconf 82' lang='lat' dir='ltr'><strong>Deae</strong></span> <span class='ocrx_word' id='word_1_865' title='bbox 377 5314 492 5366; x_wconf 72' lang='lat' dir='ltr'><strong>repetam</strong></span> <span class='ocrx_word' id='word_1_866' title='bbox 518 5315 597 5349; x_wconf 78' lang='grc'><strong>11111111</strong></span> <span class='ocrx_word' id='word_1_867' title='bbox 623 5296 727 5352; x_wconf 79' lang='lat' dir='ltr'><strong>dicirit.</strong></span> <span class='ocrx_word' id='word_1_868' title='bbox 766 5298 834 5351; x_wconf 84' lang='lat' dir='ltr'><strong>Cum</strong></span> <span class='ocrx_word' id='word_1_869' title='bbox 862 5300 935 5351; x_wconf 79' lang='lat' dir='ltr'><strong>emim</strong></span> <span class='ocrx_word' id='word_1_870' title='bbox 961 5297 1023 5351; x_wconf 79' lang='lat' dir='ltr'><strong>eult.</strong></span> <span class='ocrx_word' id='word_1_871' title='bbox 1045 5299 1096 5349; x_wconf 79' lang='lat' dir='ltr'><strong>art</strong></span> <span class='ocrx_word' id='word_1_872' title='bbox 1124 5299 1173 5349; x_wconf 83' lang='lat'><strong>21:</strong></span> <span class='ocrx_word' id='word_1_873' title='bbox 1202 5292 1291 5346; x_wconf 81' lang='lat' dir='ltr'><strong>Multi</strong></span> <span class='ocrx_word' id='word_1_874' title='bbox 1314 5292 1345 5344; x_wconf 83' lang='lat' dir='ltr'><strong>im</strong></span> <span class='ocrx_word' id='word_1_875' title='bbox 1368 5291 1613 5346; x_wconf 73' lang='lat' dir='ltr'><strong>ieteromiomibm</strong></span> <span class='ocrx_word' id='word_1_876' title='bbox 1635 5298 1793 5344; x_wconf 79' lang='lat' dir='ltr'><strong>sanctorum</strong></span> 
     </span>
     <span class='ocr_line' id='line_1_60' title="bbox 97 5374 1793 5454; baseline -0.006 -14"><span class='ocrx_word' id='word_1_877' title='bbox 97 5389 182 5444; x_wconf 79' lang='lat' dir='ltr'><strong>Deos</strong></span> <span class='ocrx_word' id='word_1_878' title='bbox 204 5385 304 5439; x_wconf 81' lang='lat' dir='ltr'><strong>habeat</strong></span> <span class='ocrx_word' id='word_1_879' title='bbox 322 5384 467 5453; x_wconf 78' lang='lat' dir='ltr'><strong>justitiam</strong></span> <span class='ocrx_word' id='word_1_880' title='bbox 489 5390 513 5435; x_wconf 84' lang='lat' dir='ltr'><strong>et</strong></span> <span class='ocrx_word' id='word_1_881' title='bbox 537 5381 772 5448; x_wconf 74' lang='lat' dir='ltr'><strong>mirericordiam,</strong></span> <span class='ocrx_word' id='word_1_882' title='bbox 790 5384 1024 5454; x_wconf 79' lang='lat' dir='ltr'><strong>justitiam;piua</strong></span> <span class='ocrx_word' id='word_1_883' title='bbox 1043 5398 1128 5451; x_wconf 72' lang='lat' dir='ltr'><strong>orsam</strong></span> <span class='ocrx_word' id='word_1_884' title='bbox 1145 5381 1175 5432; x_wconf 80' lang='lat' dir='ltr'><strong>io</strong></span> <span class='ocrx_word' id='word_1_885' title='bbox 1194 5377 1303 5432; x_wconf 81' lang='lat' dir='ltr'><strong>Christi</strong></span> <span class='ocrx_word' id='word_1_886' title='bbox 1319 5378 1428 5431; x_wconf 68' lang='lat' dir='ltr'><strong>meritis</strong></span> <span class='ocrx_word' id='word_1_887' title='bbox 1441 5377 1569 5446; x_wconf 79' lang='lat' dir='ltr'><strong>fiduciae</strong></span> <span class='ocrx_word' id='word_1_888' title='bbox 1579 5384 1695 5446; x_wconf 74' lang='lat' dir='ltr'><strong>ponuat,</strong></span> <span class='ocrx_word' id='word_1_889' title='bbox 1714 5374 1793 5436; x_wconf 80' lang='lat' dir='ltr'><strong>Otri·</strong></span> 
     </span>
     <span class='ocr_line' id='line_1_61' title="bbox 95 5445 1794 5534; baseline -0.003 -10"><span class='ocrx_word' id='word_1_890' title='bbox 95 5473 156 5529; x_wconf 72' lang='lat' dir='ltr'><strong>sibi</strong></span> <span class='ocrx_word' id='word_1_891' title='bbox 173 5471 202 5524; x_wconf 83' lang='lat' dir='ltr'><strong>is</strong></span> <span class='ocrx_word' id='word_1_892' title='bbox 220 5472 272 5525; x_wconf 82' lang='lat' dir='ltr'><strong>ltoe</strong></span> <span class='ocrx_word' id='word_1_893' title='bbox 289 5471 393 5522; x_wconf 81' lang='lat' dir='ltr'><strong>maudo</strong></span> <span class='ocrx_word' id='word_1_894' title='bbox 412 5469 592 5523; x_wconf 68' lang='lat' dir='ltr'><strong>coercendam</strong></span> <span class='ocrx_word' id='word_1_895' title='bbox 609 5468 725 5522; x_wconf 75' lang='lat' dir='ltr'><strong>retinuit</strong></span> <span class='ocrx_word' id='word_1_896' title='bbox 739 5477 765 5522; x_wconf 90' lang='lat' dir='ltr'><strong>et</strong></span> <span class='ocrx_word' id='word_1_897' title='bbox 776 5470 934 5525; x_wconf 82' lang='lat' dir='ltr'><strong>mt&#39;eericor·</strong></span> <span class='ocrx_word' id='word_1_898' title='bbox 945 5445 951 5525; x_wconf 79' lang='lat' dir='ltr'><strong>i</strong></span> <span class='ocrx_word' id='word_1_899' title='bbox 962 5479 1034 5525; x_wconf 71' lang='lat' dir='ltr'><strong>mam</strong></span> <span class='ocrx_word' id='word_1_900' title='bbox 1059 5469 1147 5522; x_wconf 77' lang='lat' dir='ltr'><strong>aratri</strong></span> <span class='ocrx_word' id='word_1_901' title='bbox 1169 5466 1371 5521; x_wconf 74' lang='lat' dir='ltr'><strong>mshstitaemee.</strong></span> <span class='ocrx_word' id='word_1_902' title='bbox 1407 5461 1525 5518; x_wconf 81' lang='lat' dir='ltr'><strong>Mariam</strong></span> <span class='ocrx_word' id='word_1_903' title='bbox 1553 5462 1582 5518; x_wconf 89' lang='lat' dir='ltr'><strong>iu</strong></span> <span class='ocrx_word' id='word_1_904' title='bbox 1601 5463 1730 5534; x_wconf 77' lang='lat' dir='ltr'><strong>precibus</strong></span> <span class='ocrx_word' id='word_1_905' title='bbox 1747 5478 1794 5523; x_wconf 76' lang='lat' dir='ltr'><strong>ve·</strong></span> 
     </span>
    </p>

    <p class='ocr_par' dir='ltr' id='par_1_6' title="bbox 152 5563 1462 5624">
     <span class='ocr_line' id='line_1_62' title="bbox 152 5563 1462 5624; baseline -0.004 -14"><span class='ocrx_word' id='word_1_906' title='bbox 152 5563 356 5610; x_wconf 70' lang='grc'><strong>11111111111111.</strong></span> <span class='ocrx_word' id='word_1_907' title='bbox 1430 5571 1462 5624; x_wconf 79' lang='lat'><strong>33</strong></span> 
     </span>
    </p>
   </div>
   <div class='ocr_carea' id='block_1_3' title="bbox 0 0 2008 6020">
    <p class='ocr_par' dir='ltr' id='par_1_7' title="bbox 0 0 2008 6020">
     <span class='ocr_line' id='line_1_63' title="bbox 0 0 2008 6020; baseline 0 0"><span class='ocrx_word' id='word_1_908' title='bbox 0 0 2008 6020; x_wconf 95' lang='lat' dir='ltr'><strong> </strong></span> 
     </span>
    </p>
   </div>
  </div>
 </body>
</html>
