4004 6022
769 303 820 359 DE
840 302 964 360 SAORA
981 303 1116 361 COENA.
1720 315 1781 373 245

100 475 178 531 qum
196 436 381 516 amaea
401 458 555 531 {aegeas
575 463 605 514 a
625 458 765 530 regmae.
799 465 821 514 r.
835 457 926 513 scam
953 457 1064 513 amna
1098 463 1300 514 mummium
1337 458 1515 515 aaronica
1549 463 1592 515 ea
1625 466 1654 515 a
1690 467 1784 517 manc

98 545 211 601 duorum
237 561 271 600 ac
300 544 384 599 trium
413 545 593 617 congregatio
622 549 719 599 sancta
748 551 791 599 est
818 544 927 600 christo
953 542 1055 598 bonum
1083 544 1233 614 ecclesiae,
1262 545 1369 601 etiamsi
1397 545 1427 599 in
1453 546 1567 616 privatis
1595 546 1710 602 aedibus
1734 548 1783 603 ad·

95 636 175 702 grata
191 635 222 685 et
239 629 375 685 ecclesiae
394 631 503 686 nomine
521 631 619 701 digna,
646 629 745 687 Matth.
767 636 814 700 18,
837 649 863 684 r.
884 636 925 686 20.
952 628 1136 698 ministretur,
1166 632 1263 703 utique
1291 632 1327 687 de
1353 630 1519 687 eucharistia
1546 631 1620 687 idem
1645 633 1700 688 dici
1723 639 1783 703 pot

97 722 120 772 3.
140 715 299 773 Consolatio
317 716 456 786 evangelii
476 732 531 769 non
553 716 706 787 denegatur
726 715 773 780 iis,
798 716 846 787 qui
868 732 926 770 cor-
951 721 994 771 est
1019 732 1052 770 ac
1077 716 1177 781 debet).
1212 716 1406 788 Hemmingius
1427 716 1457 770 in
1483 723 1505 774 1.
1525 716 1588 774 (lor.
1609 723 1647 774 11.
1672 736 1698 789 p.
1720 724 1782 776 219:

94 819 162 874 pore
185 808 214 857 et
237 802 329 856 animo
354 808 418 855 sunt
441 801 552 870 afflicti,
581 801 685 872 quippe
708 818 778 871 quos
800 800 927 857 Christus
951 801 1124 870 Aapactiass
1147 810 1350 855 sacramentum
1373 815 1476 855 coenae
1502 802 1627 871 appelbrt
1650 804 1782 859 cicts'cm
1839 788 1844 804 ¹

29 891 82 936 *ἢ
94 879 183 944 amice
201 887 238 943 ad
256 905 287 943 se
303 895 391 954 vocat,
411 886 510 942 Matth.
527 893 571 954 11,
588 904 613 941 v.
626 891 666 942 28.
686 886 823 956 quomodo
839 886 939 959 igitur!
950 885 1053 938 salutis
1064 885 1188 950 incaene,
1201 889 1350 942 admones·
1358 895 1422 941 acts
1433 896 1550 942 morton
1561 896 1698 943 mmsotcs
1708 890 1782 945 banc

93 971 305 1030 communicatio
331 972 514 1028 eucharistiae
539 971 575 1025 ad
600 970 666 1026 fidei
690 971 925 1028 confirmationem
950 987 1076 1036 coenam,
1102 976 1180 1040 qssod
1199 972 1325 1027 Chrictm
1346 973 1417 1043 ipris
1437 974 1475 1026 rit
1492 974 1540 1027 oia
1559 991 1592 1028 sa
1609 974 1652 1028 bic
1672 993 1781 1030 aarum

93 1060 222 1118 imaum
239 1060 294 1114 illis
312 1059 445 1130 denegari
462 1058 584 1130 poterit?
620 1064 645 1115 9.
662 1058 753 1113 Morbi
770 1064 799 1113 et
812 1058 924 1113 calami·
950 1057 994 1108 ais
1023 1064 1048 1109 et
1073 1066 1161 1112 morte
1192 1062 1233 1114 ad
1254 1061 1417 1124 fruitionem
1447 1061 1505 1114 Dei
1529 1061 1560 1114 ia
1579 1061 1638 1114 vita
1656 1069 1779 1120 warna.

92 1151 164 1202 tates
186 1151 252 1200 suut
268 1145 438 1200 adminicula
454 1145 648 1216 poenitentiae,
667 1143 848 1200 incitamenta
864 1161 924 1214 pre·
950 1140 1087 1198 anchius
1112 1143 1160 1198 lib.
1190 1152 1211 1201 1.
1238 1146 1316 1217 epist.
1334 1145 1381 1201 fol
1402 1152 1459 1203 155.
1477 1145 1514 1199 ad
1530 1145 1595 1200 Joh.
1613 1145 1687 1201 ctat.
1707 1148 1780 1202 med.

92 1250 164 1302 cum,
184 1232 315 1287 exercitia
331 1231 483 1302 patientiae
495 1238 547 1287 etc.
559 1230 625 1286 iude
637 1230 707 1285 adeo
719 1228 759 1299 lit,
773 1236 806 1284 ut
816 1227 922 1300 aegroti
950 1224 1075 1282 Caesar:
1107 1230 1189 1294 Quod
1216 1230 1343 1286 Obrs'stm
1367 1233 1471 1286 camisii
1496 1233 1701 1302 discipulorum
1716 1251 1780 1287 siso-

93 1318 260 1392 quandoque
282 1320 433 1390 paratiores
452 1318 509 1373 sint
525 1317 562 1373 ad
580 1317 728 1372 salutarem
745 1333 841 1371 sacrae
861 1330 923 1371 coe·
948 1331 1011 1367 man
1029 1317 1157 1385 deocpat,
1176 1334 1227 1370 car
1243 1336 1294 1372 nos
1312 1334 1467 1373 recusamus
1482 1319 1613 1388 aeprotia
1634 1319 1685 1388 cai
1702 1327 1779 1374 cote·

92 1422 146 1462 nae
171 1422 252 1460 usum
277 1423 360 1476 quam
387 1405 519 1460 valentes.
568 1410 607 1459 10.
630 1402 749 1458 Accedit
774 1417 923 1457 consensus
949 1417 1033 1468 quom
1051 1402 1115 1455 binc
1133 1403 1296 1469 abradant,
1317 1404 1393 1458 iliad
1410 1412 1553 1474 capsim
1570 1405 1655 1474 idque
1672 1423 1729 1459 aaa
1746 1422 1781 1459 sa

92 1491 225 1548 acclesiae
246 1490 413 1562 primitivae.
455 1490 540 1561 Apud
562 1488 705 1546 Justinum
728 1487 801 1559 apol.
823 1493 846 1543 2.
872 1503 923 1557 pro
949 1487 1048 1556 alicua
1065 1490 1341 1559 superstitionem
1357 1491 1446 1545 animi
1460 1491 1551 1559 macic
1568 1491 1704 1559 acmapis
1717 1509 1780 1546 coo·
1792 1487 1821 1529 ¹·
1834 1486 1879 1530 *Ἀ

94 1577 194 1633 Christ.
221 1576 295 1632 circa
320 1576 368 1631 fin.
395 1576 562 1632 eucharistia
592 1592 625 1630 ex
651 1574 764 1647 publico
791 1572 924 1628 ecclesiae
948 1572 1066 1628 somnos·
1082 1577 1383 1646 sripcadiqascaasa!
1402 1575 1440 1631 Et
1457 1582 1569 1647 poswa:
1589 1577 1713 1632 Pmbcri
1725 1595 1782 1631 aco

91 1670 171 1721 coetu
196 1666 327 1730 desertas·
351 1666 392 1716 ad
418 1665 557 1730 absentes,
582 1661 610 1716 id
629 1668 672 1716 ast
689 1661 733 1715 vel
752 1659 855 1714 morbis
874 1658 923 1712 im·
944 1669 1064 1728 poemat
1090 1663 1236 1729 melariae,
1265 1681 1338 1733 qaae
1362 1673 1393 1718 sst
1409 1666 1525 1718 abusam
1542 1664 1626 1734 bajus
1643 1665 1687 1717 rai
1703 1664 1781 1719 tollo-

91 1750 211 1823 pedicas,
230 1750 274 1805 rel
291 1751 321 1805 in
338 1765 450 1804 carcere
466 1749 599 1816 detentos,
618 1763 674 1818 quo
690 1747 781 1801 minus
794 1745 924 1817 publicae
947 1754 1023 1815 reat,
1049 1751 1275 1802 coamaadiaem
1300 1751 1384 1803 etiam
1406 1758 1490 1804 antec
1507 1758 1649 1820 receptam
1666 1751 1782 1806 mals-

92 1836 326 1892 administrationi
345 1835 527 1892 eucharistiae
544 1834 676 1890 interesse
692 1839 812 1904 possem
837 1831 923 1903 Apud
948 1839 1019 1885 mot.
1065 1832 1179 1888 Isaacus
1203 1834 1385 1890 casaubonus
1410 1835 1440 1890 in
1457 1853 1529 1906 resp.
1549 1836 1586 1892 ad
1606 1835 1685 1907 epist
1704 1835 1781 1890 card

93 1922 245 1979 Eusebium
266 1922 314 1979 lib.
334 1928 358 1976 6.
376 1939 400 1976 c
421 1928 463 1978 13.
485 1920 608 1976 defertur
628 1919 793 1977 eucharistia
817 1921 858 1973 ad
876 1917 923 1972 Sa·
946 1918 1073 1974 Perronii
1093 1920 1203 1976 nomine
1224 1920 1298 1993 regis
1325 1921 1445 1994 Angliae
1470 1923 1575 1993 scripta
1600 1941 1629 1994 p.
1648 1928 1695 1978 ³6:
1725 1925 1781 1977 Ea·

93 2010 240 2079 rapioaem
268 2016 419 2078 acprotum.
460 2007 635 2079 Augustinus
661 2006 709 2063 lib.
738 2011 763 2062 2.
789 2005 824 2060 de
850 2003 923 2059 visit.
948 2005 1036 2058 ciceia
1062 2007 1224 2075 Aoplicaaa
1252 2025 1309 2062 aaa
1335 2009 1424 2062 solam
1443 2009 1474 2062 ia
1494 2010 1632 2064 commoni
1648 2017 1782 2064 coaventu

93 2093 223 2150 infirmor.
242 2100 325 2150 vocat
340 2095 473 2148 viaticam
490 2094 713 2149 saluberrimam.
748 2090 923 2146 Gaudentius
946 2107 1048 2159 paoem
1071 2092 1215 2160 mysticam
1240 2094 1373 2159 fidelibus
1390 2095 1506 2164 avida,
1527 2098 1580 2150 aad
1597 2096 1680 2150 etiam
1698 2096 1782 2150 mori·

91 2185 172 2236 tract
192 2186 217 2236 2.
237 2180 266 2234 in
283 2180 371 2235 Exod.
394 2179 415 2234 f.
438 2184 517 2235 180³:
548 2181 610 2234 Hoc
633 2179 711 2233 iliud
732 2185 774 2232 ast
792 2177 923 2231 viaticam
948 2179 1053 2232 metm
1079 2180 1132 2233 boc
1154 2180 1299 2246 viatim,
1328 2189 1360 2234 ct
1386 2181 1536 2250 appellaret
1549 2190 1648 2252 patres
1666 2182 1783 2236 concilii

90 2267 182 2322 nostri
198 2268 318 2335 itineris,
336 2284 390 2335 oco
407 2267 437 2319 ia
454 2266 507 2319 bac
523 2266 570 2319 oia
591 2266 666 2320 sitm
679 2263 923 2319 aiimcrctactri·
948 2263 1051 2317 Niccoi
1077 2272 1104 2318 et
1134 2271 1193 2319 tota
1222 2266 1390 2336 magadas,
1420 2265 1610 2320 administrat.
1659 2266 1781 2321 “Idem

92 2372 165 2422 mor,
189 2355 278 2408 donec
303 2356 345 2406 ad
368 2354 459 2422 ipsum
472 2368 624 2422 perpamas
644 2354 680 2405 do
697 2351 749 2404 boc
766 2350 860 2405 seculo
879 2367 922 2403 re·
947 2348 1065 2406 Casaub.
1085 2366 1173 2407 exerc.
1194 2356 1233 2407 lb.
1252 2351 1289 2405 ad
1307 2352 1398 2406 annal.
1433 2351 1533 2409 Boron.
1550 2370 1575 2409 c.
1595 2355 1642 2409 26:
1663 2353 1781 2418 Samos,

91 2442 230 2494 cadeates.
265 2440 351 2510 Apud
375 2438 561 2509 Nicephorum
586 2437 635 2494 lib.
657 2443 696 2494 13.
716 2454 740 2493 c.
758 2443 799 2493 33.
835 2435 922 2507 Chry·
947 2436 1145 2490 archaristiam
1166 2455 1185 2490 a
1212 2437 1332 2492 Graecis
1349 2440 1482 2508 patribus
1505 2457 1562 2493 moa
1585 2457 1654 2494 raro
1673 2440 1781 2493 Mam

91 2530 226 2580 sostomus
261 2524 362 2596 legitur
398 2523 527 2596 privatim
556 2527 611 2576 τῶν
642 2529 728 2577 θείων
758 2522 923 2587 κοινωνῆσαι
947 2522 1039 2595 δῶρον
1057 2521 1198 2594 dissipiat,
1219 2523 1287 2593 quia
1304 2525 1509 2579 ds‘ccadoatibus
1525 2526 1620 2579 sobac
1633 2525 1692 2579 sits
1706 2543 1779 2579 οοπι·

92 2610 281 2683 ἅγιασμᾶιων.
317 2610 403 2679 Apud
430 2608 632 2679 Hieronymum
655 2608 685 2663 in
708 2609 789 2679 epist.
812 2608 849 2662 ad
867 2606 922 2660 Ru·
947 2609 1193 2665 manicabatur.**

92 2698 192 2751 sticum
215 2696 368 2767 Emporias
390 2712 491 2766 panem
509 2693 721 2751 eucharisticum
739 2693 776 2749 ad
793 2696 921 2764 aegrotos
982 2700 1041 2752 260.
1065 2695 1156 2751 Besae
1180 2701 1209 2751 et
1233 2695 1399 2767 complicum
1424 2696 1511 2768 ipsius
1531 2697 1712 2753 fundamenta
1730 2713 1780 2768 po·
1792 2697 1870 2789 Ἠ·

92 2783 182 2839 defert
198 2784 228 2835 in
246 2783 369 2835 caniaco
389 2783 522 2847 vimiaco,
547 2781 642 2836 vinum
661 2779 874 2836 eucharisticum
892 2779 922 2832 ia
946 2781 1018 2838 tiora
1043 2789 1123 2837 suut:
1162 2786 1185 2836 1.
1212 2781 1307 2837 Coena
1332 2783 1450 2837 Domini
1472 2800 1529 2837 aaa
1544 2790 1585 2837 cst
1597 2784 1715 2853 privata
1730 2785 1778 2848 fa·
1791 2801 1900 2841 sessus·

89 2869 171 2925 citro.
210 2867 397 2938 Hieronymus
420 2869 448 2923 iu
473 2883 565 2940 agone
589 2867 684 2923 mortis
709 2867 810 2922 dixisse
826 2865 923 2922 scribi·
947 2869 1045 2923 miliae
1068 2869 1193 2939 aliccjar
1216 2870 1305 2937 actio,
1333 2871 1386 2923 ssd
1401 2886 1474 2924 mere
1493 2870 1691 2924 smissiamica.
1725 2869 1779 2925 Rc·
1792 2854 1887 2893 ΜΝ·

91 2961 149 3010 tur:
181 2956 206 3008 0
228 2972 339 3008 samm
364 2955 518 3009 convicium
541 2963 567 3010 et
586 2955 825 3026 peregrinationis
842 2953 923 3007 tiati-
948 2954 1130 3025 spondemus:
1149 2955 1179 3012 si
1196 2954 1397 3010 administratio
1409 2956 1780 3012 sacraecoenaehocsensc

93 3060 166 3106 mm,
192 3058 245 3110 cco
272 3043 307 3093 de
323 3043 374 3095 troc
392 3043 496 3096 masao
513 3058 690 3112 ncmmqsscm
703 3039 866 3111 poemiam
882 3042 925 3094 ad
949 3058 982 3097 ac
999 3040 1081 3096 modo
1100 3047 1173 3097 esset
1189 3041 1376 3097 ecclesiastice
1393 3042 1481 3106 actio,
1502 3047 1534 3096 ut
1552 3041 1582 3096 in
1599 3042 1715 3112 privatis
1734 3060 1780 3099 ae·

93 3128 165 3182 coeli
181 3125 359 3190 consortium.
392 3127 454 3197 ch
471 3128 647 3198 arcofidclis
659 3127 816 3183 animaboc
825 3128 924 3190 froas
949 3127 1030 3182 dibus
1046 3125 1125 3181 nulla
1142 3126 1248 3182 ratione
1265 3126 1388 3198 legitime
1404 3126 1590 3182 administrari
1609 3133 1712 3198 posset,
1731 3145 1781 3183 cur

93 3213 232 3280 coccinio,
259 3213 290 3265 ia
315 3229 370 3280 oco
394 3214 547 3268 culcamia
571 3214 615 3267 toi
638 3230 740 3283 corpas
762 3215 923 3267 sumendam
948 3211 1073 3266 Christus
1103 3212 1132 3265 in
1158 3212 1240 3267 domo
1269 3212 1378 3282 privata
1401 3213 1493 3284 potius
1518 3229 1601 3283 quam
1622 3213 1651 3267 in
1676 3214 1780 3285 templo

89 3299 271 3371 propositor.
308 3296 433 3352 Ecclesia
456 3298 565 3354 Graeca
583 3298 635 3353 hoc
656 3304 856 3354 sacramentum
876 3315 923 3354 vc
948 3297 1199 3368 Hierosolymitano
1226 3297 1279 3352 hoc
1307 3298 1469 3369 mysterium
1494 3315 1556 3353 cum
1580 3299 1638 3353 suis
1658 3299 1779 3369 discipu,-

94 3392 141 3443 cat
167 3385 285 3456 ἔφοδιον
310 3385 357 3452 τῆς
383 3386 455 3448 ζωῆς.
492 3384 648 3456 Polydorus
670 3385 806 3457 Virgilius
830 3383 878 3439 lib.
898 3391 922 3439 5.
947 3384 982 3438 lis
1006 3382 1193 3439 celebrasset?
1221 3382 1403 3438 Concedimus
1423 3382 1549 3453 quidem,
1573 3399 1676 3439 coenae
1693 3385 1779 3439 admi-

95 3474 131 3529 de
148 3489 200 3528 rer.
217 3472 320 3527 invent
340 3488 364 3525 c.
384 3473 413 3523 6:
439 3469 466 3522 A
489 3470 597 3524 Christi
619 3472 714 3525 statim
737 3473 875 3525 adesam
894 3471 924 3523 ia
948 3469 1138 3524 nistrationem
1159 3485 1220 3524 esse
1242 3467 1378 3524 actionem
1403 3468 1631 3539 ecclesiasticam,
1657 3470 1706 3526 sed
1730 3470 1778 3524 ad·

96 3560 201 3613 cocleam
228 3557 338 3611 Judaci
364 3566 510 3624 caeparum
533 3558 669 3611 humanos
685 3557 839 3611 mastiter
858 3572 923 3626 per·
949 3554 1052 3623 dimm,
1076 3555 1221 3610 ecclesiam
1247 3570 1303 3609 non
1325 3571 1386 3609 esse
1409 3554 1566 3610 conclusam
1591 3555 1645 3610 illis
1663 3556 1778 3628 templo·

95 3646 187 3715 aecci,
211 3645 314 3698 cosae
338 3643 416 3695 Nero
436 3642 582 3711 princepe,
607 3643 710 3698 &iasio
734 3642 923 3710 Domitianos,
947 3659 1008 3695 rum
1036 3639 1204 3711 parietibus,
1229 3640 1259 3696 iu
1284 3641 1386 3712 quibus
1413 3641 1451 3696 ad
1478 3641 1646 3698 ordinarium
1672 3644 1777 3699 cultum

97 3731 199 3785 deinde
224 3730 279 3783 alii
297 3737 322 3782 et
342 3733 482 3796 postremo
503 3728 698 3782 Diocletianus
719 3746 754 3782 ac
771 3727 923 3783 Maximia-
948 3727 1072 3782 divinum
1102 3728 1292 3799 peragendum
1320 3726 1470 3784 Christiani
1502 3729 1682 3800 conveniunt,
1714 3748 1779 3786 cum

95 3833 147 3869 aris
165 3816 342 3869 acerbissima
360 3812 546 3882 afflictarent.
586 3814 645 3871 Quo
661 3816 726 3878 fers
744 3821 801 3869 toto
820 3821 923 3883 tempo·
948 3814 1004 3869 sint
1022 3814 1106 3870 etiam
1124 3816 1292 3869 domesticae
1310 3816 1444 3870 walerico
1454 3815 1564 3885 piorum
1575 3816 1654 3874 Rom.
1672 3823 1711 3886 16,
1720 3835 1746 3874 v.
1753 3823 1779 3873 5.

94 3904 136 3955 ris
152 3901 302 3955 intervallo
321 3906 427 3953 tantum
445 3899 555 3959 aberat,
573 3903 604 3948 ¹⁴²
619 3895 737 3963 aliquod
752 3900 884 3969 templum
903 3917 922 3953 a
949 3900 1066 3956 Philem.
1084 3919 1109 3954 v.
1128 3906 1152 3957 3.
1172 3901 1208 3956 ad
1227 3919 1296 3973 quos
1313 3887 1413 3957 omues¹
1427 3900 1486 3958 sire
1503 3902 1616 3973 publice
1631 3902 1660 3956 in
1678 3918 1780 3976 magna

95 3988 199 4042 aemma
218 3985 389 4040 ctrmbtiaois
407 3984 522 4054 publice
547 3981 759 4047 aedificaretur,
783 3993 815 4039 at
839 3986 922 4040 stiam
948 3986 1113 4059 frequentia
1131 3986 1189 4042 sive
1206 3987 1335 4058 privatim
1352 3986 1382 4041 in
1401 3987 1553 4059 angustiori
1569 3993 1651 4043 coetu
1663 4005 1778 4061 congre·

97 4074 191 4128 amaia
209 4079 299 4127 essent
316 4072 426 4125 occidte
445 4077 471 4125 ct
488 4066 595 4125 sacella
613 4067 711 4136 potius
727 4075 809 4137 atque
826 4074 923 4126 sociem
949 4081 1029 4148 gatos
1051 4075 1172 4145 pertinet
1195 4073 1265 4128 illud
1284 4073 1387 4130 Christi
1403 4073 1502 4128 Matth
1524 4079 1570 4142 18,
1596 4093 1623 4130 v.
1642 4080 1690 4130 20:
1727 4076 1780 4130 Ubi

97 4160 196 4213 abdita
218 4166 244 4212 at
262 4158 430 4228 pleramque
454 4156 635 4209 mamasac
658 4170 742 4222 orsam
760 4155 864 4223 apertis
884 4159 923 4213 lo·
950 4163 1007 4214 dco
1024 4161 1068 4214 cei
1086 4168 1142 4214 trae
1160 4161 1322 4230 congrecati
1337 4168 1400 4213 scat
1418 4161 1449 4214 ia
1465 4160 1576 4214 nomiae
1594 4176 1663 4230 meo,
1680 4161 1780 4230 ibiepo

97 4248 137 4301 cis
164 4264 198 4300 ac
223 4245 346 4315 peitate
374 4245 476 4303 ierem.
511 4237 627 4294 Gabriel
652 4238 713 4294 Biel
736 4238 798 4296 lect
826 4246 865 4296 13.
895 4241 925 4296 iu
950 4266 1012 4301 som
1035 4247 1066 4299 ic
1088 4247 1185 4308 medio
1211 4263 1312 4300 eoram
1351 4245 1417 4301 Jam
1439 4262 1505 4301 vero
1524 4245 1574 4301 ubi
1593 4245 1718 4303 Christus
1737 4253 1781 4303 est

98 4350 158 4388 can.
176 4331 288 4386 missae:
320 4330 366 4384 Ab
389 4328 549 4398 apocopae
574 4325 766 4395 apocalama
782 4326 925 4396 principis
951 4331 1082 4387 ecclesiae
1114 4336 1216 4402 caput,
1245 4331 1284 4386 ibi
1311 4347 1423 4403 quoque
1448 4331 1572 4387 membra
1594 4333 1653 4388 sisa
1680 4349 1780 4403 corpus

97 4434 183 4487 masse
223 4418 264 4470 ad
297 4424 404 4484 scmpm
434 4411 572 4481 selvestri
600 4411 736 4464 caecitate
765 4419 925 4480 persecuto-
951 4416 1099 4487 mysticum
1118 4432 1178 4472 esse
1195 4423 1310 4487 oportet.
1347 4417 1421 4473 Tota
1436 4418 1507 4474 ratio
1520 4419 1779 4490 temporumacba·

97 4523 160 4557 ram
184 4503 262 4556 rabie
288 4508 365 4555 certa
388 4516 444 4552 aaa
470 4504 529 4551 erat
553 4497 723 4568 episcopalis
746 4497 847 4561 statio,
874 4500 926 4552 sed
951 4500 1090 4556 silicamm
1111 4502 1141 4556 in
1156 4501 1191 4559 N.
1210 4502 1245 4559 T.
1264 4510 1307 4559 est
1323 4519 1398 4558 mere
1413 4505 1617 4574 ceremonialia,
1643 4505 1780 4577 quomodo

98 4591 251 4660 abiasaqoe
269 4586 421 4640 mammas
438 4582 582 4653 compulit,
601 4584 658 4638 sica
677 4585 708 4637 ia
727 4585 844 4652 cryptis,
866 4585 924 4638 sice
950 4585 1036 4658 igitur
1061 4586 1154 4642 divino
1182 4587 1276 4659 aliquo
1303 4589 1434 4644 mandato
1463 4590 1664 4646 administratio
1686 4605 1781 4646 sacrae

99 4677 225 4732 amitas
251 4674 462 4741 calmiciacum,
488 4670 544 4723 ace
566 4669 635 4724 aliie
659 4670 828 4740 quibasdam
854 4670 924 4725 locis
951 4687 1053 4728 coenae
1079 4672 1114 4726 ad
1139 4674 1245 4745 templa
1268 4674 1319 4729 illa
1336 4674 1471 4731 adstricta
1487 4676 1543 4732 diei
1560 4677 1672 4747 potest?
1707 4677 1781 4733 Sane

99 4764 212 4816 mosam
232 4759 408 4815 celebrabant
422 4771 506 4826 stipor
521 4755 609 4808 altare
627 4756 748 4825 liquerim
765 4756 796 4809 ia
812 4759 924 4812 modam
950 4755 1065 4827 publica
1082 4765 1110 4814 et
1127 4759 1247 4816 solennis
1264 4759 1347 4831 hujus
1363 4761 1489 4832 mysterii
1507 4755 1657 4818 celebratio
1672 4764 1780 4818 ordina·

98 4865 183 4902 arcae
207 4861 371 4911 concavam,
395 4842 471 4912 prod
489 4842 659 4906 portabatur
683 4858 702 4894 a
726 4844 924 4914 sacmdotsbus,
950 4842 990 4898 rie
1016 4842 1045 4897 in
1071 4845 1190 4914 publicis
1215 4852 1244 4900 et
1265 4845 1497 4918 frequentioribus
1514 4847 1622 4919 piorum
1641 4849 1780 4905 conventi-

98 4935 251 5003 abicsmqae
271 4934 416 4986 Romanos
434 4925 578 4993 episcopas
596 4927 736 4984 latitabat.
776 4933 816 4983 11.
829 4931 924 5001 Agno-
950 4929 1003 4983 bus
1035 4930 1131 5002 peragi
1159 4929 1254 4999 debet,
1285 4931 1395 4988 interim
1420 4938 1514 4988 tamen
1539 4935 1629 5004 major
1651 4934 1781 4991 habenda

99 5025 180 5075 scunt
199 5019 251 5074 hoc
269 5017 381 5089 quidam
398 5027 431 5066 ex
448 5009 517 5079 ipsis
535 5009 705 5081 adversariis,
726 5019 823 5085 utpote
835 5015 925 5071 Calvi·
951 5020 993 5069 est
1016 5014 1087 5069 ratio
1106 5016 1213 5087 aegroti
1231 5015 1438 5073 confirmatione
1455 5017 1521 5074 fidei
1540 5019 1691 5091 indigentis
1708 5038 1780 5077 eam·

99 5124 151 5161 nm
168 5106 197 5160 in
216 5105 295 5175 episc.
311 5116 339 5169 p.
361 5102 402 5154 26.
440 5091 668 5162 oecolampadius
687 5099 716 5152 in
733 5104 754 5154 1.
770 5100 849 5170 epist
860 5101 925 5161 Joh.
952 5116 1007 5170 que
1024 5101 1052 5155 in
1074 5119 1126 5156 usu
1143 5118 1239 5158 sacrae
1256 5119 1359 5160 coenae
1373 5105 1540 5175 quaerentis,
1556 5123 1640 5177 quam
1652 5114 1782 5165 externas

99 5194 118 5250 f.
135 5198 176 5249 36.
206 5192 306 5242 Petrus
317 5183 425 5255 hlartyr
443 5181 471 5235 in
492 5186 515 5236 1.
530 5178 592 5234 Cor.
605 5189 642 5238 tc.
659 5181 681 5240 t.
697 5190 752 5242 143.
779 5184 885 5242 Cursus
896 5187 925 5243 in
951 5186 1025 5241 illius
1050 5187 1271 5244 circumstantiae
1294 5186 1371 5245 nullo
1389 5191 1521 5246 mandata
1539 5191 1633 5248 divino
1652 5211 1781 5266 expresse

100 5294 178 5347 areg.
195 5292 222 5345 p.
238 5277 293 5328 192.
305 5276 356 5326 etc.
383 5269 549 5325 Marloratus
567 5265 596 5318 iu
611 5284 634 5323 c.
652 5277 673 5323 1.
688 5269 771 5325 Luc:
794 5272 925 5334 Quamvis
951 5272 1089 5329 definitae.
1131 5277 1158 5327 2.
1180 5275 1280 5341 Aonas
1299 5277 1449 5344 parobolis
1473 5279 1647 5334 mactabatur
1669 5282 1700 5335 ia
1717 5300 1781 5336 cca·

100 5363 169 5417 olim
194 5359 271 5412 clami
294 5358 524 5410 circumcidet-esst
545 5353 678 5423 infactas,
705 5373 760 5409 aaa
785 5364 876 5414 tamea
894 5362 926 5415 id
950 5368 1030 5414 centu
1049 5360 1180 5415 acciacae
1198 5362 1384 5417 Isratliticac.
1418 5363 1512 5418 Pisces
1528 5366 1720 5437 doosctticcm,
1741 5368 1781 5424 sit

100 5451 198 5512 facere
223 5443 302 5496 soliti
321 5443 444 5510 facrsmt
468 5440 528 5494 doe
552 5437 688 5494 bomiscos
711 5442 876 5512 frequentia
900 5455 925 5500 et
950 5447 1033 5515 Besa,
1048 5448 1090 5501 sic
1109 5449 1285 5503 mactator
1300 5448 1332 5500 ia
1348 5449 1471 5517 Imils,
1488 5458 1520 5505 st
1533 5459 1626 5508 tamea
1644 5473 1701 5509 aco
1720 5456 1781 5509 alio

101 5535 249 5593 convenas,
277 5545 339 5582 cam
365 5534 437 5583 esset
465 5524 598 5583 scoloeias
624 5524 718 5583 boam
747 5528 783 5595 (si
808 5529 925 5589 circum
950 5541 1072 5604 tsorpom
1094 5533 1242 5600 idm,
1266 5536 1350 5604 asom
1374 5538 1779 5610 omiotmlsratiiccmy·
