4004 6022
179 290 239 348 490
753 282 876 340 Locus
894 281 1097 340 vlcaslnus
1116 282 1314 342 SECUNDUS

179 436 243 490 talis
269 445 311 491 est
334 437 384 491 illa
407 437 512 504 unitas,
535 453 607 508 quae
633 437 661 491 in
684 436 803 492 ecclesia
823 437 960 494 militante
976 436 1015 492 lo·
1042 438 1160 507 probata
1178 445 1207 494 et
1223 439 1380 510 improbata
1398 446 1453 502 est,
1483 439 1663 512 nequeenim
1681 438 1732 506 iis,
1753 439 1803 511 qni
1823 438 1879 509 Gy·

178 538 242 584 cum
269 521 369 587 habet,
400 523 430 576 in
459 541 493 578 ea
515 524 586 578 enim
612 540 754 594 nunquam
778 524 914 593 reperitur
936 529 1016 578 tanta
1040 522 1168 593 priunum
1192 525 1392 595 sequebantur,
1420 525 1554 581 ecclesiae
1579 531 1606 581 et
1633 525 1749 580 unitatis
1776 540 1880 580 nomen

179 607 342 670 concordia,
372 608 440 679 quin
464 609 682 663 dissensionibus
706 609 873 680 quibusdam
899 610 936 663 sit
955 627 1014 679 per·
1041 609 1181 665 ademtam
1203 610 1257 664 fuit
1278 610 1401 677 abillis,
1426 610 1473 682 qui
1492 618 1596 666 rectam
1614 611 1783 666 sententiam
1802 618 1879 666 tene·

179 692 274 747 mixta.
311 696 357 747 Eu
373 703 459 762 parte
479 696 552 747 enim
568 696 598 747 in
617 696 670 748 liae
688 697 746 749 uita
762 697 967 765 coproacimus,
983 712 1016 749 aa
1040 695 1116 761 bant,
1136 712 1169 750 ac
1189 696 1249 750 vice
1267 696 1426 762 versalliis,
1446 696 1493 767 qui
1514 702 1618 750 rectam
1635 696 1719 751 iidem
1737 696 1879 758 tenebant,

174 787 261 845 parts
279 779 482 848 prophetamus
511 785 532 834 1.
559 779 620 834 Cor.
651 786 695 849 13,
723 797 749 835 v.
772 787 797 835 9.
840 781 1015 852 Augustinus
1040 797 1096 834 non
1125 780 1179 834 fuit
1207 781 1341 836 ecclesiae
1365 789 1393 836 at
1421 782 1534 837 unitatis
1560 799 1660 838 nomen
1681 783 1826 838 ademtam
1842 781 1879 836 ab

179 861 227 917 lib.
249 869 289 919 1⁵.
306 864 341 919 de
358 865 409 919 civ.
427 864 481 919 Dei
500 882 525 922 c.
544 871 573 920 5:
610 866 688 919 Boni
704 873 730 918 et
750 866 828 935 boui,
852 866 880 918 si
894 867 1018 934 perfecti
1040 865 1110 931 illia,
1134 865 1182 936 qui
1209 865 1350 936 Cypriane
1375 871 1404 920 et
1425 867 1565 922 Africanis
1589 867 1725 939 episcopis
1745 867 1878 923 adbaere-

179 957 256 1011 suat,
284 952 356 1004 inter
383 970 413 1005 se
433 970 564 1021 pappare
589 972 644 1016 aaa
665 961 790 1021 possunt.
834 953 1017 1016 Proficientea
1041 951 1116 1005 bant.
1168 950 1305 1020 Tempore
1331 952 1450 1007 Cornelii
1476 953 1549 1008 inter
1575 955 1723 1008 orientales
1752 961 1781 1008 et
1807 953 1878 1008 occi·

178 1044 271 1089 curem
298 1039 473 1107 nondumque
498 1040 623 1108 perfecti
643 1040 685 1092 ita
706 1046 837 1109 possunt,
871 1046 901 1091 ut
929 1039 1017 1091 bouus
1040 1035 1165 1090 dentum
1201 1036 1332 1090 ecelesias
1368 1037 1461 1107 gravis
1489 1038 1552 1092 fuit
1572 1038 1713 1093 contentio
1744 1038 1780 1095 de
1810 1046 1876 1094 tem·

178 1121 296 1190 quisque
320 1140 351 1175 er
379 1140 414 1176 eu
435 1132 521 1192 parte
540 1132 649 1193 pupaet
675 1133 774 1179 costra
797 1125 929 1189 mersura,
959 1141 1015 1192 quc
1041 1138 1107 1190 pore
1130 1121 1289 1176 celebrandi
1313 1121 1462 1193 paschatis.
1501 1122 1599 1194 Neque
1622 1131 1716 1179 tamen
1739 1125 1876 1196 quispiam

179 1207 264 1261 etiam
284 1216 383 1262 contra
400 1218 483 1262 semet
498 1211 599 1279 ipsum.
630 1213 669 1264 Et
681 1213 711 1264 in
723 1229 777 1265 uuo
789 1210 893 1279 quippe
907 1210 1016 1263 bomine
1040 1224 1142 1271 eorum,
1159 1208 1207 1278 qui
1222 1207 1380 1279 Polycarpo
1397 1207 1573 1278 Smymensis
1591 1209 1725 1265 ecelesiae
1746 1210 1877 1281 episcopo

179 1307 248 1346 curo
286 1295 456 1363 concupiscit
491 1297 628 1350 adoneus
661 1295 798 1364 Spiritum
833 1303 860 1349 et
890 1295 1015 1364 Spiritus
1040 1293 1242 1363 adhaerebant,
1265 1295 1334 1358 illis,
1352 1295 1399 1367 qui
1417 1312 1481 1350 cum
1497 1295 1613 1366 Hygino
1630 1296 1775 1352 Romanae
1791 1297 1877 1355 eccle

180 1380 314 1433 adversus
337 1399 456 1437 caruem.
493 1382 727 1452 Concupiscentia
757 1400 823 1450 erpo
854 1381 1015 1451 spiritualia
1040 1379 1098 1434 siae
1122 1381 1254 1450 episcopo
1273 1380 1425 1447 faciebant,
1450 1399 1549 1436 nomen
1567 1382 1701 1438 ecclesiae
1719 1382 1878 1455 denegavit,

179 1474 277 1518 eontra
296 1467 415 1521 uberius
429 1476 523 1538 potest
537 1486 667 1537 pappare
685 1468 840 1535 casualem,
857 1467 900 1520 cet
917 1484 1015 1520 cauere
1041 1465 1162 1535 quinimo
1187 1484 1251 1520 cum
1268 1466 1365 1520 Victor
1383 1466 1525 1522 Romanus
1551 1466 1696 1538 episcopus
1713 1468 1877 1525 dmwntien·

174 1551 317 1619 piscantia
335 1554 463 1608 curuatis
482 1562 580 1608 curura
597 1555 716 1609 alterius
735 1554 925 1623 spirituatem,
943 1554 1015 1607 η’σιη
1040 1558 1081 1606 tes
1095 1550 1148 1605 hoc
1164 1551 1273 1606 nomine
1289 1553 1539 1607 excommunicaret
1550 1559 1578 1608 et
1591 1554 1723 1609 eeclesias
1738 1555 1877 1611 Asiaticas

179 1636 253 1690 iuter
271 1654 301 1690 se
316 1647 445 1708 preparant
464 1640 531 1693 beai
543 1648 568 1692 et
581 1641 659 1702 mali,
679 1641 722 1695 uel
742 1649 834 1694 certae
853 1640 932 1710 aprus
952 1657 1015 1693 cou-
1040 1651 1058 1688 a
1087 1636 1209 1705 corporis
1237 1637 1344 1691 unitate
1374 1637 1537 1693 abscindere
1562 1646 1723 1708 conaretur,
1756 1641 1878 1712 graviter

176 1724 366 1793 cupiscerstiue
385 1726 515 1780 curuatas
535 1727 608 1780 iuter
626 1742 656 1779 sc
672 1729 791 1780 duorum
805 1727 936 1778 bonorum
949 1742 1015 1777 uors-
1040 1721 1093 1775 hoc
1110 1722 1220 1777 nomine
1239 1721 1275 1777 ab
1295 1722 1409 1780 Irenaeo
1429 1730 1457 1778 et
1477 1724 1537 1778 aliis
1556 1725 1694 1795 episcopis
1711 1726 1769 1781 fuit
1786 1745 1876 1798 repre·

113 1837 115 1841 <
180 1809 247 1861 dum
264 1811 358 1878 utque
373 1812 575 1879 parsectomm,
593 1813 665 1865 sicut
679 1813 753 1866 iuter
766 1829 796 1865 se
805 1819 934 1881 papauer
946 1811 1017 1864 mali
1039 1805 1153 1872 benaua,
1179 1824 1231 1861 nec
1253 1809 1389 1864 sententia
1411 1809 1472 1878 ejus
1495 1810 1580 1864 ullam
1601 1811 1631 1864 in
1648 1812 1768 1868 ecclesia
1785 1819 1876 1868 aucte

180 1902 206 1947 st
226 1895 308 1958 mali,
333 1898 421 1951 donec
441 1914 535 1952 eorum
556 1899 605 1968 qui
622 1907 756 1952 mirantur
775 1900 817 1952 ael
832 1898 960 1951 uitiosum
976 1898 1014 1950 ui-
1040 1893 1151 1947 ritatem
1179 1894 1313 1957 obtinuit,
1343 1901 1374 1950 ut
1404 1911 1438 1950 ex
1468 1895 1589 1952 Eusebio
1616 1899 1748 1969 cognosci
1780 1904 1878 1969 potest

180 1980 299 2033 storiam
327 1983 436 2036 sanitas
452 1986 637 2053 perducatur.
676 1983 737 2048 Quo
757 1985 784 2038 in
801 1983 862 2039 loco
882 1983 1013 2054 Augusti·
1040 1977 1118 2034 Inter
1137 1979 1271 2034 Basiliam
1290 1986 1319 2034 et
1335 1981 1480 2036 eeclesiam
1496 1982 1702 2040 Caesariensem
1722 1990 1877 2040 controver-

179 2081 232 2118 nus
253 2065 344 2134 aperit
363 2084 474 2122 causam
494 2069 670 2123 dissidiorum
689 2069 718 2123 in
737 2069 862 2125 ecclesia.
890 2069 963 2124 Vere
976 2067 1014 2137 pii
1040 2064 1082 2118 aia
1107 2064 1162 2119 fuit
1188 2066 1223 2120 de
1243 2067 1436 2122 ecclesiasticis
1453 2068 1628 2124 cantionibus
1648 2085 1681 2122 ac
1700 2069 1876 2138 caementa,

179 2149 302 2203 nondum
321 2161 386 2206 sant
402 2154 525 2222 perfecte
544 2155 679 2224 renovati,
698 2155 747 2209 sad
763 2164 906 2210 remanent
919 2155 948 2208 in
961 2155 1015 2208 illis
1040 2150 1112 2203 inter
1144 2151 1370 2221 chrysostomum
1403 2160 1431 2209 et
1462 2153 1648 2224 Epiphaniam
1679 2155 1714 2211 de
1746 2155 1825 2212 libris
1851 2161 1878 2212 et

179 2234 312 2306 reliquiae
330 2238 431 2306 carnis,
450 2255 516 2310 ergo
535 2257 589 2294 non
609 2241 775 2311 perveniunt
792 2241 827 2295 ad
844 2248 971 2295 exactam
987 2246 1015 2295 et
1040 2235 1167 2290 doctrina
1186 2235 1329 2307 origenis,
1347 2237 1418 2293 inter
1430 2238 1630 2310 Hieronymum
1648 2245 1676 2295 et
1687 2241 1875 2312 Augsmtinum

180 2320 331 2390 perfectam
357 2326 552 2394 mysteriorum
574 2317 642 2381 ¹lidei
665 2327 806 2394 notitiam,
831 2328 879 2381 sed
902 2327 931 2381 in
956 2328 1014 2397 qui·
1041 2321 1076 2375 de
1104 2322 1234 2391 operibus
1265 2324 1349 2394 legis,
1381 2343 1414 2380 ox
1443 2326 1543 2397 quibus
1568 2327 1706 2381 neminem
1730 2327 1878 2398 justificari

179 2404 296 2461 busdam
322 2409 529 2465 hallucinantur
554 2413 737 2467 actitabant.
776 2412 847 2466 Caro
866 2413 895 2466 in
911 2413 1014 2467 renatis
1041 2409 1181 2475 apostolus
1205 2410 1318 2477 esseda
1344 2410 1379 2465 de
1402 2407 1578 2467 aimulatiobe
1598 2410 1691 2481 Petri3
1718 2412 1754 2468 ds
1774 2414 1877 2485 origine

178 2491 270 2546 adhuc
294 2503 402 2566 pugnat
420 2503 517 2550 contra
535 2495 682 2566 Spiritum,
704 2497 787 2552 facile
805 2499 891 2569 igitur
910 2499 1014 2552 contin·
1041 2493 1149 2548 animae
1166 2501 1220 2551 etc.
1240 2496 1364 2560 quinimo
1382 2497 1406 2550 si
1424 2496 1529 2567 scripta
1545 2504 1655 2566 patrum
1673 2500 1877 2568 pervolvantur,

178 2595 244 2650 gere
270 2586 375 2649 potest,
397 2582 547 2636 accedente
572 2583 735 2653 praesertim
760 2584 863 2639 diaboli
885 2583 1015 2654 impulsu,
1040 2581 1195 2649 apparebit,
1213 2587 1307 2651 patres
1324 2598 1380 2637 non
1398 2583 1487 2637 solum
1505 2582 1542 2637 ab
1560 2583 1629 2650 aliis,
1644 2585 1693 2639 sed
1714 2584 1801 2640 etiarn
1816 2603 1834 2640 a
1849 2602 1877 2642 se

179 2673 212 2718 ut
238 2665 395 2720 camalibus
422 2666 598 2736 opinionibus
627 2668 803 2739 indulgentes
827 2670 1015 2725 contentiones
1040 2665 1109 2735 ipsit
1126 2667 1292 2737 quandoque
1311 2667 1469 2735 dissentire,
1495 2674 1528 2723 iii
1546 2675 1652 2725 eertum
1669 2670 1718 2732 tii.
1747 2672 1876 2727 omnimo

180 2750 209 2804 in
231 2751 349 2806 ecclesia
372 2752 503 2814 excitant,
528 2753 637 2808 interim
661 2755 714 2808 nisi
733 2755 848 2810 accedat
864 2755 1016 2825 pertinacia
1042 2751 1105 2804 dam
1124 2758 1154 2807 et
1175 2753 1296 2807 numeris
1319 2753 1445 2809 omnibus
1462 2754 1617 2811 absolutam
1632 2756 1770 2813 unitatem
1786 2758 1816 2812 in
1827 2758 1877 2814 hae

179 2852 214 2891 ac
240 2837 292 2891 uisi
317 2838 528 2893 fundamentum
554 2838 619 2894 fidei
644 2841 828 2910 convellatur,
860 2858 877 2896 a
901 2859 1016 2912 corpora
1040 2837 1099 2891 viia
1116 2854 1171 2892 non
1190 2853 1250 2891 ease
1268 2839 1446 2908 sperandam,
1471 2857 1505 2897 ac
1523 2840 1640 2911 proinde
1659 2857 1715 2896 non
1734 2844 1878 2914 quodlibet

178 2923 314 2979 ecdesiae
331 2931 478 2994 propterea
497 2943 552 2979 non
565 2925 659 2980 statim
674 2932 844 2998 separantur.
873 2926 907 2981 ld
923 2928 1014 2999 ipsum
1041 2923 1185 2978 dissidium
1202 2925 1337 2980 ecelesiae
1348 2932 1378 2980 et
1388 2926 1503 2980 unitatis
1515 2927 1735 2982 communionem
1747 2929 1878 2985 continuo

180 3009 362 3078 comprobant
389 3010 523 3080 exempla.
567 3012 687 3065 Fratres
714 3013 829 3081 qisiriam
857 3015 1014 3083 mansita-
1039 3009 1121 3065 tollit.

181 3095 246 3148 baut
273 3112 335 3147 cum
365 3096 469 3164 Petro,
497 3098 575 3164 quod
604 3115 690 3151 ausus
709 3099 817 3164 suisset
842 3099 1015 3167 coappelium
1076 3100 1134 3150 232.
1163 3095 1347 3151 Bellarminus
1366 3103 1398 3151 ut
1415 3097 1523 3168 probet,
1542 3097 1670 3152 unionem
1691 3099 1876 3157 membrorum
1889 3104 1944 3152 trs*

179 3181 307 3250 pratibus
320 3181 507 3248 praedicare,
532 3183 588 3235 Act
621 3188 667 3250 ll,
685 3201 711 3236 r
732 3190 754 3238 2.
793 3184 1015 3248 Paulussafa·
1040 3180 1113 3236 inter
1137 3199 1166 3236 ae
1186 3187 1294 3236 etcum
1311 3181 1404 3252 capite
1425 3199 1486 3238 esse
1502 3191 1596 3237 notam
1614 3185 1764 3254 audaciae,
1789 3161 1949 3258 primosum

180 3267 249 3321 mem
270 3268 416 3321 resistunt
436 3269 520 3320 Petro
545 3287 600 3323 uon
616 3278 693 3322 recto
706 3271 781 3339 pede
801 3273 957 3325 ambulanti
975 3273 1016 3325 ad
1040 3266 1101 3321 loeo
1129 3266 1257 3335 producit
1280 3267 1437 3322 testimonia
1459 3267 1632 3338 Scripturas,
1655 3268 1684 3323 in
1708 3271 1813 3341 quibua
1834 3290 1877 3328 ec·
1890 3257 1949 3349 ffi’JJ

179 3354 330 3420 naamam,
350 3351 413 3408 Gal.
432 3358 456 3414 2,
475 3371 500 3408 v.
522 3359 566 3418 11,
583 3354 656 3409 inter
674 3355 831 3412 Barnabam
848 3361 878 3412 et
895 3356 1014 3413 Paulum
1041 3352 1125 3407 alesia
1144 3353 1244 3406 dicitur
1262 3371 1348 3406 uuum
1366 3370 1477 3422 corpus,
1496 3372 1553 3408 uua
1570 3373 1686 3424 moure,
1704 3375 1790 3411 unam
1805 3360 1877 3413 osas

181 3438 324 3493 incidebat
350 3439 528 3508 παροξυσμός
553 3441 617 3497 Act.
646 3447 691 3506 15,
717 3459 743 3495 ν.
768 3448 816 3506 39;
844 3443 874 3496 in
899 3443 1015 3498 ecclesia
1041 3446 1093 3493 eu.
1122 3438 1222 3508 quibua
1244 3439 1323 3494 addit
1345 3441 1497 3507 symbotum
1526 3438 1878 3512 Cmumuucpoliram,

181 3523 385 3579 Corinthiorum
416 3525 538 3580 excitata
564 3533 644 3582 erant
667 3526 831 3592 schismata,
859 3529 1015 3599 profanatio
1039 3526 1069 3579 in
1088 3542 1144 3595 quo
1163 3523 1326 3580 confitemur
1344 3543 1430 3579 uuam
1451 3526 1604 3578 ecclrur'am.
1642 3525 1686 3580 Aa
1704 3529 1878 3600 paulopost,

179 3625 283 3665 coenae
299 3609 458 3679 irrepserat,
477 3610 511 3665 de
525 3610 684 3681 adiaphoris
696 3612 791 3667 odiose
803 3614 1015 3673 contendebant.
1040 3617 1072 3663 iit
1095 3608 1208 3680 probet,
1233 3611 1406 3664 concordiem
1428 3627 1489 3665 tite
1509 3610 1620 3682 iignum
1638 3613 1718 3683 regni
1736 3613 1808 3682 Dei,
1831 3617 1879 3671 ad·

180 3696 327 3750 articulum
346 3696 381 3751 de
400 3697 600 3751 resurrectione
617 3698 729 3769 quidam
749 3716 842 3754 eorum
858 3701 1014 3755 indubium
1041 3696 1118 3750 ducit
1141 3695 1247 3750 dictum
1270 3695 1373 3750 Christi
1394 3696 1494 3753 Metth.
1520 3703 1566 3752 12:
1607 3699 1693 3751 Omna
1712 3716 1830 3767 reanum
1848 3703 1878 3754 is

180 3780 318 3836 vocabant
336 3789 387 3839 etc.
407 3800 498 3853 neque
516 3790 609 3838 tumen
627 3786 731 3840 Paulus
751 3787 801 3840 toti
820 3787 910 3841 coetui
928 3788 1014 3842 eccle·
1040 3800 1068 3835 ae
1083 3783 1202 3836 divitum
1220 3781 1402 3850 desolabitur,
1425 3789 1454 3838 et
1465 3782 1569 3836 dictum
1584 3784 1703 3853 apostoli
1720 3792 1742 3840 t.
1756 3786 1819 3842 Cor.
1835 3793 1878 3843 lt:

180 3866 236 3921 siae
257 3883 357 3922 nomen
380 3873 528 3938 propterea
544 3869 675 3941 derogat,
701 3871 751 3926 sed
769 3872 892 3928 scribens
911 3873 948 3926 ad
969 3890 1014 3928 eos
1040 3869 1106 3920 Nou
1126 3876 1166 3921 cat
1184 3868 1367 3921 discensionis
1385 3870 1474 3935 Deua,
1493 3869 1545 3920 sed
1561 3870 1680 3925 ordinis.
1714 3869 1876 3941 Responde·

179 3952 271 4008 adhue
295 3954 419 4024 appellat
441 3954 586 4009 eeclesiam
611 3956 664 4010 Dei
692 3963 713 4011 l.
740 3959 800 4010 Cor.
822 3963 851 4025 1,
873 3977 898 4010 r.
919 3964 943 4014 2.
981 3959 1014 4013 in
1039 3971 1115 4007 mus:
1145 3971 1226 4008 nemo
1253 3960 1376 4008 cosmum
1398 3958 1496 4023 negat,
1525 3953 1670 4009 ecclesiam
1699 3973 1760 4010 esse
1785 3974 1877 4022 unam,

179 4040 296 4096 eeclesia
322 4040 484 4096 Galatarum
509 4042 642 4097 articulus
672 4042 706 4097 de
730 4043 928 4114 justificatione
955 4062 1014 4100 cor·
1039 4039 1214 4110 probandum
1242 4055 1306 4094 vero
1331 4045 1403 4102 titiis
1429 4038 1563 4093 unitatem
1589 4055 1639 4109 ptr
1661 4057 1692 4094 ⁸0
1710 4050 1739 4096 ei
1756 4042 1877 4099 iolilasie

177 4126 295 4198 ruptelia
312 4127 606 4198 pseudoapostolorum
627 4128 794 4197 depravatus
813 4137 886 4195 erat,
904 4129 1013 4184 interim
1039 4130 1183 4194 acceptam
1208 4141 1268 4180 esse
1289 4125 1439 4196 genuinam
1463 4132 1491 4178 et
1516 4125 1656 4194 propriam
1679 4126 1813 4182 ecclesiae
1831 4146 1876 4184 ne

178 4213 245 4283 quia
273 4213 365 4267 adhuc
394 4213 496 4268 dociles
524 4221 603 4269 erant
628 4230 661 4267 ac
686 4213 799 4284 quidam
823 4215 915 4271 adhuc
941 4222 1014 4271 recte
1039 4219 1107 4280 tam,
1126 4212 1200 4282 quod
1217 4229 1267 4266 nos
1287 4228 1435 4282 negamus,
1456 4210 1524 4281 quia
1542 4211 1613 4264 inter
1632 4226 1746 4279 causas,
1765 4221 1878 4284 propter

177 4298 349 4366 sentiebant,
380 4299 443 4354 ideo
472 4308 567 4354 coetus
597 4299 760 4354 Galatarum
789 4300 893 4355 Paulus
923 4303 1014 4357 adhuc
1039 4314 1109 4369 quas
1139 4297 1257 4352 aeclesia
1283 4305 1325 4350 est
1348 4304 1376 4351 et
1404 4296 1505 4350 dicitur
1530 4313 1599 4356 aua,
1629 4312 1685 4351 nou
1707 4304 1876 4366 postremum

180 4390 260 4439 vocat
286 4385 418 4440 ecclesias
447 4385 509 4442 Gal.
540 4392 566 4450 1,
595 4404 620 4441 v.
646 4392 670 4441 2.
714 4386 852 4456 Agnoscit
879 4386 931 4442 boc
955 4387 1014 4457 ipse
1038 4383 1129 4438 locum
1148 4383 1256 4438 obtinet
1273 4385 1368 4436 ueritas
1380 4382 1454 4451 fides*
1473 4389 1499 4434 et
1519 4379 1676 4449 (metricae,
1697 4384 1776 4452 quod
1793 4402 1876 4458 agno

178 4470 365 4526 Bellarminus
389 4470 545 4527 libide
572 4472 667 4526 eccles.
690 4471 746 4525 mil.
771 4488 794 4528 c.
814 4478 837 4526 2.
855 4471 883 4544 ξ.
920 4472 1014 4529 Tertio
1039 4468 1092 4523 aeit
1117 4469 1177 4538 ipse
1200 4468 1384 4522 Bellarminus
1410 4466 1457 4521 lib.
1476 4473 1500 4522 3.
1522 4467 1557 4520 de
1575 4466 1643 4520 eccl.
1670 4485 1695 4523 c.
1714 4475 1738 4523 5.
1778 4471 1877 4527 Unitas

179 4574 276 4612 verae:
313 4558 459 4611 Ecclesiae
485 4557 692 4612 Corinthiorum
718 4567 743 4611 et
763 4558 950 4627 Galatarum,
974 4562 1015 4612 ad
1040 4572 1106 4625 ergo
1134 4571 1184 4624 per
1209 4571 1239 4607 se
1273 4558 1302 4607 et
1328 4552 1449 4607 solitarie
1478 4559 1569 4609 sumta
1593 4568 1649 4607 non
1676 4559 1719 4608 est
1745 4555 1876 4612 ecclesiae

178 4661 250 4712 quas
270 4644 406 4696 scribebat
424 4644 577 4712 aposlolus,
593 4660 676 4697 uerae
694 4645 826 4698 scalonae
839 4654 928 4707 marn,
946 4646 1015 4698 dicit
1039 4649 1119 4703 nota,
1144 4640 1192 4695 sed
1220 4638 1431 4694 unitusiniide
1449 4638 1606 4708 etquidem
1626 4655 1692 4693 vera
1709 4638 1766 4696 tide
1783 4648 1813 4695 et
1830 4644 1875 4698 do

179 4730 251 4783 caim
270 4730 423 4799 apostolus,
443 4747 473 4783 re
491 4730 612 4783 emillae
629 4730 754 4783 ecclesiia
773 4732 843 4797 Dei,
860 4749 932 4799 qisue
950 4741 1014 4784 suut
1039 4729 1143 4796 ctrina,
1171 4744 1204 4781 ac
1233 4726 1349 4796 proinde
1378 4727 1412 4779 de
1434 4724 1542 4780 unitate
1569 4724 1755 4795 judicandum
1778 4735 1822 4783 est
1844 4747 1874 4785 ex

181 4815 369 4870 Corinthiaci
387 4815 417 4866 ia
438 4812 567 4880 Galatia,
587 4824 613 4868 et
630 4823 722 4868 tamea
741 4825 898 4882 arpuruatur
916 4816 1015 4871 Coriu-
1038 4815 1105 4870 fidei
1130 4815 1260 4874 veritate,
1286 4813 1381 4881 sicque
1399 4811 1521 4865 redimus
1539 4813 1575 4865 ad
1594 4817 1687 4865 nutam
1706 4811 1876 4869 ecdeaiaea

178 4903 243 4967 tlu's',
268 4904 345 4971 quoa
371 4903 512 4963 docerent,
537 4903 739 4965 recusaturum
757 4918 816 4955 cess
835 4903 1015 4957 remrrrcctio·
1040 4900 1120 4956 nobis
1137 4899 1316 4970 assignatam,
1335 4899 1409 4968 quod
1424 4897 1531 4952 scilicet
1545 4897 1688 4952 doctrinae
1698 4898 1877 4968 propheticae

79 5050 81 5055 k
104 5005 109 5014 ·
179 5005 256 5056 uem,
279 4997 304 5041 et
331 4987 455 5041 Galatae
476 5004 530 5054 per
554 4993 641 5040 totam
663 4990 727 5052 fare
750 4988 899 5056 epistotam
919 5005 1014 5057 repre·
1041 4991 1069 5041 et
1089 4983 1259 5054 apostolieae
1278 4983 1379 5038 veritas
1400 4983 1436 5037 sit
1451 4999 1518 5037 vera
1536 4982 1669 5038 ecclesiae
1687 4990 1762 5040 ncta
1799 4985 1876 5041 Com·

178 5074 351 5135 mommio,
379 5074 456 5141 quod
479 5073 621 5138 (macram,
651 5075 819 5128 sanandam
844 5091 903 5128 nse
927 5055 1028 5142 lapemi
1040 5071 1110 5141 petit
1125 5071 1236 5141 quidem
1254 5070 1386 5126 ecclesiae
1404 5069 1508 5136 unitas,
1532 5069 1657 5124 sednon
1677 5067 1743 5132 soli,
1770 5088 1833 5126 cum
1850 5072 1877 5126 in

180 5161 290 5228 Miipss'a
316 5178 377 5212 cum
402 5158 555 5224 evaupelio.
596 5158 733 5228 Tempore
758 5159 892 5230 Cypriani
909 5162 1015 5231 gravis-
1040 5157 1100 5227 ipso
1120 5155 1239 5212 &tanae
1266 5173 1352 5228 regno
1371 5156 1443 5210 etin
1460 5154 1661 5210 baereticorum
1679 5157 1878 5212 conventiculis

179 5244 250 5299 sima
274 5243 414 5300 contentio
440 5249 501 5298 erat
524 5245 552 5298 in
570 5246 688 5299 ecclesia
703 5245 738 5300 de
757 5245 933 5316 baptizandis
951 5245 1014 5313 illis,
1027 5232 1029 5292 i
1042 5245 1178 5314 quaedam
1203 5244 1297 5298 unitas
1320 5243 1487 5312 reperiatur,
1517 5241 1590 5296 siout
1621 5241 1749 5296 Christus
1774 5243 1876 5299 ibidem

181 5331 228 5402 qui
247 5331 284 5385 ab
302 5331 448 5386 haereticis
466 5330 501 5384 ad
523 5331 666 5386 ecelesiam
684 5331 825 5400 redibant,
847 5348 880 5386 ex
897 5339 1015 5402 unaque
1042 5330 1151 5386 disertis
1185 5329 1277 5384 verbis
1306 5347 1392 5400 regno
1424 5327 1545 5383 &tanae
1573 5327 1713 5398 quandam
1743 5329 1878 5385 unitatem

179 5424 259 5489 parte
296 5417 409 5471 stabant
443 5417 522 5471 multi
557 5424 586 5471 et
620 5416 694 5471 docti
726 5417 862 5488 episcopi,
899 5423 1016 5488 utraque
1042 5415 1140 5470 tribuit
1161 5416 1260 5471 Matth.
1286 5418 1328 5484 12,
1354 5433 1379 5470 v.
1406 5421 1447 5470 25.
1471 5413 1588 5485 proinde
1608 5429 1659 5468 nec
1678 5415 1769 5468 omnis
1787 5416 1879 5472 unitas

85 5515 134 5556 nn.
148 5514 167 5556 a
180 5503 318 5562 manua
351 5502 523 5560 divmmrum
557 5502 727 5572 synodorum
761 5502 879 5560 decmtis
909 5515 938 5558 et
967 5519 1015 5573 ap
1041 5518 1060 5560 a
1084 5501 1158 5570 Deo,
1182 5518 1235 5557 uec
1258 5501 1347 5557 omnis
1370 5499 1506 5555 dsssnsio
1523 5504 1566 5554 est
1581 5515 1600 5570 a
1616 5498 1744 5566 diabolo,
1769 5501 1822 5556 sed
1838 5509 1880 5558 ast
