4004 6022
738 264 790 320 on
809 261 932 335 sama
951 263 1086 324 coena,
1722 278 1761 337 59

61 437 129 475 cam
145 418 329 475 Manichaeis
346 419 441 475 einum
457 425 571 488 pastore
589 437 644 475 non
661 420 773 491 rslipia,
791 421 843 473 sed
858 435 904 473 sa-
929 417 1002 474 hano
1026 417 1171 476 historiam
1187 420 1338 494 contigisse
1355 422 1452 479 scribit
1469 421 1650 486 Sosomenus.
1676 425 1764 481 omni·

60 507 212 577 erilepium
233 506 281 560 sit.
318 507 356 560 In
374 523 430 559 uua
447 507 518 561 enim
535 515 690 575 opnosount
711 509 793 562 deum
816 523 904 573 suum,
930 505 983 561 bus
1003 506 1146 578 utriusque
1164 508 1267 579 speciei
1279 525 1360 563 usum
1373 527 1546 566 communem
1559 510 1653 576 inisse,
1673 518 1763 568 osten·

60 595 93 648 iss
117 610 195 663 cupa
215 592 328 662 nolunt,
355 591 439 661 quasi
462 592 575 662 aliquid
597 610 645 648 eos
665 594 792 648 calcotsss
813 601 839 646 et
861 591 903 645 in·
931 590 1021 646 dimus
1043 593 1178 664 superius.
1214 601 1238 649 4.
1256 593 1353 650 Potuit
1368 593 1446 650 fraus
1464 595 1514 652 illa
1530 595 1651 653 feminae
1669 595 1764 654 haere-

61 681 158 735 elssus
177 679 335 750 offenderit.
372 678 477 732 Noster
499 687 591 732 autem
603 679 691 751 ponis
710 686 736 732 et
754 679 830 732 calin
847 694 904 731 non
930 677 1003 733 ticae
1021 678 1207 748 deprehendi,
1226 685 1376 753 antequam
1395 682 1509 738 calicem
1527 683 1674 754 acciperet,
1693 684 1766 740 sicut

62 766 181 837 msr'lshet
199 767 285 836 pum
295 772 419 835 propter
438 763 580 819 Christum
596 766 627 819 in
645 766 732 835 spicis
749 772 775 818 et
793 766 824 818 in
841 783 903 819 sar·
930 762 1013 818 etiam
1037 763 1120 820 hodie
1146 764 1286 821 veneficae
1308 774 1497 823 consecratam
1518 768 1636 824 hostiam
1658 770 1698 824 ori
1722 787 1764 828 so·

62 853 163 907 mentis
179 853 313 921 lipotum,
339 852 412 905 aaut
429 851 478 906 illi
493 851 650 921 desipiunt,
676 853 729 905 sed
746 859 825 905 certa
842 868 904 905 con·
930 848 989 905 lent
1019 850 1138 905 eximere
1170 850 1323 922 eademque
1351 850 1387 907 ad
1414 854 1536 927 magicas
1563 854 1765 912 incantationes

62 940 222 994 serratime
247 939 380 1007 mysticus
400 940 437 1009 fit
460 940 553 1007 noth,
584 956 640 992 non
664 939 793 991 noscitur
813 939 904 994 etc.ibi
930 935 1019 1004 abuti,
1038 954 1072 992 ex
1090 938 1146 1007 quo
1165 942 1258 992 tamen
1275 940 1436 1011 neutiquam
1454 940 1549 1012 colligi
1566 947 1667 1012 potest,
1683 943 1765 998 unius

62 1026 122 1082 Iao
144 1042 225 1081 serm.
244 1031 270 1080 4.
289 1023 468 1096 quadrages:
493 1024 563 1079 Ciam
581 1027 624 1079 ad
641 1025 788 1092 rependam
805 1024 904 1089 inride-
930 1020 1019 1075 solum
1055 1023 1158 1093 speciei
1195 1039 1275 1078 usum
1309 1024 1339 1078 in
1374 1026 1475 1080 nostris
1505 1026 1628 1082 ecclesiis
1659 1027 1764 1086 haberi.

64 1113 172 1167 &utem
202 1128 285 1164 suom
309 1112 416 1164 nostris
445 1113 569 1166 audeant
596 1110 731 1166 interesse
756 1111 903 1179 mysteriis,
930 1106 1158 1179 Theophylactus
1183 1110 1212 1164 in
1229 1126 1253 1165 c.
1273 1116 1315 1167 26.
1336 1110 1433 1167 Matth.
1451 1111 1549 1181 refert,
1575 1115 1766 1182 puod'Judos

64 1207 103 1253 ita
120 1199 152 1252 in
169 1205 410 1252 sacramentorum
428 1199 666 1252 communicasse
684 1204 852 1267 temperant,
872 1205 904 1250 ut
931 1202 1074 1264 occeptum
1087 1211 1191 1264 panem
1209 1197 1424 1251 eucharisticum
1441 1199 1590 1253 occultarit
1608 1206 1633 1253 ct
1644 1200 1767 1255 Judaeis

64 1287 206 1340 interdum
225 1283 312 1338 tutius
336 1283 452 1338 lateam.
498 1284 554 1337 Cre
579 1284 697 1353 indique
718 1283 826 1338 Christi
843 1298 903 1335 cor-
930 1296 986 1332 non
1012 1280 1074 1333 sine
1099 1281 1233 1336 irrisione
1259 1284 1392 1352 mapistri
1415 1285 1462 1337 sui
1483 1286 1692 1354 monstraverit,
1714 1303 1765 1342 nec

61 1389 118 1444 pus
134 1371 290 1440 ommium,
306 1369 472 1438 morinen
490 1378 583 1424 autem
597 1365 902 1424 redenstionisnostrae
930 1371 1023 1419 amen
1048 1364 1114 1420 iude
1141 1369 1280 1437 seqnitur,
1309 1368 1385 1440 quod
1408 1386 1464 1425 non
1486 1368 1589 1425 biberit
1612 1388 1645 1427 ex
1669 1370 1764 1428 calice.

65 1458 182 1513 tames
203 1457 314 1510 omnino
338 1455 500 1523 declinant5
523 1458 602 1524 quod
624 1456 689 1510 ideo
714 1462 835 1508 ommam
857 1471 903 1508 oo·
931 1458 954 1506 t.
971 1451 1129 1507 Potuerunt
1153 1452 1310 1510 Manichaei
1331 1470 1396 1510 cum
1410 1454 1560 1512 Catholicis
1584 1457 1613 1511 in
1631 1475 1688 1513 uns
1704 1474 1764 1530 spe·

65 1546 157 1602 bmus
168 1544 242 1598 scire
255 1543 478 1609 sanctiatemmt
489 1541 770 1611 rohishujurcemodi
781 1542 904 1596 homines
929 1537 971 1592 eie
989 1539 1107 1593 latenter
1132 1539 1350 1609 communicare,
1374 1541 1482 1596 etiamsi
1500 1541 1635 1598 Catholici
1653 1541 1765 1600 alterius

66 1640 91 1687 st
106 1632 153 1687 his
167 1629 386 1696 omnijestentur
402 1628 531 1698 indiciis,
549 1635 576 1681 et
594 1645 712 1697 quonam
730 1627 903 1697 deprehenso
929 1624 1032 1695 speciei
1048 1641 1130 1679 usum
1146 1624 1339 1697 adjungerent.
1376 1627 1503 1684 Breviter
1521 1646 1554 1685 es
1572 1629 1684 1686 incertis
1700 1647 1764 1686 con·

60 1718 155 1789 suerit
180 1716 324 1785 saerilepa
342 1714 500 1783 simulatio,
524 1715 616 1768 notati
633 1721 658 1768 et
671 1713 787 1784 proditi
803 1731 822 1768 a
839 1730 903 1767 san·
929 1711 1043 1780 jacturis
1069 1706 1204 1765 et'sactis
1231 1711 1420 1783 singularibus
1445 1732 1501 1770 non
1528 1722 1621 1787 potest
1646 1716 1681 1772 dc
1704 1717 1764 1772 uhi·

68 1813 175 1860 eonem
198 1803 329 1856 commate
354 1800 530 1854 sacerdotali
553 1800 721 1854 oummdote
745 1799 903 1868 pellantur.
928 1796 1029 1851 venali
1057 1797 1258 1854 consuetudine
1286 1799 1442 1870 primitivae
1465 1787 1608 1858 ‘ecclesiae
1634 1803 1765 1875 judicari,

69 1893 129 1948 Hoc
151 1890 255 1946 Leonis
278 1888 465 1944 testimonium
491 1887 650 1959 expendens
675 1876 777 1943 Petrus
802 1885 903 1942 eSote
929 1883 1016 1938 multo
1052 1883 1144 1939 miuus
1179 1883 1344 1941 institutioni
1370 1885 1474 1944 Christi
1504 1889 1657 1961 quidquam
1685 1890 1764 1947 deoc·

68 1979 96 2034 in
119 1976 210 2035 instit.
250 1975 392 2048 Dillingae
420 1973 561 2046 praelecta
586 1979 615 2029 et
640 1974 776 2044 impressa
799 1971 902 2040 scribit,
930 1970 1003 2026 dere.
1311 2045 1312 2049 ἵ

69 2072 166 2136 operte
191 2079 224 2117 eo
248 2062 373 2131 ostendi,
396 2050 651 2131 ouod'communio
668 2061 719 2113 sub
735 2077 794 2113 una
811 2060 902 2128 specie
970 2062 1013 2112 tt.
1048 2061 1072 2112 3.
1091 2055 1217 2112 Tertium
1235 2057 1423 2114 testimonium
1442 2059 1627 2117 Bellarminus
1645 2062 1717 2134 petit
1734 2065 1798 2119 ec&
1812 2063 1886 2110 vora

69 2147 216 2204 contraria
247 2156 312 2201 tunc
337 2147 428 2210 fuerit
458 2147 656 2201 consuetudini
686 2144 902 2200 Catholicoram.
928 2144 1019 2197 uariis
1034 2143 1150 2212 ritibus,
1170 2145 1221 2215 pus·
1238 2153 1335 2214 aperte
1353 2152 1487 2200 testentur
1506 2165 1586 2201 usum
1603 2151 1687 2203 unius
1704 2167 1765 2220 spe·
1778 2119 1889 2222 iiuissin

69 2235 126 2294 llec
151 2235 242 2290 solnm
263 2234 292 2288 in
316 2232 485 2288 Municbseis
511 2232 673 2298 haereticis,
697 2232 747 2288 sed
770 2230 853 2287 etiam
874 2231 903 2284 in
929 2230 991 2285 cici.
1028 2230 1143 2284 Primus
1168 2231 1242 2285 ritus
1258 2239 1299 2286 est
1316 2233 1472 2287 memora
1489 2235 1676 2306 recrementi,
1693 2222 1875 2305 quaem*

69 2320 267 2394 superstitiosis
290 2318 456 2376 Christianis
479 2318 634 2375 communio
658 2319 711 2374 snb
735 2334 792 2373 una
810 2317 903 2388 specie
929 2333 986 2369 non
1003 2316 1084 2369 habet
1100 2317 1207 2385 locum,
1226 2319 1285 2372 nisi
1302 2325 1409 2372 tantum
1427 2319 1457 2372 in
1475 2322 1567 2388 specis
1580 2321 1676 2389 ponis.
1712 2320 1765 2376 Re·
1778 2275 1857 2374 iiiiii

67 2410 121 2467 fnit
143 2407 315 2479 improbata,
342 2412 375 2462 ut
400 2406 521 2462 ostendit
548 2407 689 2462 decretum
718 2403 823 2460 Celasii
841 2420 902 2474 cap.
930 2401 1111 2473 spondemus:
1151 2409 1173 2460 1.
1203 2403 1272 2474 quid
1303 2404 1339 2459 de
1370 2405 1555 2461 asservatione
1585 2376 1896 2470 eucharistiaeiiiiioi',

69 2494 258 2566 Comperimus
299 2492 363 2548 dist.
398 2498 422 2550 2.
457 2493 492 2548 de
528 2509 662 2549 comeum:
704 2490 903 2562 Comperimus,
930 2488 1107 2543 statuendum
1125 2490 1169 2558 sit,
1187 2489 1350 2561 dispiciatur
1369 2490 1492 2548 inferius.
1522 2492 1555 2548 In
1575 2492 1693 2548 ecclesia
1710 2508 1766 2549 non

69 2582 146 2653 quod
174 2580 292 2650 quidam
328 2587 422 2633 sumta
451 2580 641 2634 tantummodo
672 2578 801 2647 corporis
828 2577 906 2630 socri
931 2574 998 2645 quid
1015 2573 1076 2640 fiat,
1105 2575 1154 2630 sed
1172 2577 1240 2648 quid
1256 2576 1317 2632 fieri
1336 2577 1443 2646 debeat,
1459 2578 1663 2649 respiciendum
1680 2596 1713 2635 ac
1731 2579 1767 2637 de

65 2666 199 2739 portione
242 2682 263 2718 a
301 2666 391 2720 calice
437 2666 547 2720 sacrati
587 2664 698 2718 cruoris
739 2662 904 2730 mnineant,
930 2661 1059 2717 omnibus
1080 2662 1162 2717 iactis
1187 2664 1350 2734 praesertim
1373 2663 1589 2736 particularibus
1612 2681 1646 2721 ex
1670 2683 1768 2722 norma

69 2754 203 2826 quonium
238 2752 332 2807 nescio
365 2770 423 2822 pua
455 2751 652 2822 superstitione
687 2752 821 2804 decenam
852 2751 905 2803 ad·
931 2748 1010 2804 rerhi
1035 2748 1122 2804 divini
1135 2749 1328 2820 judicandum.
1366 2750 1431 2808 Jam
1456 2767 1522 2807 sero
1539 2749 1665 2808 Christus
1684 2752 1767 2809 bene·

70 2841 175 2911 strinpi
193 2844 247 2894 etc.
932 2836 1036 2891 dictum
1053 2851 1154 2906 punem
1178 2852 1234 2891 non
1255 2836 1340 2906 jussit
1357 2838 1507 2904 asservari,
1530 2837 1579 2894 sed
1597 2835 1767 2897 manducari

11 2950 50 2984 sss
105 2933 147 2983 59.
177 2931 202 2982 t.
213 2923 328 2978 Deinde
342 2921 597 2992 (aitBellarmiuus)
609 2924 796 2978 testimonium
807 2922 907 2976 caede
933 2929 957 2979 2.
974 2923 1159 2994 Temporibus
1178 2920 1321 2993 Cypriani,
1339 2923 1498 2995 Augustini,
1518 2923 1681 2996 Hieronymi
1702 2925 1769 2981 satis

10 2993 51 3093 {¹3²
72 3012 207 3068 motem
222 3010 322 3066 haberi
332 3017 429 3079 potest
445 3026 477 3064 ec
490 3011 597 3063 duotm
608 3009 765 3064 illustribus
777 3008 909 3078 eaensptis
932 3015 1042 3066 mature
1059 3009 1172 3080 quidam
1191 3008 1295 3064 abusus
1314 3009 1343 3063 iu
1363 3009 1508 3066 ecclesiam
1527 3011 1705 3083 irrepserunt,
1721 3011 1768 3083 qui

10 3105 50 3139 Μ
71 3099 275 3154 haereticarum
305 3096 453 3162 fraudum
499 3095 605 3150 Scribit
629 3095 795 3150 &somenae
814 3095 860 3152 lit.
883 3098 907 3150 8.
933 3112 966 3150 er
993 3095 1084 3165 prima
1109 3094 1284 3151 institutione
1311 3095 1470 3168 corrigendi
1495 3101 1570 3154 sunt.
1611 3090 1769 3169 Cyprianus

71 3188 132 3242 hist.
150 3203 175 3240 c.
192 3189 218 3238 5.
239 3191 266 3238 et
281 3183 459 3252 Nicophanes
472 3182 518 3238 lib.
533 3185 576 3252 13,
594 3200 617 3238 c.
632 3185 654 3237 7.
671 3183 807 3246 feminam
821 3199 908 3251 psan-
933 3198 1012 3237 serm.
1033 3181 1068 3236 de
1085 3181 1170 3251 lapsis
1190 3188 1393 3246 commemorat,
1413 3182 1567 3237 nonnullos
1586 3183 1769 3240 mulierculas

70 3275 137 3328 darn
159 3270 330 3325 hamaticum
350 3269 605 3339 Macedonianum,
632 3286 693 3323 cum
718 3269 801 3323 uellet
819 3276 908 3336 tepere
934 3267 1132 3321 eucharistiam
1155 3267 1188 3320 in
1205 3267 1312 3320 arculis
1335 3275 1361 3321 et
1379 3268 1543 3340 strophiolis
1560 3285 1707 3323 memore
1725 3288 1768 3326 so-

10 3359 151 3415 ¹tttsoem
169 3357 300 3412 haereas
318 3363 344 3410 et
360 3373 390 3410 ss
411 3356 586 3411 Catholicom
603 3356 747 3425 simulare,
766 3355 907 3424 accepshse
933 3354 1007 3408 litae
1041 3353 1178 3409 Basouius
1203 3359 1268 3408 tom.
1288 3358 1313 3408 1.
1336 3353 1408 3408 anal.
1427 3361 1468 3412 57.
1485 3354 1582 3425 refert,
1608 3356 1684 3427 apud
1703 3355 1768 3412 Hie-

71 3447 100 3501 irs
128 3445 258 3500 manibus
289 3443 486 3511 chrysostomo
520 3443 611 3497 sacris
641 3448 775 3511 operante
802 3457 907 3510 panem
932 3456 1078 3510 ronymum
1106 3437 1216 3502 haberi,
1246 3441 1324 3508 quod
1347 3441 1427 3494 noris
1455 3441 1567 3510 sponsis
1596 3441 1768 3497 moharistio

71 3531 260 3588 eucharistiae
287 3537 423 3598 tanquam
447 3529 539 3599 paulo
561 3536 627 3598 post
650 3529 732 3582 illum
754 3529 907 3581 manduca·
933 3527 1019 3580 misso
1045 3526 1134 3590 fuerit
1165 3526 1243 3578 domi
1266 3528 1409 3584 sumendo.
1454 3527 1625 3584 ”Formam
1650 3528 1768 3599 admini-

71 3627 178 3688 turom,
208 3618 261 3672 sed
288 3616 362 3670 clam
389 3616 502 3669 dedrhse
525 3615 607 3669 illum
629 3615 752 3669 ancaiae
775 3621 802 3668 et
819 3614 854 3666 ad
872 3631 907 3666 ea
933 3611 1039 3666 strandi
1064 3610 1259 3666 eucharistiam
1277 3611 1436 3668 Moscoritis
1460 3614 1591 3671 usitatam
1607 3616 1646 3672 sic
1664 3616 1767 3673 descri-

69 3707 203 3761 sumsisse
221 3719 325 3774 panem
346 3703 515 3773 profanum,
541 3718 621 3771 quon
641 3718 675 3755 ea
693 3702 776 3754 domo
795 3700 910 3765 auferri
933 3698 976 3754 hit
995 3697 1154 3752 Alexander
1171 3695 1338 3770 Guagninus
1361 3700 1530 3757 Veronensis
1549 3719 1634 3776 eques
1653 3707 1767 3759 auratus

64 3794 202 3863 juram,
219 3798 251 3844 ut
267 3791 348 3844 illum
356 3789 458 3859 polam
471 3787 698 3842 comederetloco
711 3786 907 3851 eucharistiae,
933 3783 962 3838 in
993 3783 1179 3855 descriptione
1210 3784 1364 3842 Sarmatiae
1394 3785 1542 3856 Europaeo
1567 3787 1604 3844 de
1634 3788 1768 3862 religione
1860 3800 1864 3805 '

70 3881 121 3933 sed
150 3895 214 3933 sam
235 3893 340 3947 ponem
369 3876 501 3929 continuo
527 3876 558 3929 in
586 3874 712 3944 lapidem
736 3888 907 3929 conuersum.
933 3868 1146 3924 hioscoriturum
1179 3870 1356 3942 omniumque
1387 3871 1559 3929 Rutenorum
1591 3874 1621 3930 in
1645 3890 1706 3945 cap.
1732 3873 1768 3931 de

71 3967 152 4036 Erpa
169 3965 258 4019 moris
268 3963 341 4033 fuit,
357 3969 388 4015 ut
407 3963 582 4032 acciperent,
604 3961 655 4031 qui
670 3959 785 4028 cedent,
809 3960 907 4013 eucho-
933 3973 986 4011 usu
1012 3956 1135 4012 cuchen:
1155 3956 1350 4011 ¹Sacramenta
1376 3959 1562 4015 eucharistiae
1589 3960 1694 4015 Ruteni
1716 3960 1768 4017 sub

71 4053 182 4107 mistiam
204 4050 256 4104 suh
277 4067 335 4103 susa
359 4056 466 4102 tantum
482 4048 592 4117 specie,·
617 4054 648 4100 at
664 4047 692 4099 si
708 4063 801 4101 omnes
818 4047 909 4100 conca
932 4052 1052 4112 saroqrse
1069 4043 1161 4111 speeie
1178 4051 1302 4111 utuntur,
1322 4044 1407 4098 aliud
1423 4055 1514 4100 auum
1528 4062 1586 4116 pro
1604 4047 1724 4114 infirmis
1740 4057 1768 4104 et

70 4140 193 4204 fument
211 4137 302 4189 bidem
320 4137 356 4189 cie
372 4134 460 4188 colice
480 4135 611 4197 Domini,
639 4133 740 4187 mulier
758 4133 813 4186 illa
827 4132 908 4187 nullo
933 4131 1017 4184 aliud
1031 4146 1086 4199 pro
1099 4129 1365 4184 communicantibus
1378 4130 1529 4186 secundum
1541 4133 1767 4189 conmtuiiinem

71 4227 155 4280 modo
183 4223 318 4277 simulare
342 4220 486 4292 potuisset.
534 4221 664 4274 Alterum
690 4219 844 4287 exemplum
867 4228 908 4273 est
932 4217 1041 4269 habent.
1080 4216 1141 4269 Pro
1167 4214 1288 4283 infirmis
1314 4224 1517 4270 sacramentum
1540 4218 1571 4273 in
1594 4219 1767 4276 hebdomade

72 4313 152 4382 apud
171 4312 433 4365 emoriens.
452 4306 710 4378 quadrupuhide
728 4305 908 4359 Manichaeis
932 4319 1037 4372 mapsa
1059 4308 1124 4356 ante
1142 4303 1252 4371 pascha
1274 4304 1321 4357 die
1345 4304 1427 4358 Joois
1450 4312 1640 4360 consecratam
1656 4307 1684 4360 in
1701 4312 1766 4363 uass

73 4399 186 4462 dicitur,
204 4414 252 4451 eos
267 4405 298 4450 ut
313 4395 443 4450 hemerin
457 4412 538 4448 suam
549 4400 679 4463 teperent,
694 4408 799 4462 panem
811 4393 908 4446 eucha-
931 4391 1036 4444 mundo
1052 4404 1107 4459 per
1124 4389 1262 4456 interram
1283 4406 1386 4443 annum
1405 4399 1540 4448 servatur.
1576 4394 1655 4446 Dum
1674 4403 1767 4448 autern

74 4485 170 4541 notice
196 4499 304 4538 sumen
329 4483 427 4537 solitm
453 4499 515 4535 cum
536 4481 703 4543 Catholicis,
730 4496 786 4533 non
802 4487 907 4532 tantum
932 4478 966 4531 id
991 4478 1126 4530 sacrdos
1149 4493 1204 4546 pro
1232 4477 1344 4545 infirmo
1366 4478 1484 4531 daturus
1506 4486 1561 4543 est,
1589 4487 1647 4534 tum
1661 4498 1768 4550 porum

75 4574 190 4628 calicem
220 4571 320 4625 bitere
360 4567 583 4638 Respondemus:
615 4573 638 4624 1.
661 4565 815 4620 Concilium
838 4564 908 4620 Con·
932 4564 993 4617 sini
1018 4572 1044 4617 et
1072 4579 1165 4633 oquae
1190 4564 1304 4632 tepidae
1322 4563 1407 4617 addit
1419 4564 1685 4636 portiunculamque
1702 4567 1768 4621 tene

74 4659 225 4714 moriame
243 4655 378 4724 concedit,
398 4655 428 4709 in
446 4655 586 4724 primitiva
605 4652 723 4710 ecclesia
740 4652 909 4706 communio·
934 4650 1119 4704 humectatum
1145 4657 1260 4717 aeoroto
1287 4649 1430 4703 cochleari
1457 4652 1492 4703 de
1521 4651 1609 4706 calice
1635 4652 1767 4722 porripit.

75 4763 135 4802 nem
158 4743 212 4798 sub
236 4749 354 4813 utraque
373 4741 465 4812 specie
489 4742 619 4813 riguisse.
663 4745 687 4796 2.
705 4737 909 4808 arripiamus
935 4736 971 4792 si
991 4745 1083 4790 autem
1101 4751 1176 4805 puer
1198 4735 1325 4804 infimus
1335 4736 1443 4805 suerit,
1467 4738 1540 4791 adeo
1561 4746 1592 4792 ut
1608 4757 1664 4792 non
1679 4738 1769 4808 possit

75 4831 218 4906 egregium
236 4828 306 4884 illud
324 4827 473 4888 Cassandri
490 4827 519 4881 in
540 4829 684 4882 consultat.
703 4832 752 4881 art.
762 4831 809 4881 22:
831 4824 909 4879 Satis
935 4824 971 4876 cle
985 4838 1060 4890 pone
1077 4839 1197 4890 summe,
1226 4829 1291 4875 tunc
1310 4823 1475 4891 infunditur
1492 4823 1520 4877 ei
1534 4833 1612 4893 putta
1629 4825 1690 4879 oiri
1705 4843 1768 4880 con·

55 4925 243 4989 'mmpertum
271 4924 321 4984 est,
351 4914 539 4970 universalem
571 4913 677 4967 Christi
705 4912 851 4966 ecclesiam
878 4911 909 4964 in
934 4909 1039 4962 sacrati
1054 4909 1086 4961 in
1102 4925 1133 4961 os
1152 4910 1186 4961 de
1205 4908 1301 4964 calice.
1342 4909 1402 4962 Pro
1423 4911 1686 4966 communicantibus
1701 4926 1768 4966 uero

75 5006 143 5060 hunc
164 5019 251 5073 saque
269 5004 358 5073 diem,
383 4999 585 5057 occidentalem
602 5015 667 5053 uero
684 5017 733 5053 scu
752 5001 909 5053 Ronsanam
934 4996 1083 5049 secundum
1101 4995 1326 5049 eonomudioem
1343 5003 1556 5063 sacramentum,
1574 4998 1641 5051 dum
1657 5015 1769 5054 sacrum

75 5093 150 5147 mille
168 5091 292 5162 amplius
310 5090 393 5144 annm
411 5106 430 5142 a
449 5085 559 5141 Christo
577 5081 608 5135 in
622 5084 732 5138 solenni
737 5064 991 5156 praesertimisioe
1010 5081 1126 5147 litarpic
1141 5081 1306 5151 perapitur,
1331 5089 1525 5146 consecratur,
1544 5085 1621 5151 quod
1635 5087 1770 5141 sacerdos
1851 5122 1856 5143 t

74 5189 97 5234 st
117 5178 272 5235 ordinaria
289 5177 375 5247 hujus
392 5170 562 5229 sacramenti
579 5168 785 5236 dispensatione
803 5180 909 5225 saram·
934 5167 1076 5223 cochleari
1098 5183 1131 5220 eu
1157 5167 1246 5220 calice
1269 5167 1299 5219 in
1312 5168 1511 5238 portiunculae
1529 5169 1650 5223 minutas
1670 5173 1768 5227 redac-

75 5284 126 5338 qus
143 5265 232 5336 panis
254 5270 281 5317 et
303 5263 363 5318 uini
383 5260 503 5332 speciem
528 5252 654 5309 omnibu
676 5257 809 5311 ecclesiae
826 5273 907 5311 mem
934 5263 992 5308 tum
1009 5261 1035 5307 et
1049 5253 1115 5306 uino
1134 5253 1310 5307 commistum
1334 5254 1598 5309 communicantibus
1618 5257 1768 5314 ds'stribtsit.

75 5354 136 5406 tris·
150 5351 320 5416 echihussse,
338 5349 371 5402 iot
384 5349 463 5417 quod
482 5362 515 5398 es
531 5340 683 5394 mnumeris
700 5349 821 5397 ramum
840 5342 908 5397 seri·
936 5342 1072 5413 (Apparet
1089 5355 1122 5394 ex
1141 5338 1195 5394 hac
1214 5339 1362 5407 relatione,
1379 5346 1525 5410 utramque
1544 5341 1663 5412 speciem
1681 5361 1768 5400 asser·

70 5448 194 5508 prorum,
211 5445 272 5490 tam
296 5434 470 5490 Graecorum
490 5443 573 5500 quam
590 5425 770 5493 Latinorum,
788 5430 909 5483 unimo-
935 5426 995 5482 r'ari
1021 5426 1088 5482 olim
1110 5425 1226 5480 solitam.
1269 5427 1340 5482 ltem
1364 5426 1430 5481 rina
1457 5425 1540 5481 etiam
1561 5428 1590 5483 in
1606 5430 1769 5502 septentrio·

74 5526 130 5579 niis
148 5523 329 5592 manifestum
349 5529 397 5578 est.
432 5525 456 5576 ³.
474 5516 610 5580 Tempore
631 5511 831 5586 Chrysostomi,
852 5530 908 5586 quo
937 5514 1045 5571 aclibus
1071 5510 1559 5583 lmhhuheri.)**1siltbsltoitli,
1586 5514 1635 5587 qui
1652 5514 1768 5588 Amphi·
