4004 6022
220 239 282 298 430
786 222 909 284 LOCUS
927 219 1132 282 wasemes
1150 220 1349 279 SECUNDUS

220 387 271 440 illa
295 385 418 440 nondum
440 382 571 439 habuerit
589 384 694 448 locum,
720 383 829 437 desinat
845 380 1056 451 amplitudinem
1086 377 1206 449 Anglia,
1229 375 1360 444 Palania,
1378 373 1526 442 Bchemis,
1544 371 1671 447 ngaria
1688 381 1741 432 etc.
1759 374 1879 432 liberum
1894 381 1923 431 et

221 472 295 525 illius
325 488 392 525 suae
421 470 554 525 ecclesiae
580 486 718 539 arrogare.
764 476 787 522 7.
813 466 980 537 Gregorius,
1011 464 1059 536 qui
1085 465 1229 534 publicum
1245 464 1323 536 viget
1342 464 1520 536 evangelicae
1536 463 1677 534 religionis
1695 463 1874 532 exercitium,
1895 468 1923 518 et

221 574 286 612 cum
311 556 426 612 orientis
452 564 480 609 ct
503 555 653 611 occidentis
673 555 809 624 episeopis
826 553 921 608 literas
940 569 1058 606 commu·
1085 551 1178 621 plures
1203 550 1329 605 fortassis
1352 551 1381 604 in
1404 551 1458 604 illis
1482 550 1575 620 regnis
1594 557 1671 618 sunt,
1698 549 1746 620 qui
1766 549 1921 604 &manum

221 644 306 711 tavit,
338 643 449 697 titulum
476 642 660 704 anniversalis,
692 656 747 711 quo
764 640 907 693 Romanus
934 637 1059 708 pontifex
1084 635 1243 706 pontificem
1268 642 1462 705 exsecrantur,
1488 654 1573 707 quam
1596 636 1644 706 qui
1661 635 1740 690 illum
1758 641 1809 705 pho
1829 635 1921 690 catha

221 727 303 783 hodie
322 726 454 798 superbit,
472 732 569 780 contra
588 743 708 781 canones
720 733 835 791 veteres,
855 732 953 779 contra
964 741 1058 779 omnes
1070 764 1072 792 ,
1085 721 1154 777 liene
1175 722 1307 778 ecelesiae
1326 723 1417 792 capite
1437 729 1600 792 agnoscunt
1638 722 1696 777 Nec
1716 720 1834 789 sutficit,
1853 722 1920 775 mul-

222 815 365 881 ecolcsias,
390 819 487 868 coutm
513 811 565 866 Dei
589 813 718 879 verbum,
742 817 839 865 contra
857 811 948 880 ipsum
967 806 1126 889 Denmltas
1153 809 1295 864 Romnum
1318 808 1384 863 fidei
1410 808 1530 863 asseclas
1555 809 1583 862 in
1608 807 1664 862 illis
1681 806 1834 877 provinciis
1853 824 1920 870 csse,

222 918 282 955 esse
300 900 427 967 asseruit,
446 907 476 953 ut
494 917 527 953 cx
546 898 633 968 ipsius
653 897 777 967 epistolis
797 902 906 951 constat
926 903 950 951 8.
970 896 1055 950 Bern·
1070 895 1133 988 l⁸⁰¹d
1159 898 1299 965 oporteret
1321 894 1365 948 vel
1385 910 1479 948 omnes
1498 893 1543 948 vel
1561 893 1695 963 plurimos
1712 893 1783 947 tales
1803 909 1876 960 esse,
1898 894 1919 945 si

221 986 299 1040 hardi
317 986 499 1055 temporibus,
520 1000 592 1054 quac
606 1001 625 1037 a
642 983 769 1054 Gregorii
784 981 954 1053 temporibus
974 983 1058 1052 longo
1070 993 1071 1004 ¹
1083 981 1219 1034 ecclesiae
1244 980 1386 1034 Romanae
1410 979 1566 1049 amplitudo
1592 978 1657 1033 inde
1675 985 1748 1032 esset
1765 978 1918 1049 probanda.

220 1072 367 1126 intervallo
394 1072 513 1136 distant,
541 1086 644 1140 magns
670 1069 813 1123 doctrinae
836 1068 977 1123 inclinatio
998 1075 1058 1123 erat
1084 1066 1117 1118 ln
1141 1066 1246 1136 Anglia
1271 1074 1299 1120 et
1319 1065 1415 1119 Scotia
1432 1065 1619 1120 liemanenses
1635 1082 1692 1119 non
1709 1064 1816 1120 habent
1833 1064 1920 1133 publi-

220 1158 312 1225 iacta,
335 1157 444 1211 interim
467 1164 559 1211 tamen
578 1155 657 1208 Deus
682 1155 804 1209 servavit
821 1154 875 1208 sibi
894 1154 977 1209 etiam
997 1155 1057 1208 istis
1083 1168 1146 1205 cum
1175 1151 1317 1222 religionis
1344 1167 1411 1206 suae
1434 1151 1595 1206 exercitium
1619 1156 1690 1205 teste
1713 1150 1862 1205 Witalrero
1887 1151 1919 1205 de

219 1243 391 1312 temporibus
420 1261 512 1296 semen
537 1250 676 1305 sannam,
714 1247 746 1294 ut
776 1240 947 1294 ostendimus
976 1257 1055 1310 supe·
1083 1238 1149 1293 eccl.
1170 1257 1196 1308 q.
1215 1245 1239 1293 5.
1258 1255 1282 1291 c.
1302 1244 1325 1292 5.
1344 1255 1372 1307 p.
1392 1243 1450 1292 341.
1471 1255 1504 1291 ex
1524 1236 1624 1305 Dania,
1643 1236 1792 1307 Norvegia,
1813 1236 1918 1300 Suecis,

220 1330 286 1384 rius.
1068 1317 1220 1418 isarnum,
1261 1324 1404 1391 Holsatia,
1442 1324 1621 1392 Pomerania,
1658 1324 1776 1387 Hassis,
1811 1323 1919 1391 Missis,

257 1421 314 1472 itt.
352 1419 376 1470 2.
407 1410 599 1482 Progreditur,
614 1411 799 1465 Bellerminus
830 1417 858 1467 et
884 1413 920 1465 ad
943 1410 1251 1492 scopuijhuringia,
1272 1409 1438 1477 Hollsndia,
1461 1409 1609 1474 Zeluudia,
1627 1425 1731 1479 magua
1745 1408 1918 1476 Germaniae,

211 1500 335 1570 propius
358 1499 493 1552 accedens
512 1497 648 1567 gloriatur
668 1497 703 1551 de
720 1497 904 1566 amplitudine
923 1497 1057 1553 ccclesiae
1082 1496 1258 1567 Hungarias,
1284 1495 1448 1564 Bohemiae,
1472 1495 1605 1550 Polcniae
1628 1501 1656 1551 et
1674 1493 1823 1550 Helvetiae
1841 1501 1919 1566 parte
1931 1503 1994 1546 nst

219 1584 362 1640 Romanae
381 1583 523 1647 hodierna,
541 1584 619 1652 quod
631 1591 751 1651 practer
768 1583 887 1636 Italiam
908 1593 932 1636 ct
951 1585 1055 1653 Hispa·
1067 1557 1070 1605 Ι
1083 1591 1200 1653 papatus
1224 1581 1378 1636 emulatum
1404 1581 1482 1636 abire
1505 1581 1609 1651 jussus.
1655 1580 1734 1645 Quod
1759 1580 1854 1636 adhuc
1871 1583 1918 1637 ali-

218 1673 296 1726 niam
319 1679 419 1738 totam,
440 1676 558 1738 praeter
585 1667 714 1722 Galliam
732 1671 796 1734 sere
816 1676 917 1738 totam,
939 1614 1149 1740 praeterlquid
1182 1674 1313 1738 occupat,
1342 1666 1519 1738 amplissimis
1540 1667 1676 1722 reditibus
1701 1668 1917 1738 episcopamum

222 1757 420 1818 Germaniam,
440 1755 584 1823 Anpliam,
607 1755 766 1818 Poloniam
785 1755 958 1820 Bolremiam,
977 1724 1258 1815 Han-labbatiarum
1293 1760 1323 1810 et
1356 1753 1534 1824 collegiorum
1566 1753 1763 1809 canonicorum
1794 1755 1916 1810 debetur.

219 1844 341 1912 pariam,
364 1840 525 1908 Graeciam,
546 1840 669 1908 Syriam,
689 1842 878 1909 Aethiopiam,
894 1847 1055 1910 aeyyptum,
1083 1849 1106 1897 3.
1123 1843 1167 1897 De
1185 1849 1260 1897 statu
1277 1842 1457 1897 ecclesiarum
1475 1842 1504 1894 in
1523 1840 1658 1910 Graecia,
1685 1840 1780 1913 Syria,
1806 1842 1917 1897 Aethio·

220 1931 251 1982 in
275 1929 374 1997 qulbus
396 1928 573 1979 inveniuntur
594 1925 748 1994 Catholici,
773 1928 882 1996 inipso
902 1946 972 1981 nouo
991 1929 1056 1981 orbe
1081 1930 1141 1999 pie,
1166 1929 1299 1999 Aegypto
1322 1928 1427 1982 dictum
1450 1934 1493 1982 est
1516 1928 1651 1997 superius.
1688 1934 1712 1982 4.
1730 1928 1775 1982 De
1794 1928 1994 1997 ecclesiabus

220 2015 321 2068 lateat
354 2013 486 2067 ecclesias
511 2014 572 2065 eine
598 2013 768 2066 admistione
794 2014 998 2069 tranensium
1026 2015 1056 2068 in
1081 2015 1111 2067 in
1144 2031 1216 2069 novo
1251 2013 1318 2068 orbe
1350 2021 1466 2085 propter
1494 2012 1682 2084 jactabundas
1712 2019 1742 2068 et
1770 1988 1991 2084 perpetrasti?

222 2101 349 2154 omns’irss
373 2107 496 2168 quatuor
514 2100 614 2152 mundi
632 2100 779 2168 partibus,
810 2101 852 2153 aci
876 2103 1009 2154 orientem
1026 2103 1056 2154 in
1082 2100 1253 2156 Jesuitarum
1273 2099 1453 2171 gloriationes
1470 2099 1607 2170 quaedam
1620 2098 1673 2153 hoc
1685 2099 1746 2153 loco
1759 2100 1919 2155 annotanda
1930 2092 1979 2130 ⁰¹³⁸*

220 2187 323 2254 ludim,
341 2188 383 2238 ad
400 2187 568 2240 occidentem
582 2186 613 2238 in
630 2187 773 2255 Amce-ica,
791 2187 832 2239 ad
842 2187 1055 2255 septentrionem
1081 2193 1154 2240 sunt.
1198 2186 1242 2241 Ac
1269 2187 1360 2256 primo
1388 2185 1617 2256 distinguendum
1639 2185 1711 2240 inter
1733 2203 1794 2239 rem
1819 2187 1917 2255 ipsam,

218 2274 250 2326 in
275 2272 419 2340 Japonia,
443 2274 484 2324 ad
505 2272 652 2324 meridiem
676 2272 706 2324 in
723 2271 857 2324 Brasilia
875 2279 902 2323 ct
920 2273 1056 2325 exteriore
1081 2269 1211 2326 videlicet
1229 2271 1563 2326 conversionemillorum
1580 2271 1779 2341 insulanorum,
1801 2279 1830 2327 et
1848 2273 1918 2328 inter

216 2366 302 2428 parte
328 2359 459 2422 Africae.
497 2355 722 2427 Respondemus:
761 2365 783 2413 1.
803 2357 935 2422 Quamvis
961 2358 1053 2428 papis·
1081 2360 1124 2411 rei
1149 2360 1207 2414 sive
1232 2359 1418 2414 conversionis
1438 2361 1561 2414 modum.
1597 2358 1701 2429 Negsri
1719 2367 1795 2414 certe
1814 2361 1917 2430 nequit,

218 2461 279 2498 mus
305 2443 414 2497 ltaliam
448 2447 476 2498 et
501 2442 666 2512 Hispaniam
691 2447 779 2497 totam
809 2443 901 2497 adhuc
930 2449 1055 2513 occupet,
1080 2445 1193 2499 modum
1211 2444 1399 2501 conversionis
1416 2444 1503 2500 fuisse
1520 2445 1711 2514 tyrannicum,
1730 2445 1873 2500 crudelem
1891 2450 1918 2500 et

217 2547 273 2584 nou
293 2538 385 2585 tamen
407 2529 579 2593 dubitamus,
609 2529 692 2584 etism
711 2529 740 2582 in
759 2529 814 2582 illis
832 2530 925 2599 regnis
944 2532 973 2584 et
992 2546 1053 2598 pro·
1080 2529 1116 2583 ab
1135 2530 1286 2600 apostolico
1305 2530 1463 2602 longissime
1483 2531 1698 2601 discrepantem,
1717 2531 1747 2585 id
1766 2533 1841 2602 quod
1856 2550 1916 2603 pro·

217 2618 315 2671 vinciis
340 2616 399 2671 Deo
424 2614 518 2685 colligi
542 2614 692 2669 ecclesiam.
731 2615 915 2669 Producimus
934 2615 1053 2684 primum
1080 2615 1147 2685 priis
1165 2632 1198 2670 ec
1216 2616 1374 2672 domesticis
1393 2616 1614 2672 adversariorum
1628 2617 1794 2671 testimoniis
1810 2619 1915 2673 ostendi

216 2704 343 2770 infantes
368 2704 535 2772 baptizatos,
560 2703 608 2773 qui
626 2720 676 2773 per
694 2711 896 2758 sacramentum
915 2701 1053 2772 baptismi,
1080 2708 1178 2771 potest
1218 2702 1352 2757 Ludovic
1381 2702 1564 2757 Granatensis
1591 2702 1783 2774 conqueritur,
1810 2704 1913 2773 Hispu-

218 2792 293 2861 quod
333 2789 426 2860 quoad
452 2788 647 2843 substantialia
676 2789 816 2860 integrum
838 2787 1054 2853 administrmur,
1080 2805 1179 2841 uorum
1200 2788 1370 2842 nudetitate
1387 2805 1420 2842 eo
1438 2806 1499 2842 rem
1516 2792 1682 2858 dedentem,
1706 2797 1738 2842 ut
1755 2793 1837 2859 apud
1853 2808 1915 2858 pen·

218 2875 329 2930 Christo
356 2875 452 2928 inserti
483 2874 555 2929 fiunt
581 2873 733 2929 catholicae
763 2874 896 2930 ecclesiae
922 2874 1053 2929 membra.
1079 2881 1120 2927 tes
1145 2875 1285 2927 barbaras
1308 2876 1381 2928 adeo
1405 2876 1443 2928 sit
1469 2874 1695 2930 carantanorum
1718 2892 1820 2930 nomm
1843 2894 1915 2932 euse-

218 2962 264 3016 Illi
296 2978 352 3016 non
378 2960 517 3032 pertinent
546 2961 582 3015 ad
608 2960 752 3015 ecclesiam
770 2959 942 3028 Romanam,
963 2962 1054 3016 idest
1080 2960 1199 3027 arabile,
1229 2967 1259 3012 ut
1283 2961 1310 3013 si
1332 2962 1447 3028 mundo
1471 2963 1514 3013 cd
1538 2978 1585 3014 eos
1609 2962 1740 3016 mornacii
1759 2963 1914 3029 mittuntur,

217 3064 288 3111 eam,
307 3063 380 3116 quae
399 3046 526 3100 Romana
542 3046 674 3118 dogmata
690 3046 868 3116 amplectitur
885 3051 913 3101 et
929 3046 1053 3116 pontifici
1079 3062 1114 3098 ne
1131 3045 1198 3100 illos
1217 3046 1307 3099 simili
1324 3047 1391 3100 odio
1408 3048 1595 3116 detestentur,
1621 3064 1733 3102 necesse
1758 3049 1798 3101 sit
1815 3051 1913 3112 dicere

219 3133 344 3188 Romano
361 3131 503 3200 adhaeret,
520 3131 570 3187 sed
588 3132 624 3186 ad
644 3132 789 3188 ecclesiam
808 3131 986 3200 catholicam,
1007 3150 1052 3187 cu·
1079 3132 1146 3186 illos
1169 3131 1281 3200 quidem
1298 3149 1355 3185 nan
1373 3132 1564 3197 Christianos,
1587 3135 1638 3186 sed
1649 3141 1750 3202 patres
1769 3151 1844 3203 esse,
1869 3136 1916 3202 qui

214 3220 263 3290 jus
301 3219 402 3274 bonum
436 3217 576 3288 proprium
607 3224 650 3273 est
678 3217 810 3288 baptismi
840 3226 1052 3275 sacramentum.
1079 3220 1121 3271 ad
1148 3234 1244 3271 eorrnn
1272 3218 1392 3273 calmem
1421 3219 1580 3271 mandam
1608 3219 1749 3283 venerim,
1778 3235 1814 3273 ea
1844 3221 1915 3274 enim

218 3304 400 3359 Producimus
426 3302 549 3358 secundo
574 3302 635 3358 loco
657 3305 801 3374 simplices
824 3305 891 3359 iilos
917 3305 1052 3359 etruria
1079 3303 1259 3358 audelitatis
1280 3303 1455 3358 immanitate
1475 3305 1623 3373 Hispanos
1648 3322 1717 3373 erpa
1739 3306 1809 3360 illos
1826 3307 1914 3371 fuisse

216 3408 282 3455 nos,
309 3391 358 3462 qui
379 3390 594 3460 profunditates
613 3390 739 3444 &tanae
752 3391 842 3461 Apoc.
864 3396 894 3460 2,
917 3408 943 3446 v.
963 3396 1005 3447 24.
1024 3396 1052 3446 et
1078 3408 1154 3459 usos,
1179 3397 1210 3443 ut
1233 3390 1440 3444 sanctissimum
1462 3391 1619 3450 Christiani
1635 3408 1734 3445 nomen
1752 3410 1809 3446 non
1822 3394 1912 3460 pieta

219 3478 382 3546 mysterium
406 3476 566 3544 iniquitatis
590 3481 614 3532 2.
638 3475 734 3532 Thess.
758 3483 789 3546 2,
814 3495 840 3531 v.
861 3483 885 3532 7.
903 3493 956 3531 nec
973 3477 1052 3532 intel·
1078 3478 1114 3530 tis
1145 3483 1171 3530 et
1198 3476 1361 3545 relipionis,
1393 3478 1446 3530 seii
1471 3476 1651 3530 crudelitatis
1676 3486 1702 3532 et
1729 3480 1912 3533 immanitatis

216 3563 310 3634 ligunt
331 3578 384 3616 nec
403 3566 515 3623 curant,
543 3561 592 3615 sed
611 3561 788 3632 decalogum,
812 3562 969 3631 symbolum
986 3580 1052 3633 apo·
1078 3579 1177 3617 nomen
1207 3562 1331 3616 latium
1358 3563 1404 3617 sit.
1445 3561 1675 3618 Bartholomaeus
1699 3564 1734 3619 de
1760 3564 1802 3618 las
1829 3564 1912 3620 Casas

217 3648 359 3715 stolomm,
378 3645 522 3699 historiam
540 3646 676 3715 passionis
687 3647 851 3703 Dominicse
867 3653 896 3702 et
907 3648 1051 3717 pericopas
1078 3649 1224 3718 episeopus
1242 3647 1385 3719 Hispanus
1402 3636 1548 3718 memorat,
1577 3651 1741 3705 Per-riarium
1761 3659 1787 3705 et
1804 3653 1912 3706 ticinen

216 3732 393 3804 evangelicas
435 3731 541 3786 sincere
577 3733 775 3802 amplectentes
811 3733 840 3787 in
875 3732 1052 3803 simplicitate
1077 3735 1206 3803 repiones
1229 3738 1302 3789 adeo
1326 3743 1452 3789 vastatas
1469 3752 1540 3803 esse,
1566 3744 1597 3789 ut
1616 3738 1757 3791 bominum
1775 3739 1818 3791 bis
1834 3739 1910 3792 milis

217 3819 282 3874 fidei
298 3817 472 3873 Christianae
490 3818 670 3889 acquiescunt
687 3825 740 3876 etc.
771 3819 953 3874 Producimus
969 3819 1051 3875 tertio
1077 3821 1221 3889 myriades
1260 3821 1393 3874 incredita
1421 3822 1545 3888 feritate
1578 3839 1737 3890 paenorum
1773 3840 1909 3879 ananum

215 3904 277 3959 loco
299 3903 375 3973 illos,
402 3903 450 3974 qui
472 3904 502 3958 in
524 3922 613 3973 spone
636 3905 734 3958 mortis
751 3922 853 3958 uanam
869 3905 1051 3974 propriorum
1076 3907 1170 3974 spatio
1193 3907 1229 3959 ab
1253 3907 1395 3975 Hispanis
1418 3908 1476 3960 sint
1500 3906 1594 3960 deleti.
1632 3907 1745 3978 Lipsius
1764 3908 1813 3965 lib.
1832 3917 1857 3967 2
1877 3911 1910 3966 de

215 3991 377 4044 meritorum
406 3992 541 4056 fiduciam
571 3990 709 4060 abjiciunt
741 4006 774 4044 ac
802 3989 832 4044 in
859 3991 918 4047 solo
942 3991 1051 4047 Christo
1076 3998 1212 4049 coustant,
1235 4009 1259 4046 c.
1286 3998 1332 4048 22:
1369 3994 1495 4046 Pauculi
1521 3994 1600 4048 Iberi
1628 4003 1693 4049 ante
1714 4013 1804 4051 annos
1827 4001 1863 4051 80
1882 4001 1910 4052 in

215 4092 281 4131 sera
300 4075 355 4130 fide
372 4077 544 4146 recumbunt,
564 4072 610 4146 qui
630 4093 661 4132 re
678 4075 739 4147 ipsa
752 4076 937 4146 experiuntur,
955 4077 1050 4133 huma·
1075 4088 1171 4134 uastae
1199 4079 1268 4134 illac
1294 4087 1320 4134 et
1347 4097 1434 4135 nouas
1457 4087 1551 4134 terras
1577 4081 1681 4149 adali,
1712 4099 1786 4150 qssae
1806 4086 1910 4148 funera

215 4178 265 4216 nas
288 4162 450 4217 traditiones
475 4168 503 4217 et
528 4161 669 4217 doctrinas
686 4161 723 4216 ad
741 4162 956 4218 consolationem
974 4163 1049 4218 inva-
1075 4167 1093 4234 (
1095 4167 1174 4219 Deus
1194 4165 1280 4233 hone)
1299 4167 1460 4231 ediderunt,
1479 4182 1550 4234 quus
1569 4168 1697 4234 strapas!
1722 4185 1773 4222 nec
1792 4173 1828 4224 de
1846 4190 1910 4226 eau-

215 4246 286 4301 lidss
310 4265 384 4314 esse,
409 4248 510 4319 quibus
535 4248 558 4301 si
581 4265 653 4318 quae
671 4265 792 4303 errormn
810 4249 930 4320 stipulae
947 4250 1048 4306 adhae-
1075 4254 1115 4305 sis
1132 4261 1181 4307 aut
1198 4254 1264 4321 iure
1281 4253 1351 4307 belli
1368 4253 1485 4317 dureo,
1500 4262 1609 4307 tantun
1626 4256 1662 4307 de
1680 4256 1789 4310 euentm
1821 4259 1910 4313 Cerno

152 4406 155 4413 ἱ
215 4339 288 4402 rent,
328 4333 393 4388 illae
422 4335 511 4389 crucis
544 4340 572 4390 et
605 4336 765 4390 tentationis
794 4337 859 4407 igne
889 4345 1048 4393 exuruntur.
1075 4340 1173 4409 inpane
1196 4340 1274 4394 illud
1298 4348 1439 4393 terrarum
1462 4339 1587 4408 spatium
1608 4343 1704 4408 (quod
1725 4343 1831 4397 officere
1854 4363 1909 4398 ma-

206 4416 398 4497 'Producimus
425 4425 524 4491 quarto
551 4420 611 4475 loco
638 4423 812 4485 consessores
837 4423 904 4477 silos
927 4431 954 4476 et
975 4441 1048 4477 mar-
1074 4444 1158 4492 paura
1185 4427 1236 4488 sit,
1261 4443 1318 4479 non
1344 4425 1437 4479 dicam
1454 4427 1571 4494 emisse)
1590 4442 1609 4478 a
1625 4426 1729 4481 amenis
1745 4429 1910 4499 tricenisque

214 4512 300 4572 tyrse,
331 4523 448 4577 quorum
478 4505 540 4575 rogi
569 4505 712 4575 publicum
739 4506 881 4564 doctrinae
906 4509 1047 4564 sinceriori
1074 4511 1209 4564 militibus
1235 4512 1362 4580 pervadi
1389 4519 1416 4565 et
1437 4512 1547 4579 passim
1575 4512 1696 4566 inermes
1722 4514 1790 4568 illos
1815 4533 1911 4585 prepes

213 4590 308 4645 ferunt
330 4592 524 4646 testimonium.
570 4591 628 4646 Nec
652 4592 825 4658 dubitamus,
850 4592 932 4665 longe
956 4596 1048 4662 plures
1073 4598 1172 4665 sterni,
1201 4604 1232 4651 ut
1260 4604 1378 4665 repetem
1401 4613 1421 4650 a
1438 4597 1527 4662 salse.
1565 4597 1617 4650 Ubi
1644 4606 1675 4652 tu
1699 4615 1729 4652 es
1752 4601 1911 4655 insularum

142 4680 145 4685 '
213 4677 250 4731 sd
287 4678 455 4746 agnitionem
493 4677 672 4748 evangelicae
702 4679 826 4734 veritatis
857 4686 1045 4750 perventuros,
1074 4683 1196 4737 manime
1225 4683 1323 4737 ansas
1362 4684 1404 4736 Tu
1436 4684 1555 4751 Heptat
1591 4685 1636 4737 Tu
1669 4685 1803 4740 menia!
1840 4704 1910 4755 qrme

214 4763 267 4816 nisi
287 4762 472 4834 inquisitionis
492 4764 617 4832 tyrannis
636 4763 806 4820 obstaretet
824 4765 876 4821 nisi
895 4767 1048 4825 electione
1073 4770 1141 4822 olim
1176 4770 1334 4836 quinpentis
1363 4777 1413 4823 aut
1445 4770 1580 4824 sescentis
1611 4771 1754 4825 hominum
1785 4772 1911 4827 millibus

213 4849 422 4920 Scripturarum
441 4867 463 4906 s.
479 4856 537 4904 tam
555 4850 661 4906 solicite
681 4852 800 4922 populus
818 4858 972 4921 arceretur,
995 4872 1046 4925 pro
1073 4855 1231 4909 succinctae
1259 4855 1331 4908 olibi
1351 4856 1396 4909 eis
1419 4857 1578 4924 quindecim
1602 4873 1635 4911 es
1652 4857 1689 4911 iis
1707 4859 1863 4913 retinuistis
1882 4861 1910 4914 in

212 4953 268 5007 quo
286 4937 431 5007 sacrilegio
448 4938 582 4993 rationem
599 4939 750 5010 aliquando
765 4940 890 5008 reddent,
910 4941 958 5012 qui
970 4941 1044 4997 illius
1072 4957 1172 4997 semen.
1213 4942 1333 4998 Ostende
1352 4941 1438 4996 etism
1457 4949 1483 4996 te
1494 4943 1648 5010 paululum
1665 4951 1695 4996 tu
1713 4945 1864 5015 Peruana,
1881 4955 1911 4998 tu

212 5030 277 5078 sunt
307 5030 433 5079 auctores
460 5028 489 5079 et
513 5025 676 5080 administri.
718 5027 828 5098 Vulgus
857 5027 1043 5097 promiscuum
1074 5027 1225 5079 Menicana
1257 5044 1329 5094 ora,·
1366 5027 1420 5081 lieu
1453 5028 1554 5082 miram
1582 5029 1768 5097 miseramque
1798 5031 1911 5100 faciens,

210 5106 240 5161 in
262 5115 369 5179 papatu
385 5112 475 5177 fidem
498 5112 667 5180 implicitam
689 5118 813 5167 sectatur
830 5129 917 5183 seque
934 5129 968 5168 ea
986 5132 1044 5171 cre·
1073 5114 1221 5165 immensus
1251 5113 1301 5167 ille
1331 5120 1438 5167 tractat
1467 5122 1493 5167 et
1523 5131 1586 5168 aare
1613 5116 1686 5170 aher
1713 5116 1789 5170 orbes
1815 5125 1912 5171 eadm

210 5194 276 5248 dere
294 5195 421 5265 affirmat,
441 5213 513 5267 quas
532 5197 659 5253 Romana
674 5198 791 5255 ecclesia
808 5199 905 5267 eredit,
928 5206 959 5255 at
975 5200 1044 5256 haec
1071 5200 1237 5267 attritasque
1271 5207 1404 5270 apparet,
1434 5217 1490 5255 non
1516 5201 1601 5256 ulier
1632 5217 1716 5269 msam
1745 5204 1773 5257 si
1800 5205 1913 5259 coelesti

209 5279 379 5335 carbonaria
406 5280 474 5338 fides
499 5285 621 5339 nondum
650 5285 771 5356 aliquem
800 5285 887 5339 eflicit
910 5285 1043 5342 ecclesiae
1071 5287 1193 5355 quodam
1216 5286 1279 5354 ipse
1301 5287 1496 5356 cleflaqrasset.
1531 5286 1669 5342 Referunt
1685 5287 1824 5358 hismrici,
1846 5306 1911 5344 eum

210 5365 377 5436 membrum,
411 5369 461 5424 sed
489 5372 616 5441 specialis
644 5376 674 5426 et
703 5372 834 5426 distimta
861 5371 1040 5427 articulorum
1069 5370 1138 5426 alias
1164 5371 1323 5428 Americeni
1358 5371 1489 5426 carnibus
1522 5372 1649 5426 humanis
1681 5378 1858 5429 vescerentur
1883 5383 1913 5431 et

208 5449 277 5507 fidei
290 5453 432 5520 ¹confessio
454 5457 614 5526 requiritur.
655 5463 680 5527 2.
699 5458 734 5512 ln
752 5456 917 5531 Germania,
942 5458 1043 5526 Gallis,
1068 5457 1198 5529 inprimis,
1212 5458 1342 5526 hostium,
1360 5458 1474 5515 tandem
1491 5465 1585 5514 amen
1603 5475 1651 5515 eos
1671 5458 1793 5516 noluisse
1806 5458 1912 5532 Hispa·
