<?xml version="1.0" encoding="UTF-8"?>
<!DOCTYPE html PUBLIC "-//W3C//DTD XHTML 1.0 Transitional//EN"
    "http://www.w3.org/TR/xhtml1/DTD/xhtml1-transitional.dtd">
<html xmlns="http://www.w3.org/1999/xhtml" xml:lang="en" lang="en">
 <head>
  <title>
</title>
<meta http-equiv="Content-Type" content="text/html;charset=utf-8" />
  <meta name='ocr-system' content='tesseract 3.04.00' />
  <meta name='ocr-capabilities' content='ocr_page ocr_carea ocr_par ocr_line ocrx_word'/>
</head>
<body>
  <div class='ocr_page' id='page_1' title='image "./lta-11000/locitheologicit03gerhgoog/locitheologicit03gerhgoog_0431.png"; bbox 0 0 4004 6022; ppageno 0'>
   <div class='ocr_carea' id='block_1_1' title="bbox 262 248 1385 327">
    <p class='ocr_par' dir='ltr' id='par_1_1' title="bbox 262 248 1385 327">
     <span class='ocr_line' id='line_1_1' title="bbox 262 248 1385 327; baseline -0.012 0"><span class='ocrx_word' id='word_1_1' title='bbox 262 267 323 327; x_wconf 80' lang='grc' dir='ltr'><strong><em>ιιι)</em></strong></span> <span class='ocrx_word' id='word_1_2' title='bbox 819 252 943 316; x_wconf 81' lang='lat' dir='ltr'><strong><em>LOCUS</em></strong></span> <span class='ocrx_word' id='word_1_3' title='bbox 962 248 1166 317; x_wconf 72' lang='lat' dir='ltr'><strong><em>mensurus</em></strong></span> <span class='ocrx_word' id='word_1_4' title='bbox 1185 249 1385 316; x_wconf 74' lang='lat' dir='ltr'>SECUNDUS</span> 
     </span>
    </p>
   </div>
   <div class='ocr_carea' id='block_1_2' title="bbox 52 404 1996 5568">
    <p class='ocr_par' dir='ltr' id='par_1_2' title="bbox 52 404 1996 5568">
     <span class='ocr_line' id='line_1_2' title="bbox 261 404 1960 484; baseline -0.005 -15"><span class='ocrx_word' id='word_1_5' title='bbox 261 434 324 469; x_wconf 80' lang='lat' dir='ltr'><strong><em>mun</em></strong></span> <span class='ocrx_word' id='word_1_6' title='bbox 342 432 474 482; x_wconf 81' lang='lat' dir='ltr'><strong><em>mapsam</em></strong></span> <span class='ocrx_word' id='word_1_7' title='bbox 492 413 593 466; x_wconf 82' lang='lat' dir='ltr'><strong><em>habeat</em></strong></span> <span class='ocrx_word' id='word_1_8' title='bbox 610 415 727 482; x_wconf 77' lang='lat' dir='ltr'><strong><em>speciem</em></strong></span> <span class='ocrx_word' id='word_1_9' title='bbox 741 416 874 484; x_wconf 89' lang='lat' dir='ltr'><strong><em>pietatis,</em></strong></span> <span class='ocrx_word' id='word_1_10' title='bbox 900 416 977 484; x_wconf 77' lang='lat' dir='ltr'><strong><em>quod</em></strong></span> <span class='ocrx_word' id='word_1_11' title='bbox 1002 430 1097 468; x_wconf 88' lang='lat' dir='ltr'><strong><em>coram</em></strong></span> <span class='ocrx_word' id='word_1_12' title='bbox 1124 413 1260 482; x_wconf 80' lang='lat' dir='ltr'><strong><em>allipato,</em></strong></span> <span class='ocrx_word' id='word_1_13' title='bbox 1288 412 1430 481; x_wconf 73' lang='lat' dir='ltr'><strong><em>strperjlua</em></strong></span> <span class='ocrx_word' id='word_1_14' title='bbox 1453 410 1545 479; x_wconf 76' lang='lat' dir='ltr'><strong><em>festa,</em></strong></span> <span class='ocrx_word' id='word_1_15' title='bbox 1571 408 1723 463; x_wconf 77' lang='lat' dir='ltr'><strong><em>discrimn</em></strong></span> <span class='ocrx_word' id='word_1_16' title='bbox 1741 404 1883 476; x_wconf 82' lang='lat' dir='ltr'><strong><em>ciborum,</em></strong></span> <span class='ocrx_word' id='word_1_17' title='bbox 1908 413 1960 460; x_wconf 83' lang='lat' dir='ltr'><strong><em>ton</em></strong></span> 
     </span>
     <span class='ocr_line' id='line_1_3' title="bbox 261 493 1959 568; baseline -0.005 -13"><span class='ocrx_word' id='word_1_18' title='bbox 261 502 419 555; x_wconf 82' lang='lat' dir='ltr'><strong><em>hominibus</em></strong></span> <span class='ocrx_word' id='word_1_19' title='bbox 441 501 521 568; x_wconf 88' lang='lat' dir='ltr'><strong><em>juste</em></strong></span> <span class='ocrx_word' id='word_1_20' title='bbox 548 500 642 553; x_wconf 85' lang='lat' dir='ltr'><strong><em>cicant</em></strong></span> <span class='ocrx_word' id='word_1_21' title='bbox 666 509 691 553; x_wconf 88' lang='lat' dir='ltr'><strong><em>ct</em></strong></span> <span class='ocrx_word' id='word_1_22' title='bbox 716 502 781 554; x_wconf 86' lang='lat' dir='ltr'><strong><em>bene</em></strong></span> <span class='ocrx_word' id='word_1_23' title='bbox 804 502 900 554; x_wconf 90' lang='lat' dir='ltr'><strong><em>omnia</em></strong></span> <span class='ocrx_word' id='word_1_24' title='bbox 924 502 960 554; x_wconf 90' lang='lat' dir='ltr'><strong><em>de</em></strong></span> <span class='ocrx_word' id='word_1_25' title='bbox 983 502 1047 552; x_wconf 84' lang='lat' dir='ltr'><strong><em>Deo</em></strong></span> <span class='ocrx_word' id='word_1_26' title='bbox 1071 506 1098 550; x_wconf 92' lang='grc' dir='ltr'><strong><em>ιι</em></strong></span> <span class='ocrx_word' id='word_1_27' title='bbox 1122 501 1218 552; x_wconf 88' lang='lat' dir='ltr'><strong><em>varios</em></strong></span> <span class='ocrx_word' id='word_1_28' title='bbox 1235 500 1345 566; x_wconf 79' lang='lat' dir='ltr'><strong><em>prades</em></strong></span> <span class='ocrx_word' id='word_1_29' title='bbox 1364 512 1400 550; x_wconf 93' lang='lat' dir='ltr'><strong><em>ac</em></strong></span> <span class='ocrx_word' id='word_1_30' title='bbox 1418 496 1533 550; x_wconf 85' lang='lat' dir='ltr'><strong><em>ordines</em></strong></span> <span class='ocrx_word' id='word_1_31' title='bbox 1550 497 1742 561; x_wconf 81' lang='lat' dir='ltr'><strong><em>sacerdotum,</em></strong></span> <span class='ocrx_word' id='word_1_32' title='bbox 1761 493 1959 547; x_wconf 78' lang='lat' dir='ltr'><strong><em>monachornm</em></strong></span> 
     </span>
     <span class='ocr_line' id='line_1_4' title="bbox 263 581 1958 655; baseline -0.005 -15"><span class='ocrx_word' id='word_1_33' title='bbox 263 604 356 641; x_wconf 85' lang='lat' dir='ltr'><strong><em>omnes</em></strong></span> <span class='ocrx_word' id='word_1_34' title='bbox 383 584 519 640; x_wconf 84' lang='lat' dir='ltr'><strong><em>articulos</em></strong></span> <span class='ocrx_word' id='word_1_35' title='bbox 543 587 674 655; x_wconf 78' lang='lat' dir='ltr'><strong><em>credam,</em></strong></span> <span class='ocrx_word' id='word_1_36' title='bbox 698 588 793 655; x_wconf 82' lang='lat' dir='ltr'><strong><em>quiin</em></strong></span> <span class='ocrx_word' id='word_1_37' title='bbox 811 586 935 655; x_wconf 74' lang='lat' dir='ltr'><strong><em>symbolo</em></strong></span> <span class='ocrx_word' id='word_1_38' title='bbox 957 588 1098 640; x_wconf 85' lang='lat' dir='ltr'><strong><em>continen-</em></strong></span> <span class='ocrx_word' id='word_1_39' title='bbox 1123 604 1158 638; x_wconf 95' lang='lat' dir='ltr'><strong><em>ac</em></strong></span> <span class='ocrx_word' id='word_1_40' title='bbox 1174 586 1390 652; x_wconf 84' lang='lat' dir='ltr'><strong><em>monacharum,</em></strong></span> <span class='ocrx_word' id='word_1_41' title='bbox 1405 583 1504 636; x_wconf 83' lang='lat' dir='ltr'><strong><em>uarias</em></strong></span> <span class='ocrx_word' id='word_1_42' title='bbox 1522 581 1728 635; x_wconf 86' lang='lat' dir='ltr'><strong><em>benedictiones</em></strong></span> <span class='ocrx_word' id='word_1_43' title='bbox 1747 596 1800 633; x_wconf 85' lang='lat' dir='ltr'><strong><em>seu</em></strong></span> <span class='ocrx_word' id='word_1_44' title='bbox 1817 596 1958 633; x_wconf 76' lang='lat' dir='ltr'><strong><em>camscra-</em></strong></span> 
     </span>
     <span class='ocr_line' id='line_1_5' title="bbox 262 666 1958 740; baseline -0.005 -14"><span class='ocrx_word' id='word_1_45' title='bbox 262 683 316 736; x_wconf 91' lang='lat' dir='ltr'><strong><em>tur,</em></strong></span> <span class='ocrx_word' id='word_1_46' title='bbox 335 674 426 726; x_wconf 85' lang='lat' dir='ltr'><strong><em>solam</em></strong></span> <span class='ocrx_word' id='word_1_47' title='bbox 444 672 604 725; x_wconf 81' lang='lat' dir='ltr'><strong><em>Romanam</em></strong></span> <span class='ocrx_word' id='word_1_48' title='bbox 622 673 768 726; x_wconf 87' lang='lat' dir='ltr'><strong><em>ecclesiam</em></strong></span> <span class='ocrx_word' id='word_1_49' title='bbox 787 671 980 740; x_wconf 83' lang='lat' dir='ltr'><strong><em>blasphemant</em></strong></span> <span class='ocrx_word' id='word_1_50' title='bbox 993 680 1019 724; x_wconf 92' lang='lat' dir='ltr'><strong><em>et</em></strong></span> <span class='ocrx_word' id='word_1_51' title='bbox 1033 673 1097 724; x_wconf 90' lang='lat' dir='ltr'><strong><em>ode·</em></strong></span> <span class='ocrx_word' id='word_1_52' title='bbox 1122 671 1212 725; x_wconf 88' lang='lat' dir='ltr'><strong><em>tiones</em></strong></span> <span class='ocrx_word' id='word_1_53' title='bbox 1231 679 1440 738; x_wconf 88' lang='lat' dir='ltr'><strong><em>creaturarum,</em></strong></span> <span class='ocrx_word' id='word_1_54' title='bbox 1463 676 1543 736; x_wconf 86' lang='lat' dir='ltr'><strong><em>sota,</em></strong></span> <span class='ocrx_word' id='word_1_55' title='bbox 1563 666 1811 736; x_wconf 71' lang='lat' dir='ltr'><strong><em>perserinationes</em></strong></span> <span class='ocrx_word' id='word_1_56' title='bbox 1829 673 1856 719; x_wconf 88' lang='lat' dir='ltr'><strong><em>et</em></strong></span> <span class='ocrx_word' id='word_1_57' title='bbox 1874 666 1958 719; x_wconf 80' lang='lat' dir='ltr'><strong><em>aliam</em></strong></span> 
     </span>
     <span class='ocr_line' id='line_1_6' title="bbox 261 751 1958 826; baseline -0.005 -14"><span class='ocrx_word' id='word_1_58' title='bbox 261 767 327 812; x_wconf 80' lang='lat' dir='ltr'><strong><em>rum</em></strong></span> <span class='ocrx_word' id='word_1_59' title='bbox 347 759 481 826; x_wconf 84' lang='lat' dir='ltr'><strong><em>dicentes,</em></strong></span> <span class='ocrx_word' id='word_1_60' title='bbox 505 774 567 810; x_wconf 88' lang='lat' dir='ltr'><strong><em>cam</em></strong></span> <span class='ocrx_word' id='word_1_61' title='bbox 592 774 649 810; x_wconf 85' lang='lat' dir='ltr'><strong><em>esse</em></strong></span> <span class='ocrx_word' id='word_1_62' title='bbox 673 759 820 811; x_wconf 82' lang='lat' dir='ltr'><strong><em>eccleciam</em></strong></span> <span class='ocrx_word' id='word_1_63' title='bbox 838 758 1053 825; x_wconf 79' lang='lat' dir='ltr'><strong><em>malipnantium</em></strong></span> <span class='ocrx_word' id='word_1_64' title='bbox 1072 765 1098 808; x_wconf 91' lang='lat' dir='ltr'><strong><em>ct</em></strong></span> <span class='ocrx_word' id='word_1_65' title='bbox 1124 775 1230 811; x_wconf 89' lang='lat' dir='ltr'><strong><em>omnem</em></strong></span> <span class='ocrx_word' id='word_1_66' title='bbox 1249 758 1360 810; x_wconf 86' lang='lat' dir='ltr'><strong><em>turham</em></strong></span> <span class='ocrx_word' id='word_1_67' title='bbox 1375 756 1479 807; x_wconf 88' lang='lat' dir='ltr'><strong><em>rituum</em></strong></span> <span class='ocrx_word' id='word_1_68' title='bbox 1497 772 1534 808; x_wconf 89' lang='lat' dir='ltr'><strong><em>ac·</em></strong></span> <span class='ocrx_word' id='word_1_69' title='bbox 1549 753 1770 806; x_wconf 73' lang='lat' dir='ltr'><strong><em>ceremoniarum</em></strong></span> <span class='ocrx_word' id='word_1_70' title='bbox 1790 753 1827 804; x_wconf 84' lang='grc' dir='ltr'><strong><em>ιιι</em></strong></span> <span class='ocrx_word' id='word_1_71' title='bbox 1846 751 1958 804; x_wconf 82' lang='lat' dir='ltr'><strong><em>homini·</em></strong></span> 
     </span>
     <span class='ocr_line' id='line_1_7' title="bbox 260 839 1957 912; baseline -0.005 -14"><span class='ocrx_word' id='word_1_72' title='bbox 260 845 432 907; x_wconf 68' lang='lat' dir='ltr'><strong><em>morantem,</em></strong></span> <span class='ocrx_word' id='word_1_73' title='bbox 453 859 524 912; x_wconf 74' lang='lat' dir='ltr'><strong><em>quae</em></strong></span> <span class='ocrx_word' id='word_1_74' title='bbox 543 844 620 897; x_wconf 83' lang='lat' dir='ltr'><strong><em>sedet</em></strong></span> <span class='ocrx_word' id='word_1_75' title='bbox 637 860 723 912; x_wconf 83' lang='lat' dir='ltr'><strong><em>super</em></strong></span> <span class='ocrx_word' id='word_1_76' title='bbox 742 846 857 898; x_wconf 84' lang='lat' dir='ltr'><strong><em>bestiam</em></strong></span> <span class='ocrx_word' id='word_1_77' title='bbox 874 845 904 897; x_wconf 88' lang='lat' dir='ltr'><strong><em>in</em></strong></span> <span class='ocrx_word' id='word_1_78' title='bbox 922 842 1099 912; x_wconf 72' lang='lat' dir='ltr'><strong><em>Apocalypsi</em></strong></span> <span class='ocrx_word' id='word_1_79' title='bbox 1124 845 1173 895; x_wconf 83' lang='lat' dir='ltr'><strong><em>hus</em></strong></span> <span class='ocrx_word' id='word_1_80' title='bbox 1191 845 1366 896; x_wconf 85' lang='lat' dir='ltr'><strong><em>inventarum</em></strong></span> <span class='ocrx_word' id='word_1_81' title='bbox 1379 859 1429 894; x_wconf 86' lang='grc' dir='ltr'><strong><em>ιιι</em></strong></span> <span class='ocrx_word' id='word_1_82' title='bbox 1441 841 1661 909; x_wconf 77' lang='lat' dir='ltr'><strong><em>excapitatarum</em></strong></span> <span class='ocrx_word' id='word_1_83' title='bbox 1674 839 1885 906; x_wconf 76' lang='lat' dir='ltr'><strong><em>antiquandam</em></strong></span> <span class='ocrx_word' id='word_1_84' title='bbox 1897 854 1957 890; x_wconf 78' lang='lat' dir='ltr'><strong><em>esse.</em></strong></span> 
     </span>
     <span class='ocr_line' id='line_1_8' title="bbox 262 924 1957 999; baseline -0.003 -17"><span class='ocrx_word' id='word_1_85' title='bbox 262 939 287 983; x_wconf 88' lang='lat' dir='ltr'><strong><em>et</em></strong></span> <span class='ocrx_word' id='word_1_86' title='bbox 304 932 381 999; x_wconf 81' lang='lat' dir='ltr'><strong><em>quod</em></strong></span> <span class='ocrx_word' id='word_1_87' title='bbox 399 931 504 992; x_wconf 82' lang='lat' dir='ltr'><strong><em>defecit</em></strong></span> <span class='ocrx_word' id='word_1_88' title='bbox 522 929 573 981; x_wconf 84' lang='grc' dir='ltr'><strong><em>ιιι</em></strong></span> <span class='ocrx_word' id='word_1_89' title='bbox 593 929 745 996; x_wconf 77' lang='lat' dir='ltr'><strong><em>Sploestro,</em></strong></span> <span class='ocrx_word' id='word_1_90' title='bbox 764 948 825 983; x_wconf 89' lang='lat' dir='ltr'><strong><em>cum</em></strong></span> <span class='ocrx_word' id='word_1_91' title='bbox 845 946 976 982; x_wconf 86' lang='lat' dir='ltr'><strong><em>vencnum</em></strong></span> <span class='ocrx_word' id='word_1_92' title='bbox 995 937 1096 995; x_wconf 88' lang='lat' dir='ltr'><strong><em>tempo·</em></strong></span> <span class='ocrx_word' id='word_1_93' title='bbox 1123 935 1146 985; x_wconf 79' lang='grc' dir='ltr'><strong><em>ι,</em></strong></span> <span class='ocrx_word' id='word_1_94' title='bbox 1166 930 1323 982; x_wconf 75' lang='lat' dir='ltr'><strong><em>Primatum</em></strong></span> <span class='ocrx_word' id='word_1_95' title='bbox 1342 944 1437 996; x_wconf 84' lang='lat' dir='ltr'><strong><em>papae</em></strong></span> <span class='ocrx_word' id='word_1_96' title='bbox 1455 943 1540 995; x_wconf 83' lang='lat' dir='ltr'><strong><em>super</em></strong></span> <span class='ocrx_word' id='word_1_97' title='bbox 1560 943 1653 979; x_wconf 86' lang='lat' dir='ltr'><strong><em>omnes</em></strong></span> <span class='ocrx_word' id='word_1_98' title='bbox 1671 925 1822 993; x_wconf 74' lang='lat' dir='ltr'><strong><em>ecclessac,</em></strong></span> <span class='ocrx_word' id='word_1_99' title='bbox 1842 924 1957 993; x_wconf 75' lang='lat' dir='ltr'><strong><em>cumps-i</em></strong></span> 
     </span>
     <span class='ocr_line' id='line_1_9' title="bbox 260 1011 1958 1084; baseline -0.004 -16"><span class='ocrx_word' id='word_1_100' title='bbox 260 1016 365 1069; x_wconf 90' lang='lat' dir='ltr'><strong><em>ralium</em></strong></span> <span class='ocrx_word' id='word_1_101' title='bbox 393 1023 434 1068; x_wconf 86' lang='grc' dir='ltr'><strong><em>ιιι</em></strong></span> <span class='ocrx_word' id='word_1_102' title='bbox 464 1016 494 1068; x_wconf 87' lang='lat' dir='ltr'><strong><em>in</em></strong></span> <span class='ocrx_word' id='word_1_103' title='bbox 522 1014 668 1067; x_wconf 88' lang='lat' dir='ltr'><strong><em>ecclesiam</em></strong></span> <span class='ocrx_word' id='word_1_104' title='bbox 694 1015 827 1079; x_wconf 67' lang='lat' dir='ltr'><strong><em>insumam.</em></strong></span> <span class='ocrx_word' id='word_1_105' title='bbox 872 1015 979 1068; x_wconf 80' lang='lat' dir='ltr'><strong><em>Dicunt</em></strong></span> <span class='ocrx_word' id='word_1_106' title='bbox 1003 1015 1096 1081; x_wconf 87' lang='lat' dir='ltr'><strong><em>etiam,</em></strong></span> <span class='ocrx_word' id='word_1_107' title='bbox 1123 1016 1175 1068; x_wconf 89' lang='lat' dir='ltr'><strong><em>mis</em></strong></span> <span class='ocrx_word' id='word_1_108' title='bbox 1190 1022 1358 1084; x_wconf 88' lang='lat' dir='ltr'><strong><em>potestatem</em></strong></span> <span class='ocrx_word' id='word_1_109' title='bbox 1375 1013 1438 1082; x_wconf 86' lang='lat' dir='ltr'><strong><em>ejus</em></strong></span> <span class='ocrx_word' id='word_1_110' title='bbox 1456 1029 1541 1081; x_wconf 84' lang='lat' dir='ltr'><strong><em>super</em></strong></span> <span class='ocrx_word' id='word_1_111' title='bbox 1560 1028 1654 1066; x_wconf 81' lang='lat' dir='ltr'><strong><em>manes</em></strong></span> <span class='ocrx_word' id='word_1_112' title='bbox 1662 1011 1785 1081; x_wconf 84' lang='lat' dir='ltr'><strong><em>politiae</em></strong></span> <span class='ocrx_word' id='word_1_113' title='bbox 1796 1027 1846 1063; x_wconf 86' lang='lat' dir='ltr'><strong><em>seu</em></strong></span> <span class='ocrx_word' id='word_1_114' title='bbox 1858 1018 1958 1062; x_wconf 82' lang='lat' dir='ltr'><strong><em>utram·</em></strong></span> 
     </span>
     <span class='ocr_line' id='line_1_10' title="bbox 256 1097 1992 1171; baseline -0.004 -16"><span class='ocrx_word' id='word_1_115' title='bbox 256 1119 366 1171; x_wconf 90' lang='lat' dir='ltr'><strong><em>papam</em></strong></span> <span class='ocrx_word' id='word_1_116' title='bbox 384 1110 539 1170; x_wconf 84' lang='lat' dir='ltr'><strong><em>escecaput</em></strong></span> <span class='ocrx_word' id='word_1_117' title='bbox 556 1103 678 1154; x_wconf 87' lang='lat' dir='ltr'><strong><em>omnium</em></strong></span> <span class='ocrx_word' id='word_1_118' title='bbox 696 1118 833 1169; x_wconf 70' lang='lat' dir='ltr'><strong><em>emor-um,</em></strong></span> <span class='ocrx_word' id='word_1_119' title='bbox 851 1109 980 1154; x_wconf 84' lang='lat' dir='ltr'><strong><em>cocantes</em></strong></span> <span class='ocrx_word' id='word_1_120' title='bbox 999 1115 1096 1152; x_wconf 90' lang='lat' dir='ltr'><strong><em>coecos</em></strong></span> <span class='ocrx_word' id='word_1_121' title='bbox 1122 1119 1175 1171; x_wconf 79' lang='lat' dir='ltr'><strong><em>que</em></strong></span> <span class='ocrx_word' id='word_1_122' title='bbox 1196 1102 1257 1170; x_wconf 74' lang='lat' dir='ltr'><strong><em>rjus</em></strong></span> <span class='ocrx_word' id='word_1_123' title='bbox 1275 1101 1403 1168; x_wconf 79' lang='grc' dir='ltr'><strong><em>Ιιιιιιιιιιι</em></strong></span> <span class='ocrx_word' id='word_1_124' title='bbox 1421 1100 1594 1167; x_wconf 80' lang='lat' dir='ltr'><strong><em>nepandam,</em></strong></span> <span class='ocrx_word' id='word_1_125' title='bbox 1618 1115 1667 1150; x_wconf 90' lang='lat' dir='ltr'><strong><em>nec</em></strong></span> <span class='ocrx_word' id='word_1_126' title='bbox 1688 1097 1764 1150; x_wconf 88' lang='lat' dir='ltr'><strong><em>alios</em></strong></span> <span class='ocrx_word' id='word_1_127' title='bbox 1784 1097 1898 1164; x_wconf 72' lang='lat' dir='ltr'><strong><em>prodas</em></strong></span> <span class='ocrx_word' id='word_1_128' title='bbox 1916 1112 1957 1148; x_wconf 86' lang='lat' dir='ltr'><strong><em>aa·</em></strong></span> <span class='ocrx_word' id='word_1_129' title='bbox 1984 1116 1992 1130; x_wconf 84' lang='lat'><strong>·</strong></span> 
     </span>
     <span class='ocr_line' id='line_1_11' title="bbox 259 1186 1996 1257; baseline -0.003 -17"><span class='ocrx_word' id='word_1_130' title='bbox 259 1189 421 1257; x_wconf 86' lang='lat' dir='ltr'><strong><em>praelatos,</em></strong></span> <span class='ocrx_word' id='word_1_131' title='bbox 441 1189 591 1255; x_wconf 81' lang='lat' dir='ltr'><strong><em>rclipiosos</em></strong></span> <span class='ocrx_word' id='word_1_132' title='bbox 609 1188 792 1250; x_wconf 67' lang='lat' dir='ltr'><strong><em>Pharisaeos,</em></strong></span> <span class='ocrx_word' id='word_1_133' title='bbox 813 1187 862 1240; x_wconf 90' lang='lat' dir='ltr'><strong><em>hos</em></strong></span> <span class='ocrx_word' id='word_1_134' title='bbox 882 1188 978 1239; x_wconf 88' lang='lat' dir='ltr'><strong><em>dicunt</em></strong></span> <span class='ocrx_word' id='word_1_135' title='bbox 993 1187 1095 1254; x_wconf 88' lang='lat' dir='ltr'><strong><em>plenos</em></strong></span> <span class='ocrx_word' id='word_1_136' title='bbox 1122 1187 1281 1240; x_wconf 88' lang='lat' dir='ltr'><strong><em>cerdotales</em></strong></span> <span class='ocrx_word' id='word_1_137' title='bbox 1300 1187 1331 1239; x_wconf 91' lang='lat' dir='ltr'><strong><em>in</em></strong></span> <span class='ocrx_word' id='word_1_138' title='bbox 1349 1186 1466 1239; x_wconf 86' lang='lat' dir='ltr'><strong><em>ccclesia</em></strong></span> <span class='ocrx_word' id='word_1_139' title='bbox 1483 1186 1645 1238; x_wconf 77' lang='lat' dir='ltr'><strong><em>retinendae</em></strong></span> <span class='ocrx_word' id='word_1_140' title='bbox 1665 1191 1859 1252; x_wconf 82' lang='lat' dir='ltr'><strong><em>cssepracter</em></strong></span> <span class='ocrx_word' id='word_1_141' title='bbox 1871 1186 1996 1236; x_wconf 63' lang='lat' dir='ltr'><strong><em>swa-¹1·</em></strong></span> 
     </span>
     <span class='ocr_line' id='line_1_12' title="bbox 262 1268 1958 1341; baseline -0.004 -14"><span class='ocrx_word' id='word_1_142' title='bbox 262 1274 395 1341; x_wconf 84' lang='lat' dir='ltr'><strong><em>superbia</em></strong></span> <span class='ocrx_word' id='word_1_143' title='bbox 410 1283 435 1327; x_wconf 90' lang='lat' dir='ltr'><strong><em>ct</em></strong></span> <span class='ocrx_word' id='word_1_144' title='bbox 449 1274 572 1327; x_wconf 85' lang='lat' dir='ltr'><strong><em>avaritia</em></strong></span> <span class='ocrx_word' id='word_1_145' title='bbox 585 1280 636 1328; x_wconf 87' lang='lat' dir='ltr'><strong><em>etc.</em></strong></span> <span class='ocrx_word' id='word_1_146' title='bbox 656 1273 736 1327; x_wconf 88' lang='lat' dir='ltr'><strong><em>Haec</em></strong></span> <span class='ocrx_word' id='word_1_147' title='bbox 750 1274 834 1326; x_wconf 87' lang='lat' dir='ltr'><strong><em>refert</em></strong></span> <span class='ocrx_word' id='word_1_148' title='bbox 845 1289 878 1327; x_wconf 90' lang='lat' dir='ltr'><strong><em>er</em></strong></span> <span class='ocrx_word' id='word_1_149' title='bbox 890 1272 1020 1326; x_wconf 87' lang='lat' dir='ltr'><strong><em>Raiuerio</em></strong></span> <span class='ocrx_word' id='word_1_150' title='bbox 1031 1271 1096 1325; x_wconf 83' lang='lat' dir='ltr'><strong><em>Fla·</em></strong></span> <span class='ocrx_word' id='word_1_151' title='bbox 1122 1274 1225 1336; x_wconf 89' lang='lat' dir='ltr'><strong><em>dotum,</em></strong></span> <span class='ocrx_word' id='word_1_152' title='bbox 1246 1274 1431 1325; x_wconf 89' lang='lat' dir='ltr'><strong><em>diaconorum</em></strong></span> <span class='ocrx_word' id='word_1_153' title='bbox 1450 1280 1476 1324; x_wconf 90' lang='lat' dir='ltr'><strong><em>et</em></strong></span> <span class='ocrx_word' id='word_1_154' title='bbox 1496 1271 1698 1340; x_wconf 84' lang='lat' dir='ltr'><strong><em>episcoporum.</em></strong></span> <span class='ocrx_word' id='word_1_155' title='bbox 1736 1272 1762 1324; x_wconf 82' lang='lat'><strong><em>9.</em></strong></span> <span class='ocrx_word' id='word_1_156' title='bbox 1785 1268 1958 1323; x_wconf 81' lang='grc' dir='ltr'><strong><em>Οιιιιιιιιιιιιι·</em></strong></span> 
     </span>
     <span class='ocr_line' id='line_1_13' title="bbox 262 1356 1957 1430; baseline -0.004 -16"><span class='ocrx_word' id='word_1_157' title='bbox 262 1361 321 1414; x_wconf 91' lang='lat' dir='ltr'><strong><em>cius</em></strong></span> <span class='ocrx_word' id='word_1_158' title='bbox 336 1360 364 1413; x_wconf 90' lang='lat' dir='ltr'><strong><em>in</em></strong></span> <span class='ocrx_word' id='word_1_159' title='bbox 378 1360 506 1430; x_wconf 82' lang='lat' dir='ltr'><strong><em>catalogo</em></strong></span> <span class='ocrx_word' id='word_1_160' title='bbox 519 1360 631 1415; x_wconf 89' lang='lat' dir='ltr'><strong><em>testium</em></strong></span> <span class='ocrx_word' id='word_1_161' title='bbox 644 1360 777 1415; x_wconf 87' lang='lat' dir='ltr'><strong><em>veritatis.</em></strong></span> <span class='ocrx_word' id='word_1_162' title='bbox 806 1360 884 1413; x_wconf 88' lang='lat' dir='ltr'><strong><em>Idem</em></strong></span> <span class='ocrx_word' id='word_1_163' title='bbox 897 1357 1048 1413; x_wconf 83' lang='lat' dir='ltr'><strong><em>exJacobo</em></strong></span> <span class='ocrx_word' id='word_1_164' title='bbox 1061 1357 1095 1411; x_wconf 90' lang='lat' dir='ltr'><strong><em>de</em></strong></span> <span class='ocrx_word' id='word_1_165' title='bbox 1121 1376 1182 1411; x_wconf 84' lang='lat' dir='ltr'><strong><em>nem</em></strong></span> <span class='ocrx_word' id='word_1_166' title='bbox 1209 1360 1259 1410; x_wconf 83' lang='lat' dir='ltr'><strong><em>sub</em></strong></span> <span class='ocrx_word' id='word_1_167' title='bbox 1287 1367 1406 1427; x_wconf 81' lang='lat' dir='ltr'><strong><em>utraque</em></strong></span> <span class='ocrx_word' id='word_1_168' title='bbox 1436 1359 1528 1425; x_wconf 89' lang='lat' dir='ltr'><strong><em>specie</em></strong></span> <span class='ocrx_word' id='word_1_169' title='bbox 1558 1365 1584 1411; x_wconf 86' lang='grc' dir='ltr'><strong><em>ιι</em></strong></span> <span class='ocrx_word' id='word_1_170' title='bbox 1608 1357 1690 1425; x_wconf 88' lang='lat' dir='ltr'><strong><em>piam</em></strong></span> <span class='ocrx_word' id='word_1_171' title='bbox 1715 1360 1750 1408; x_wconf 88' lang='grc' dir='ltr'><strong><em>ιι</em></strong></span> <span class='ocrx_word' id='word_1_172' title='bbox 1770 1356 1957 1408; x_wconf 71' lang='lat' dir='ltr'><strong><em>memoriam</em></strong></span> 
     </span>
     <span class='ocr_line' id='line_1_14' title="bbox 260 1442 1957 1512; baseline -0.004 -11"><span class='ocrx_word' id='word_1_173' title='bbox 260 1445 374 1501; x_wconf 86' lang='lat' dir='ltr'><strong><em>Rebiria</em></strong></span> <span class='ocrx_word' id='word_1_174' title='bbox 398 1447 454 1501; x_wconf 85' lang='lat' dir='ltr'><strong><em>tale</em></strong></span> <span class='ocrx_word' id='word_1_175' title='bbox 472 1446 507 1500; x_wconf 90' lang='lat' dir='ltr'><strong><em>de</em></strong></span> <span class='ocrx_word' id='word_1_176' title='bbox 527 1446 582 1500; x_wconf 92' lang='lat' dir='ltr'><strong><em>illis</em></strong></span> <span class='ocrx_word' id='word_1_177' title='bbox 599 1445 785 1500; x_wconf 85' lang='lat' dir='ltr'><strong><em>testimouium</em></strong></span> <span class='ocrx_word' id='word_1_178' title='bbox 805 1444 932 1498; x_wconf 82' lang='lat' dir='ltr'><strong><em>adducit:</em></strong></span> <span class='ocrx_word' id='word_1_179' title='bbox 964 1444 1095 1499; x_wconf 90' lang='lat' dir='ltr'><strong><em>Walden·</em></strong></span> <span class='ocrx_word' id='word_1_180' title='bbox 1122 1462 1192 1506; x_wconf 87' lang='lat' dir='ltr'><strong><em>esse,</em></strong></span> <span class='ocrx_word' id='word_1_181' title='bbox 1223 1451 1319 1512; x_wconf 89' lang='lat' dir='ltr'><strong><em>utpote</em></strong></span> <span class='ocrx_word' id='word_1_182' title='bbox 1345 1461 1364 1495; x_wconf 94' lang='lat' dir='ltr'><strong><em>a</em></strong></span> <span class='ocrx_word' id='word_1_183' title='bbox 1392 1442 1502 1495; x_wconf 84' lang='lat' dir='ltr'><strong><em>Christo</em></strong></span> <span class='ocrx_word' id='word_1_184' title='bbox 1528 1443 1690 1496; x_wconf 88' lang='lat' dir='ltr'><strong><em>ordinatam</em></strong></span> <span class='ocrx_word' id='word_1_185' title='bbox 1715 1449 1741 1495; x_wconf 88' lang='lat' dir='ltr'><strong><em>et</em></strong></span> <span class='ocrx_word' id='word_1_186' title='bbox 1766 1449 1957 1510; x_wconf 72' lang='lat' dir='ltr'><strong><em>praeceptam</em></strong></span> 
     </span>
     <span class='ocr_line' id='line_1_15' title="bbox 260 1527 1960 1601; baseline -0.004 -16"><span class='ocrx_word' id='word_1_187' title='bbox 260 1549 303 1585; x_wconf 85' lang='lat' dir='ltr'><strong><em>ses</em></strong></span> <span class='ocrx_word' id='word_1_188' title='bbox 331 1534 388 1586; x_wconf 86' lang='lat' dir='ltr'><strong><em>siae</em></strong></span> <span class='ocrx_word' id='word_1_189' title='bbox 418 1533 622 1601; x_wconf 82' lang='lat' dir='ltr'><strong><em>Lupdunenses</em></strong></span> <span class='ocrx_word' id='word_1_190' title='bbox 648 1533 700 1585; x_wconf 87' lang='lat' dir='ltr'><strong><em>diu</em></strong></span> <span class='ocrx_word' id='word_1_191' title='bbox 718 1533 842 1600; x_wconf 71' lang='lat' dir='ltr'><strong><em>pirineum</em></strong></span> <span class='ocrx_word' id='word_1_192' title='bbox 865 1533 957 1585; x_wconf 89' lang='lat' dir='ltr'><strong><em>locum</em></strong></span> <span class='ocrx_word' id='word_1_193' title='bbox 976 1530 1095 1582; x_wconf 87' lang='lat' dir='ltr'><strong><em>tenuisse</em></strong></span> <span class='ocrx_word' id='word_1_194' title='bbox 1122 1534 1165 1585; x_wconf 84' lang='lat'><strong><em>10.</em></strong></span> <span class='ocrx_word' id='word_1_195' title='bbox 1178 1531 1336 1584; x_wconf 86' lang='lat' dir='ltr'><strong><em>Romanam</em></strong></span> <span class='ocrx_word' id='word_1_196' title='bbox 1354 1529 1500 1583; x_wconf 77' lang='lat' dir='ltr'><strong><em>eccleciam</em></strong></span> <span class='ocrx_word' id='word_1_197' title='bbox 1521 1527 1838 1595; x_wconf 55' lang='lat' dir='ltr'><strong><em>ascendissemus</em></strong></span> <span class='ocrx_word' id='word_1_198' title='bbox 1859 1543 1916 1596; x_wconf 76' lang='lat' dir='ltr'><strong><em>orsa</em></strong></span> <span class='ocrx_word' id='word_1_199' title='bbox 1932 1527 1960 1579; x_wconf 82' lang='lat' dir='ltr'><strong><em>is</em></strong></span> 
     </span>
     <span class='ocr_line' id='line_1_16' title="bbox 260 1613 1960 1685; baseline -0.002 -14"><span class='ocrx_word' id='word_1_200' title='bbox 260 1619 290 1672; x_wconf 88' lang='lat' dir='ltr'><strong><em>in</em></strong></span> <span class='ocrx_word' id='word_1_201' title='bbox 312 1616 415 1671; x_wconf 81' lang='lat' dir='ltr'><strong><em>Gallia</em></strong></span> <span class='ocrx_word' id='word_1_202' title='bbox 434 1618 628 1684; x_wconf 86' lang='lat' dir='ltr'><strong><em>Narbonensi,</em></strong></span> <span class='ocrx_word' id='word_1_203' title='bbox 651 1613 792 1680; x_wconf 80' lang='lat' dir='ltr'><strong><em>Alliensi,</em></strong></span> <span class='ocrx_word' id='word_1_204' title='bbox 816 1617 961 1680; x_wconf 86' lang='lat' dir='ltr'><strong><em>Rutlrena,</em></strong></span> <span class='ocrx_word' id='word_1_205' title='bbox 986 1614 1096 1669; x_wconf 88' lang='lat' dir='ltr'><strong><em>Cadur·</em></strong></span> <span class='ocrx_word' id='word_1_206' title='bbox 1122 1616 1299 1685; x_wconf 75' lang='lat' dir='ltr'><strong><em>Apocalypsi</em></strong></span> <span class='ocrx_word' id='word_1_207' title='bbox 1304 1637 1317 1680; x_wconf 91' lang='lat'><strong><em>,·</em></strong></span> <span class='ocrx_word' id='word_1_208' title='bbox 1335 1632 1448 1684; x_wconf 91' lang='lat' dir='ltr'><strong><em>papam</em></strong></span> <span class='ocrx_word' id='word_1_209' title='bbox 1473 1630 1531 1668; x_wconf 87' lang='lat' dir='ltr'><strong><em>esse</em></strong></span> <span class='ocrx_word' id='word_1_210' title='bbox 1553 1615 1676 1667; x_wconf 87' lang='lat' dir='ltr'><strong><em>omnium</em></strong></span> <span class='ocrx_word' id='word_1_211' title='bbox 1700 1630 1831 1668; x_wconf 87' lang='lat' dir='ltr'><strong><em>errorum</em></strong></span> <span class='ocrx_word' id='word_1_212' title='bbox 1854 1614 1960 1680; x_wconf 67' lang='lat' dir='ltr'><strong><em>fanum</em></strong></span> 
     </span>
     <span class='ocr_line' id='line_1_17' title="bbox 261 1701 1960 1771; baseline -0.002 -14"><span class='ocrx_word' id='word_1_213' title='bbox 261 1705 337 1757; x_wconf 86' lang='lat' dir='ltr'><strong><em>censi</em></strong></span> <span class='ocrx_word' id='word_1_214' title='bbox 364 1704 577 1771; x_wconf 78' lang='lat' dir='ltr'><strong><em>Apennensiaue</em></strong></span> <span class='ocrx_word' id='word_1_215' title='bbox 602 1703 775 1757; x_wconf 83' lang='lat' dir='ltr'><strong><em>dioecesibus</em></strong></span> <span class='ocrx_word' id='word_1_216' title='bbox 798 1704 914 1758; x_wconf 82' lang='lat' dir='ltr'><strong><em>celebris</em></strong></span> <span class='ocrx_word' id='word_1_217' title='bbox 938 1709 978 1755; x_wconf 88' lang='lat' dir='ltr'><strong><em>est</em></strong></span> <span class='ocrx_word' id='word_1_218' title='bbox 1005 1705 1095 1769; x_wconf 72' lang='lat' dir='ltr'><strong><em>fama,</em></strong></span> <span class='ocrx_word' id='word_1_219' title='bbox 1124 1713 1148 1756; x_wconf 92' lang='lat' dir='ltr'><strong><em>ct</em></strong></span> <span class='ocrx_word' id='word_1_220' title='bbox 1166 1720 1261 1756; x_wconf 85' lang='lat' dir='ltr'><strong><em>cerum</em></strong></span> <span class='ocrx_word' id='word_1_221' title='bbox 1278 1703 1492 1759; x_wconf 82' lang='lat' dir='ltr'><strong><em>Antichristum.</em></strong></span> <span class='ocrx_word' id='word_1_222' title='bbox 1529 1704 1570 1757; x_wconf 87' lang='lat'><strong><em>11.</em></strong></span> <span class='ocrx_word' id='word_1_223' title='bbox 1589 1701 1789 1767; x_wconf 81' lang='lat' dir='ltr'><strong><em>Indulpentias</em></strong></span> <span class='ocrx_word' id='word_1_224' title='bbox 1815 1717 1878 1754; x_wconf 74' lang='lat' dir='ltr'><strong><em>esse</em></strong></span> <span class='ocrx_word' id='word_1_225' title='bbox 1897 1701 1960 1769; x_wconf 76' lang='lat' dir='ltr'><strong><em>reji-</em></strong></span> 
     </span>
     <span class='ocr_line' id='line_1_18' title="bbox 261 1788 1959 1859; baseline -0.002 -17"><span class='ocrx_word' id='word_1_226' title='bbox 261 1806 347 1859; x_wconf 77' lang='lat' dir='ltr'><strong><em>eoque</em></strong></span> <span class='ocrx_word' id='word_1_227' title='bbox 365 1799 489 1859; x_wconf 87' lang='lat' dir='ltr'><strong><em>tempore</em></strong></span> <span class='ocrx_word' id='word_1_228' title='bbox 506 1789 585 1843; x_wconf 87' lang='lat' dir='ltr'><strong><em>nullo</em></strong></span> <span class='ocrx_word' id='word_1_229' title='bbox 606 1797 654 1843; x_wconf 91' lang='lat' dir='ltr'><strong><em>aut</em></strong></span> <span class='ocrx_word' id='word_1_230' title='bbox 669 1807 762 1858; x_wconf 87' lang='lat' dir='ltr'><strong><em>paruo</em></strong></span> <span class='ocrx_word' id='word_1_231' title='bbox 782 1791 812 1843; x_wconf 87' lang='lat' dir='ltr'><strong><em>in</em></strong></span> <span class='ocrx_word' id='word_1_232' title='bbox 826 1791 923 1858; x_wconf 89' lang='lat' dir='ltr'><strong><em>pretio</em></strong></span> <span class='ocrx_word' id='word_1_233' title='bbox 936 1790 1027 1853; x_wconf 72' lang='lat' dir='ltr'><strong><em>sauss</em></strong></span> <span class='ocrx_word' id='word_1_234' title='bbox 1040 1805 1095 1855; x_wconf 88' lang='lat' dir='ltr'><strong><em>cos,</em></strong></span> <span class='ocrx_word' id='word_1_235' title='bbox 1123 1791 1247 1844; x_wconf 84' lang='lat' dir='ltr'><strong><em>ciendae.</em></strong></span> <span class='ocrx_word' id='word_1_236' title='bbox 1291 1792 1334 1841; x_wconf 85' lang='lat'><strong><em>12.</em></strong></span> <span class='ocrx_word' id='word_1_237' title='bbox 1357 1788 1526 1858; x_wconf 82' lang='lat' dir='ltr'><strong><em>Conjupium</em></strong></span> <span class='ocrx_word' id='word_1_238' title='bbox 1550 1789 1728 1841; x_wconf 87' lang='lat' dir='ltr'><strong><em>sacerdotum</em></strong></span> <span class='ocrx_word' id='word_1_239' title='bbox 1749 1788 1834 1854; x_wconf 89' lang='lat' dir='ltr'><strong><em>pium</em></strong></span> <span class='ocrx_word' id='word_1_240' title='bbox 1861 1804 1898 1840; x_wconf 89' lang='lat' dir='ltr'><strong><em>ac</em></strong></span> <span class='ocrx_word' id='word_1_241' title='bbox 1918 1801 1959 1839; x_wconf 81' lang='lat' dir='ltr'><strong><em>ne-</em></strong></span> 
     </span>
     <span class='ocr_line' id='line_1_19' title="bbox 261 1874 1961 1944; baseline -0.001 -16"><span class='ocrx_word' id='word_1_242' title='bbox 261 1877 310 1944; x_wconf 78' lang='lat' dir='ltr'><strong><em>qui</em></strong></span> <span class='ocrx_word' id='word_1_243' title='bbox 334 1892 363 1928; x_wconf 89' lang='lat' dir='ltr'><strong><em>se</em></strong></span> <span class='ocrx_word' id='word_1_244' title='bbox 388 1877 563 1936; x_wconf 88' lang='lat' dir='ltr'><strong><em>sacerdotes,</em></strong></span> <span class='ocrx_word' id='word_1_245' title='bbox 591 1877 736 1944; x_wconf 86' lang='lat' dir='ltr'><strong><em>episcopos</em></strong></span> <span class='ocrx_word' id='word_1_246' title='bbox 755 1884 782 1929; x_wconf 94' lang='grc' dir='ltr'><strong><em>ιι</em></strong></span> <span class='ocrx_word' id='word_1_247' title='bbox 800 1876 945 1928; x_wconf 83' lang='lat' dir='ltr'><strong><em>ministros</em></strong></span> <span class='ocrx_word' id='word_1_248' title='bbox 964 1875 1097 1927; x_wconf 88' lang='lat' dir='ltr'><strong><em>ecclesiae</em></strong></span> <span class='ocrx_word' id='word_1_249' title='bbox 1124 1877 1276 1929; x_wconf 85' lang='lat' dir='ltr'><strong><em>cessarium</em></strong></span> <span class='ocrx_word' id='word_1_250' title='bbox 1301 1891 1360 1928; x_wconf 90' lang='lat' dir='ltr'><strong><em>esse</em></strong></span> <span class='ocrx_word' id='word_1_251' title='bbox 1385 1875 1415 1926; x_wconf 90' lang='lat' dir='ltr'><strong><em>in</em></strong></span> <span class='ocrx_word' id='word_1_252' title='bbox 1439 1874 1564 1929; x_wconf 86' lang='lat' dir='ltr'><strong><em>ecclesia.</em></strong></span> <span class='ocrx_word' id='word_1_253' title='bbox 1613 1876 1655 1926; x_wconf 81' lang='lat'><strong><em>13.</em></strong></span> <span class='ocrx_word' id='word_1_254' title='bbox 1683 1874 1804 1926; x_wconf 85' lang='lat' dir='ltr'><strong><em>Verbum</em></strong></span> <span class='ocrx_word' id='word_1_255' title='bbox 1831 1874 1896 1926; x_wconf 87' lang='lat' dir='ltr'><strong><em>Dei</em></strong></span> <span class='ocrx_word' id='word_1_256' title='bbox 1915 1890 1961 1926; x_wconf 79' lang='lat' dir='ltr'><strong><em>aa·</em></strong></span> 
     </span>
     <span class='ocr_line' id='line_1_20' title="bbox 261 1948 1961 2029; baseline -0.001 -17"><span class='ocrx_word' id='word_1_257' title='bbox 261 1961 322 2013; x_wconf 84' lang='lat' dir='ltr'><strong><em>dici</em></strong></span> <span class='ocrx_word' id='word_1_258' title='bbox 345 1961 492 2024; x_wconf 71' lang='lat' dir='ltr'><strong><em>combam,-</em></strong></span> <span class='ocrx_word' id='word_1_259' title='bbox 518 1961 632 2029; x_wconf 79' lang='lat' dir='ltr'><strong><em>indipni</em></strong></span> <span class='ocrx_word' id='word_1_260' title='bbox 658 1962 731 2013; x_wconf 90' lang='lat' dir='ltr'><strong><em>enim</em></strong></span> <span class='ocrx_word' id='word_1_261' title='bbox 754 1977 847 2014; x_wconf 83' lang='lat' dir='ltr'><strong><em>ornnes</em></strong></span> <span class='ocrx_word' id='word_1_262' title='bbox 870 1978 904 2013; x_wconf 92' lang='lat' dir='ltr'><strong><em>ac</em></strong></span> <span class='ocrx_word' id='word_1_263' title='bbox 927 1977 1022 2013; x_wconf 86' lang='lat' dir='ltr'><strong><em>rerum</em></strong></span> <span class='ocrx_word' id='word_1_264' title='bbox 1042 1977 1097 2012; x_wconf 89' lang='lat' dir='ltr'><strong><em>om-</em></strong></span> <span class='ocrx_word' id='word_1_265' title='bbox 1124 1963 1232 2014; x_wconf 87' lang='lat' dir='ltr'><strong><em>dientes</em></strong></span> <span class='ocrx_word' id='word_1_266' title='bbox 1250 1979 1285 2013; x_wconf 88' lang='lat' dir='ltr'><strong><em>aa</em></strong></span> <span class='ocrx_word' id='word_1_267' title='bbox 1304 1948 1377 2014; x_wconf 80' lang='lat' dir='ltr'><strong><em>recte</em></strong></span> <span class='ocrx_word' id='word_1_268' title='bbox 1395 1961 1542 2013; x_wconf 87' lang='lat' dir='ltr'><strong><em>sentientes</em></strong></span> <span class='ocrx_word' id='word_1_269' title='bbox 1560 1959 1705 2012; x_wconf 86' lang='lat' dir='ltr'><strong><em>ecclesiam</em></strong></span> <span class='ocrx_word' id='word_1_270' title='bbox 1720 1960 1867 2028; x_wconf 78' lang='lat' dir='ltr'><strong><em>ejurasse,</em></strong></span> <span class='ocrx_word' id='word_1_271' title='bbox 1887 1959 1961 2027; x_wconf 74' lang='lat' dir='ltr'><strong><em>dane</em></strong></span> 
     </span>
     <span class='ocr_line' id='line_1_21' title="bbox 260 2044 1961 2116; baseline -0.002 -17"><span class='ocrx_word' id='word_1_272' title='bbox 260 2047 337 2099; x_wconf 91' lang='lat' dir='ltr'><strong><em>nium</em></strong></span> <span class='ocrx_word' id='word_1_273' title='bbox 354 2063 445 2116; x_wconf 87' lang='lat' dir='ltr'><strong><em>paene</em></strong></span> <span class='ocrx_word' id='word_1_274' title='bbox 462 2047 559 2115; x_wconf 81' lang='lat' dir='ltr'><strong><em>ipnari</em></strong></span> <span class='ocrx_word' id='word_1_275' title='bbox 576 2065 636 2101; x_wconf 86' lang='lat' dir='ltr'><strong><em>curn</em></strong></span> <span class='ocrx_word' id='word_1_276' title='bbox 653 2054 757 2114; x_wconf 83' lang='lat' dir='ltr'><strong><em>essent,</em></strong></span> <span class='ocrx_word' id='word_1_277' title='bbox 769 2047 865 2115; x_wconf 85' lang='lat' dir='ltr'><strong><em>facile</em></strong></span> <span class='ocrx_word' id='word_1_278' title='bbox 882 2046 943 2099; x_wconf 88' lang='lat' dir='ltr'><strong><em>illis</em></strong></span> <span class='ocrx_word' id='word_1_279' title='bbox 958 2047 1017 2109; x_wconf 84' lang='lat' dir='ltr'><strong><em>fuit</em></strong></span> <span class='ocrx_word' id='word_1_280' title='bbox 1035 2063 1097 2099; x_wconf 87' lang='lat' dir='ltr'><strong><em>cru·</em></strong></span> <span class='ocrx_word' id='word_1_281' title='bbox 1124 2048 1257 2101; x_wconf 78' lang='lat' dir='ltr'><strong><em>eccleciae</em></strong></span> <span class='ocrx_word' id='word_1_282' title='bbox 1274 2046 1367 2099; x_wconf 84' lang='lat' dir='ltr'><strong><em>claues</em></strong></span> <span class='ocrx_word' id='word_1_283' title='bbox 1385 2063 1404 2098; x_wconf 92' lang='lat' dir='ltr'><strong><em>a</em></strong></span> <span class='ocrx_word' id='word_1_284' title='bbox 1422 2044 1534 2098; x_wconf 84' lang='lat' dir='ltr'><strong><em>Christo</em></strong></span> <span class='ocrx_word' id='word_1_285' title='bbox 1553 2046 1652 2108; x_wconf 87' lang='lat' dir='ltr'><strong><em>datas,</em></strong></span> <span class='ocrx_word' id='word_1_286' title='bbox 1670 2059 1754 2111; x_wconf 76' lang='lat' dir='ltr'><strong><em>eoque</em></strong></span> <span class='ocrx_word' id='word_1_287' title='bbox 1776 2045 1865 2097; x_wconf 87' lang='lat' dir='ltr'><strong><em>etiam</em></strong></span> <span class='ocrx_word' id='word_1_288' title='bbox 1882 2060 1961 2112; x_wconf 82' lang='lat' dir='ltr'><strong><em>posse</em></strong></span> 
     </span>
     <span class='ocr_line' id='line_1_22' title="bbox 262 2129 1961 2202; baseline -0.002 -18"><span class='ocrx_word' id='word_1_289' title='bbox 262 2133 370 2186; x_wconf 88' lang='lat' dir='ltr'><strong><em>ditione</em></strong></span> <span class='ocrx_word' id='word_1_290' title='bbox 390 2141 416 2186; x_wconf 91' lang='lat' dir='ltr'><strong><em>et</em></strong></span> <span class='ocrx_word' id='word_1_291' title='bbox 434 2134 564 2186; x_wconf 80' lang='lat' dir='ltr'><strong><em>doctrirm</em></strong></span> <span class='ocrx_word' id='word_1_292' title='bbox 573 2133 812 2202; x_wconf 71' lang='lat' dir='ltr'><strong><em>praecellentibus</em></strong></span> <span class='ocrx_word' id='word_1_293' title='bbox 823 2134 934 2201; x_wconf 86' lang='lat' dir='ltr'><strong><em>primas</em></strong></span> <span class='ocrx_word' id='word_1_294' title='bbox 949 2133 979 2184; x_wconf 91' lang='lat' dir='ltr'><strong><em>in</em></strong></span> <span class='ocrx_word' id='word_1_295' title='bbox 988 2132 1097 2201; x_wconf 89' lang='lat' dir='ltr'><strong><em>populo</em></strong></span> <span class='ocrx_word' id='word_1_296' title='bbox 1124 2150 1158 2185; x_wconf 94' lang='lat' dir='ltr'><strong><em>ac</em></strong></span> <span class='ocrx_word' id='word_1_297' title='bbox 1178 2134 1278 2185; x_wconf 83' lang='lat' dir='ltr'><strong><em>dehere</em></strong></span> <span class='ocrx_word' id='word_1_298' title='bbox 1295 2133 1379 2199; x_wconf 85' lang='lat' dir='ltr'><strong><em>lupos</em></strong></span> <span class='ocrx_word' id='word_1_299' title='bbox 1395 2137 1501 2199; x_wconf 75' lang='lat' dir='ltr'><strong><em>separe</em></strong></span> <span class='ocrx_word' id='word_1_300' title='bbox 1525 2139 1549 2183; x_wconf 90' lang='lat' dir='ltr'><strong><em>ct</em></strong></span> <span class='ocrx_word' id='word_1_301' title='bbox 1575 2146 1655 2182; x_wconf 86' lang='lat' dir='ltr'><strong><em>veros</em></strong></span> <span class='ocrx_word' id='word_1_302' title='bbox 1673 2129 1814 2197; x_wconf 77' lang='lat' dir='ltr'><strong><em>bonosque</em></strong></span> <span class='ocrx_word' id='word_1_303' title='bbox 1828 2138 1961 2198; x_wconf 84' lang='lat' dir='ltr'><strong><em>pastores</em></strong></span> 
     </span>
     <span class='ocr_line' id='line_1_23' title="bbox 258 2214 1960 2287; baseline -0.001 -17"><span class='ocrx_word' id='word_1_304' title='bbox 258 2226 358 2286; x_wconf 85' lang='lat' dir='ltr'><strong><em>partes</em></strong></span> <span class='ocrx_word' id='word_1_305' title='bbox 378 2218 434 2270; x_wconf 85' lang='lat' dir='ltr'><strong><em>sibi</em></strong></span> <span class='ocrx_word' id='word_1_306' title='bbox 449 2219 608 2271; x_wconf 84' lang='lat' dir='ltr'><strong><em>vendicare.</em></strong></span> <span class='ocrx_word' id='word_1_307' title='bbox 645 2219 691 2270; x_wconf 81' lang='lat' dir='ltr'><strong><em>Ea</em></strong></span> <span class='ocrx_word' id='word_1_308' title='bbox 714 2219 814 2287; x_wconf 80' lang='lat' dir='ltr'><strong><em>quihus</em></strong></span> <span class='ocrx_word' id='word_1_309' title='bbox 832 2234 982 2287; x_wconf 85' lang='lat' dir='ltr'><strong><em>campros</em></strong></span> <span class='ocrx_word' id='word_1_310' title='bbox 999 2221 1098 2272; x_wconf 87' lang='lat' dir='ltr'><strong><em>ceteris</em></strong></span> <span class='ocrx_word' id='word_1_311' title='bbox 1124 2216 1231 2270; x_wconf 79' lang='lat' dir='ltr'><strong><em>Christi</em></strong></span> <span class='ocrx_word' id='word_1_312' title='bbox 1256 2235 1356 2271; x_wconf 86' lang='lat' dir='ltr'><strong><em>uocare</em></strong></span> <span class='ocrx_word' id='word_1_313' title='bbox 1379 2226 1404 2271; x_wconf 87' lang='lat' dir='ltr'><strong><em>ct</em></strong></span> <span class='ocrx_word' id='word_1_314' title='bbox 1432 2233 1526 2270; x_wconf 90' lang='lat' dir='ltr'><strong><em>eorum</em></strong></span> <span class='ocrx_word' id='word_1_315' title='bbox 1551 2233 1644 2269; x_wconf 89' lang='lat' dir='ltr'><strong><em>vocem</em></strong></span> <span class='ocrx_word' id='word_1_316' title='bbox 1661 2216 1765 2268; x_wconf 86' lang='lat' dir='ltr'><strong><em>audire</em></strong></span> <span class='ocrx_word' id='word_1_317' title='bbox 1792 2233 1828 2268; x_wconf 91' lang='lat' dir='ltr'><strong><em>ac</em></strong></span> <span class='ocrx_word' id='word_1_318' title='bbox 1847 2217 1886 2269; x_wconf 79' lang='lat' dir='ltr'><strong><em>alr</em></strong></span> <span class='ocrx_word' id='word_1_319' title='bbox 1904 2214 1960 2270; x_wconf 84' lang='lat' dir='ltr'><strong><em>illis</em></strong></span> 
     </span>
     <span class='ocr_line' id='line_1_24' title="bbox 269 2300 1960 2372; baseline -0.002 -13"><span class='ocrx_word' id='word_1_320' title='bbox 269 2304 433 2359; x_wconf 87' lang='lat' dir='ltr'><strong><em>Waldenscs</em></strong></span> <span class='ocrx_word' id='word_1_321' title='bbox 452 2305 562 2357; x_wconf 72' lang='lat' dir='ltr'><strong><em>acratius</em></strong></span> <span class='ocrx_word' id='word_1_322' title='bbox 581 2306 616 2356; x_wconf 90' lang='lat' dir='ltr'><strong><em>de</em></strong></span> <span class='ocrx_word' id='word_1_323' title='bbox 635 2304 773 2370; x_wconf 78' lang='lat' dir='ltr'><strong><em>relipione</em></strong></span> <span class='ocrx_word' id='word_1_324' title='bbox 791 2304 979 2372; x_wconf 81' lang='lat' dir='ltr'><strong><em>disputarent,</em></strong></span> <span class='ocrx_word' id='word_1_325' title='bbox 996 2305 1097 2356; x_wconf 88' lang='lat' dir='ltr'><strong><em>admit·</em></strong></span> <span class='ocrx_word' id='word_1_326' title='bbox 1123 2311 1301 2357; x_wconf 88' lang='lat' dir='ltr'><strong><em>sacramenta</em></strong></span> <span class='ocrx_word' id='word_1_327' title='bbox 1314 2303 1473 2372; x_wconf 87' lang='lat' dir='ltr'><strong><em>percipere.</em></strong></span> <span class='ocrx_word' id='word_1_328' title='bbox 1504 2301 1637 2355; x_wconf 87' lang='lat' dir='ltr'><strong><em>Thuauus</em></strong></span> <span class='ocrx_word' id='word_1_329' title='bbox 1655 2300 1703 2357; x_wconf 91' lang='lat' dir='ltr'><strong><em>lib.</em></strong></span> <span class='ocrx_word' id='word_1_330' title='bbox 1717 2306 1742 2357; x_wconf 82' lang='lat'><strong><em>5.</em></strong></span> <span class='ocrx_word' id='word_1_331' title='bbox 1761 2300 1860 2356; x_wconf 79' lang='lat' dir='ltr'><strong><em>histor</em></strong></span> <span class='ocrx_word' id='word_1_332' title='bbox 1874 2302 1960 2364; x_wconf 82' lang='lat' dir='ltr'><strong><em>docet,</em></strong></span> 
     </span>
     <span class='ocr_line' id='line_1_25' title="bbox 261 2387 1960 2459; baseline -0.002 -15"><span class='ocrx_word' id='word_1_333' title='bbox 261 2391 390 2444; x_wconf 84' lang='lat' dir='ltr'><strong><em>tebantur</em></strong></span> <span class='ocrx_word' id='word_1_334' title='bbox 408 2407 492 2459; x_wconf 85' lang='lat' dir='ltr'><strong><em>saepe</em></strong></span> <span class='ocrx_word' id='word_1_335' title='bbox 509 2409 528 2443; x_wconf 95' lang='lat' dir='ltr'><strong><em>a</em></strong></span> <span class='ocrx_word' id='word_1_336' title='bbox 542 2390 991 2458; x_wconf 77' lang='lat' dir='ltr'><strong><em>sacerdotibuspahliceclocendi</em></strong></span> <span class='ocrx_word' id='word_1_337' title='bbox 1002 2407 1096 2457; x_wconf 88' lang='lat' dir='ltr'><strong><em>causa,</em></strong></span> <span class='ocrx_word' id='word_1_338' title='bbox 1122 2390 1191 2443; x_wconf 87' lang='lat' dir='ltr'><strong><em>illos</em></strong></span> <span class='ocrx_word' id='word_1_339' title='bbox 1215 2390 1288 2443; x_wconf 85' lang='lat' dir='ltr'><strong><em>hanc</em></strong></span> <span class='ocrx_word' id='word_1_340' title='bbox 1311 2391 1395 2453; x_wconf 72' lang='lat' dir='ltr'><strong><em>fidem</em></strong></span> <span class='ocrx_word' id='word_1_341' title='bbox 1421 2406 1440 2440; x_wconf 95' lang='lat' dir='ltr'><strong><em>a</em></strong></span> <span class='ocrx_word' id='word_1_342' title='bbox 1457 2387 1611 2456; x_wconf 81' lang='lat' dir='ltr'><strong><em>majoribus</em></strong></span> <span class='ocrx_word' id='word_1_343' title='bbox 1631 2389 1774 2456; x_wconf 85' lang='lat' dir='ltr'><strong><em>accepisse</em></strong></span> <span class='ocrx_word' id='word_1_344' title='bbox 1795 2393 1822 2440; x_wconf 87' lang='lat' dir='ltr'><strong><em>et</em></strong></span> <span class='ocrx_word' id='word_1_345' title='bbox 1839 2404 1894 2456; x_wconf 86' lang='lat' dir='ltr'><strong><em>per</em></strong></span> <span class='ocrx_word' id='word_1_346' title='bbox 1910 2388 1960 2441; x_wconf 86' lang='lat' dir='ltr'><strong><em>ali·</em></strong></span> 
     </span>
     <span class='ocr_line' id='line_1_26' title="bbox 260 2472 1959 2545; baseline -0.001 -16"><span class='ocrx_word' id='word_1_347' title='bbox 260 2495 317 2529; x_wconf 92' lang='lat' dir='ltr'><strong><em>non</em></strong></span> <span class='ocrx_word' id='word_1_348' title='bbox 343 2477 536 2545; x_wconf 67' lang='lat' dir='ltr'><strong><em>enuclearem</em></strong></span> <span class='ocrx_word' id='word_1_349' title='bbox 560 2476 713 2529; x_wconf 81' lang='lat' dir='ltr'><strong><em>sententiae</em></strong></span> <span class='ocrx_word' id='word_1_350' title='bbox 736 2477 790 2529; x_wconf 82' lang='lat' dir='ltr'><strong><em>sili</em></strong></span> <span class='ocrx_word' id='word_1_351' title='bbox 810 2478 1018 2544; x_wconf 81' lang='lat' dir='ltr'><strong><em>probarentur,</em></strong></span> <span class='ocrx_word' id='word_1_352' title='bbox 1045 2478 1097 2529; x_wconf 90' lang='lat' dir='ltr'><strong><em>scd</em></strong></span> <span class='ocrx_word' id='word_1_353' title='bbox 1123 2485 1189 2544; x_wconf 76' lang='lat' dir='ltr'><strong><em>anot</em></strong></span> <span class='ocrx_word' id='word_1_354' title='bbox 1214 2493 1351 2528; x_wconf 88' lang='lat' dir='ltr'><strong><em>annorum</em></strong></span> <span class='ocrx_word' id='word_1_355' title='bbox 1376 2476 1519 2528; x_wconf 81' lang='lat' dir='ltr'><strong><em>centurias</em></strong></span> <span class='ocrx_word' id='word_1_356' title='bbox 1541 2475 1682 2542; x_wconf 84' lang='lat' dir='ltr'><strong><em>docus&#39;cse,</em></strong></span> <span class='ocrx_word' id='word_1_357' title='bbox 1709 2489 1744 2527; x_wconf 88' lang='lat' dir='ltr'><strong><em>ac</em></strong></span> <span class='ocrx_word' id='word_1_358' title='bbox 1769 2491 1805 2528; x_wconf 86' lang='lat' dir='ltr'><strong><em>ex</em></strong></span> <span class='ocrx_word' id='word_1_359' title='bbox 1825 2472 1959 2528; x_wconf 76' lang='lat' dir='ltr'><strong><em>csrdmrli</em></strong></span> 
     </span>
     <span class='ocr_line' id='line_1_27' title="bbox 261 2560 1959 2631; baseline -0.001 -17"><span class='ocrx_word' id='word_1_360' title='bbox 261 2564 337 2631; x_wconf 79' lang='lat' dir='ltr'><strong><em>quod</em></strong></span> <span class='ocrx_word' id='word_1_361' title='bbox 369 2561 606 2615; x_wconf 86' lang='lat' dir='ltr'><strong><em>Waldensibus</em></strong></span> <span class='ocrx_word' id='word_1_362' title='bbox 594 2564 705 2628; x_wconf 82' lang='lat' dir='ltr'><strong><em>rnpcnio</em></strong></span> <span class='ocrx_word' id='word_1_363' title='bbox 733 2578 820 2629; x_wconf 87' lang='lat' dir='ltr'><strong><em>pares</em></strong></span> <span class='ocrx_word' id='word_1_364' title='bbox 848 2580 905 2616; x_wconf 91' lang='lat' dir='ltr'><strong><em>non</em></strong></span> <span class='ocrx_word' id='word_1_365' title='bbox 932 2570 1021 2615; x_wconf 86' lang='lat' dir='ltr'><strong><em>essent</em></strong></span> <span class='ocrx_word' id='word_1_366' title='bbox 1044 2569 1096 2616; x_wconf 88' lang='lat' dir='ltr'><strong><em>etc</em></strong></span> <span class='ocrx_word' id='word_1_367' title='bbox 1123 2562 1254 2618; x_wconf 86' lang='lat' dir='ltr'><strong><em>Sadoleto</em></strong></span> <span class='ocrx_word' id='word_1_368' title='bbox 1278 2561 1370 2629; x_wconf 86' lang='lat' dir='ltr'><strong><em>addit,</em></strong></span> <span class='ocrx_word' id='word_1_369' title='bbox 1398 2562 1525 2629; x_wconf 83' lang='lat' dir='ltr'><strong><em>reliqua,</em></strong></span> <span class='ocrx_word' id='word_1_370' title='bbox 1555 2577 1626 2628; x_wconf 74' lang='lat' dir='ltr'><strong><em>quae</em></strong></span> <span class='ocrx_word' id='word_1_371' title='bbox 1655 2560 1855 2614; x_wconf 82' lang='lat' dir='ltr'><strong><em>Waldeuribas</em></strong></span> <span class='ocrx_word' id='word_1_372' title='bbox 1878 2561 1959 2624; x_wconf 66' lang='lat' dir='ltr'><strong><em>asin</em></strong></span> 
     </span>
     <span class='ocr_line' id='line_1_28' title="bbox 260 2643 1958 2718; baseline 0.001 -18"><span class='ocrx_word' id='word_1_373' title='bbox 260 2646 368 2702; x_wconf 87' lang='lat' dir='ltr'><strong><em>Ibidem</em></strong></span> <span class='ocrx_word' id='word_1_374' title='bbox 388 2665 421 2701; x_wconf 87' lang='lat' dir='ltr'><strong><em>er</em></strong></span> <span class='ocrx_word' id='word_1_375' title='bbox 445 2646 608 2716; x_wconf 77' lang='lat' dir='ltr'><strong><em>fragmentis</em></strong></span> <span class='ocrx_word' id='word_1_376' title='bbox 627 2647 761 2701; x_wconf 90' lang='lat' dir='ltr'><strong><em>librorum</em></strong></span> <span class='ocrx_word' id='word_1_377' title='bbox 778 2647 1014 2718; x_wconf 88' lang='lat' dir='ltr'><strong><em>inquisitoriorum</em></strong></span> <span class='ocrx_word' id='word_1_378' title='bbox 1033 2664 1096 2716; x_wconf 88' lang='lat' dir='ltr'><strong><em>pro·</em></strong></span> <span class='ocrx_word' id='word_1_379' title='bbox 1121 2657 1237 2716; x_wconf 84' lang='lat' dir='ltr'><strong><em>puntur,</em></strong></span> <span class='ocrx_word' id='word_1_380' title='bbox 1260 2665 1312 2716; x_wconf 88' lang='lat' dir='ltr'><strong><em>per</em></strong></span> <span class='ocrx_word' id='word_1_381' title='bbox 1337 2648 1475 2699; x_wconf 87' lang='lat' dir='ltr'><strong><em>invidiam</em></strong></span> <span class='ocrx_word' id='word_1_382' title='bbox 1492 2646 1554 2700; x_wconf 85' lang='lat' dir='ltr'><strong><em>illis</em></strong></span> <span class='ocrx_word' id='word_1_383' title='bbox 1572 2647 1683 2712; x_wconf 70' lang='lat' dir='ltr'><strong><em>affinpi.</em></strong></span> <span class='ocrx_word' id='word_1_384' title='bbox 1722 2643 1862 2701; x_wconf 84' lang='lat' dir='ltr'><strong><em>Observat</em></strong></span> <span class='ocrx_word' id='word_1_385' title='bbox 1880 2647 1958 2702; x_wconf 79' lang='grc' dir='ltr'><strong><em>ιιιιιιι</em></strong></span> 
     </span>
     <span class='ocr_line' id='line_1_29' title="bbox 261 2730 1958 2802; baseline 0.001 -16"><span class='ocrx_word' id='word_1_386' title='bbox 261 2731 357 2793; x_wconf 84' lang='lat' dir='ltr'><strong><em>batur,</em></strong></span> <span class='ocrx_word' id='word_1_387' title='bbox 389 2734 548 2785; x_wconf 87' lang='lat' dir='ltr'><strong><em>doctrinam</em></strong></span> <span class='ocrx_word' id='word_1_388' title='bbox 583 2732 777 2786; x_wconf 86' lang='lat' dir='ltr'><strong><em>Waldcnsium</em></strong></span> <span class='ocrx_word' id='word_1_389' title='bbox 802 2750 858 2800; x_wconf 84' lang='lat' dir='ltr'><strong><em>per</em></strong></span> <span class='ocrx_word' id='word_1_390' title='bbox 886 2735 1096 2801; x_wconf 85' lang='lat' dir='ltr'><strong><em>Lombordiam,</em></strong></span> <span class='ocrx_word' id='word_1_391' title='bbox 1122 2733 1193 2787; x_wconf 87' lang='lat' dir='ltr'><strong><em>haue</em></strong></span> <span class='ocrx_word' id='word_1_392' title='bbox 1218 2749 1388 2787; x_wconf 79' lang='lat' dir='ltr'><strong><em>asseverem</em></strong></span> <span class='ocrx_word' id='word_1_393' title='bbox 1408 2749 1536 2800; x_wconf 86' lang='lat' dir='ltr'><strong><em>causam,</em></strong></span> <span class='ocrx_word' id='word_1_394' title='bbox 1558 2747 1642 2802; x_wconf 87' lang='lat' dir='ltr'><strong><em>quare</em></strong></span> <span class='ocrx_word' id='word_1_395' title='bbox 1661 2730 1958 2788; x_wconf 84' lang='lat' dir='ltr'><strong><em>Lutherodoctrinam</em></strong></span> 
     </span>
     <span class='ocr_line' id='line_1_30' title="bbox 260 2817 1957 2891; baseline 0.002 -21"><span class='ocrx_word' id='word_1_396' title='bbox 260 2818 412 2886; x_wconf 78' lang='lat' dir='ltr'><strong><em>Alsatiam,</em></strong></span> <span class='ocrx_word' id='word_1_397' title='bbox 431 2825 518 2870; x_wconf 85' lang='lat' dir='ltr'><strong><em>totum</em></strong></span> <span class='ocrx_word' id='word_1_398' title='bbox 536 2824 656 2870; x_wconf 89' lang='lat' dir='ltr'><strong><em>tractum</em></strong></span> <span class='ocrx_word' id='word_1_399' title='bbox 668 2818 840 2885; x_wconf 75' lang='lat' dir='ltr'><strong><em>Rhenanam,</em></strong></span> <span class='ocrx_word' id='word_1_400' title='bbox 853 2821 993 2887; x_wconf 79' lang='lat' dir='ltr'><strong><em>Bclpium,</em></strong></span> <span class='ocrx_word' id='word_1_401' title='bbox 1008 2820 1095 2873; x_wconf 78' lang='lat' dir='ltr'><strong><em>Sauo·</em></strong></span> <span class='ocrx_word' id='word_1_402' title='bbox 1121 2819 1298 2874; x_wconf 82' lang='lat' dir='ltr'><strong><em>reformatam</em></strong></span> <span class='ocrx_word' id='word_1_403' title='bbox 1317 2820 1482 2891; x_wconf 85' lang='lat' dir='ltr'><strong><em>proponenti</em></strong></span> <span class='ocrx_word' id='word_1_404' title='bbox 1502 2825 1560 2872; x_wconf 88' lang='lat' dir='ltr'><strong><em>tam</em></strong></span> <span class='ocrx_word' id='word_1_405' title='bbox 1578 2817 1656 2872; x_wconf 90' lang='lat' dir='ltr'><strong><em>multi</em></strong></span> <span class='ocrx_word' id='word_1_406' title='bbox 1674 2817 1704 2870; x_wconf 89' lang='lat' dir='ltr'><strong><em>iu</em></strong></span> <span class='ocrx_word' id='word_1_407' title='bbox 1723 2817 1843 2873; x_wconf 80' lang='lat' dir='ltr'><strong><em>disemis</em></strong></span> <span class='ocrx_word' id='word_1_408' title='bbox 1861 2835 1895 2874; x_wconf 83' lang='lat' dir='ltr'><strong><em>ac</em></strong></span> <span class='ocrx_word' id='word_1_409' title='bbox 1907 2818 1957 2873; x_wconf 75' lang='lat' dir='ltr'><strong><em>dis</em></strong></span> 
     </span>
     <span class='ocr_line' id='line_1_31' title="bbox 259 2903 1957 2977; baseline 0.003 -21"><span class='ocrx_word' id='word_1_410' title='bbox 259 2905 350 2965; x_wconf 85' lang='lat' dir='ltr'><strong><em>niam,</em></strong></span> <span class='ocrx_word' id='word_1_411' title='bbox 380 2903 593 2966; x_wconf 88' lang='lat' dir='ltr'><strong><em>Pomcraniam,</em></strong></span> <span class='ocrx_word' id='word_1_412' title='bbox 617 2904 800 2971; x_wconf 86' lang='lat' dir='ltr'><strong><em>Borussiam,</em></strong></span> <span class='ocrx_word' id='word_1_413' title='bbox 825 2904 990 2972; x_wconf 87' lang='lat' dir='ltr'><strong><em>Polonicm,</em></strong></span> <span class='ocrx_word' id='word_1_414' title='bbox 1010 2907 1095 2957; x_wconf 85' lang='lat' dir='ltr'><strong><em>Livo-</em></strong></span> <span class='ocrx_word' id='word_1_415' title='bbox 1121 2906 1181 2959; x_wconf 89' lang='lat' dir='ltr'><strong><em>sitis</em></strong></span> <span class='ocrx_word' id='word_1_416' title='bbox 1209 2905 1277 2959; x_wconf 89' lang='lat' dir='ltr'><strong><em>locis</em></strong></span> <span class='ocrx_word' id='word_1_417' title='bbox 1302 2924 1353 2976; x_wconf 89' lang='lat' dir='ltr'><strong><em>per</em></strong></span> <span class='ocrx_word' id='word_1_418' title='bbox 1377 2907 1534 2960; x_wconf 86' lang='lat' dir='ltr'><strong><em>universam</em></strong></span> <span class='ocrx_word' id='word_1_419' title='bbox 1559 2904 1700 2974; x_wconf 77' lang='lat' dir='ltr'><strong><em>Europam</em></strong></span> <span class='ocrx_word' id='word_1_420' title='bbox 1725 2920 1787 2959; x_wconf 86' lang='lat' dir='ltr'><strong><em>sese</em></strong></span> <span class='ocrx_word' id='word_1_421' title='bbox 1809 2907 1957 2977; x_wconf 80' lang='lat' dir='ltr'><strong><em>conjunxe-</em></strong></span> 
     </span>
     <span class='ocr_line' id='line_1_32' title="bbox 259 2989 1956 3062; baseline 0.002 -20"><span class='ocrx_word' id='word_1_422' title='bbox 259 2991 350 3058; x_wconf 89' lang='lat' dir='ltr'><strong><em>niam,</em></strong></span> <span class='ocrx_word' id='word_1_423' title='bbox 377 2990 523 3054; x_wconf 80' lang='lat' dir='ltr'><strong><em>Sassiam,</em></strong></span> <span class='ocrx_word' id='word_1_424' title='bbox 548 2990 695 3057; x_wconf 76' lang='lat' dir='ltr'><strong><em>Silesiam,</em></strong></span> <span class='ocrx_word' id='word_1_425' title='bbox 716 2990 896 3062; x_wconf 85' lang='lat' dir='ltr'><strong><em>Bohemiam‚</em></strong></span> <span class='ocrx_word' id='word_1_426' title='bbox 922 2991 1096 3060; x_wconf 83' lang='lat' dir='ltr'><strong><em>Moraoiam,</em></strong></span> <span class='ocrx_word' id='word_1_427' title='bbox 1120 2991 1183 3047; x_wconf 87' lang='lat' dir='ltr'><strong><em>rint.</em></strong></span> <span class='ocrx_word' id='word_1_428' title='bbox 1219 2991 1291 3046; x_wconf 85' lang='lat' dir='ltr'><strong><em>Vide</em></strong></span> <span class='ocrx_word' id='word_1_429' title='bbox 1316 2992 1447 3047; x_wconf 86' lang='lat' dir='ltr'><strong><em>Weeeub.</em></strong></span> <span class='ocrx_word' id='word_1_430' title='bbox 1479 2994 1509 3045; x_wconf 88' lang='lat' dir='ltr'><strong><em>iu</em></strong></span> <span class='ocrx_word' id='word_1_431' title='bbox 1530 2997 1598 3046; x_wconf 87' lang='lat' dir='ltr'><strong><em>orat.</em></strong></span> <span class='ocrx_word' id='word_1_432' title='bbox 1627 2991 1662 3045; x_wconf 90' lang='lat' dir='ltr'><strong><em>de</em></strong></span> <span class='ocrx_word' id='word_1_433' title='bbox 1685 2989 1784 3044; x_wconf 84' lang='lat' dir='ltr'><strong><em>eccles</em></strong></span> <span class='ocrx_word' id='word_1_434' title='bbox 1814 2991 1956 3047; x_wconf 77' lang='lat' dir='ltr'><strong><em>waldem.</em></strong></span> 
     </span>
     <span class='ocr_line' id='line_1_33' title="bbox 263 3075 1996 3148; baseline 0.002 -19"><span class='ocrx_word' id='word_1_435' title='bbox 263 3076 427 3130; x_wconf 81' lang='lat' dir='ltr'><strong><em>Calabriam</em></strong></span> <span class='ocrx_word' id='word_1_436' title='bbox 451 3085 477 3128; x_wconf 95' lang='grc' dir='ltr'><strong><em>ιι</em></strong></span> <span class='ocrx_word' id='word_1_437' title='bbox 499 3077 629 3129; x_wconf 69' lang='lat' dir='ltr'><strong><em>ciciliam</em></strong></span> <span class='ocrx_word' id='word_1_438' title='bbox 653 3077 735 3143; x_wconf 79' lang='lat' dir='ltr'><strong><em>lonpe</em></strong></span> <span class='ocrx_word' id='word_1_439' title='bbox 753 3077 863 3144; x_wconf 80' lang='lat' dir='ltr'><strong><em>lateque</em></strong></span> <span class='ocrx_word' id='word_1_440' title='bbox 875 3077 971 3142; x_wconf 84' lang='lat' dir='ltr'><strong><em>fuisse</em></strong></span> <span class='ocrx_word' id='word_1_441' title='bbox 984 3096 1095 3148; x_wconf 88' lang='lat' dir='ltr'><strong><em>propa·</em></strong></span> <span class='ocrx_word' id='word_1_442' title='bbox 1121 3077 1231 3133; x_wconf 85' lang='lat' dir='ltr'><strong><em>Graeca</em></strong></span> <span class='ocrx_word' id='word_1_443' title='bbox 1253 3077 1370 3132; x_wconf 89' lang='lat' dir='ltr'><strong><em>ecclesia</em></strong></span> <span class='ocrx_word' id='word_1_444' title='bbox 1387 3077 1483 3132; x_wconf 90' lang='lat' dir='ltr'><strong><em>itidem</em></strong></span> <span class='ocrx_word' id='word_1_445' title='bbox 1502 3076 1641 3147; x_wconf 88' lang='lat' dir='ltr'><strong><em>pontificis</em></strong></span> <span class='ocrx_word' id='word_1_446' title='bbox 1658 3075 1762 3130; x_wconf 82' lang='lat' dir='ltr'><strong><em>fastum</em></strong></span> <span class='ocrx_word' id='word_1_447' title='bbox 1780 3093 1816 3131; x_wconf 86' lang='lat' dir='ltr'><strong><em>ae</em></strong></span> <span class='ocrx_word' id='word_1_448' title='bbox 1836 3077 1955 3133; x_wconf 82' lang='lat' dir='ltr'><strong><em>domina·</em></strong></span> <span class='ocrx_word' id='word_1_449' title='bbox 1966 3083 1996 3123; x_wconf 80' lang='lat' dir='ltr'><strong><em>en</em></strong></span> 
     </span>
     <span class='ocr_line' id='line_1_34' title="bbox 259 3135 1996 3234; baseline 0.004 -20"><span class='ocrx_word' id='word_1_450' title='bbox 259 3171 365 3231; x_wconf 74' lang='lat' dir='ltr'><strong><em>palam.</em></strong></span> <span class='ocrx_word' id='word_1_451' title='bbox 411 3161 590 3217; x_wconf 75' lang='lat' dir='ltr'><strong><em>Verebantur</em></strong></span> <span class='ocrx_word' id='word_1_452' title='bbox 618 3179 636 3215; x_wconf 88' lang='lat' dir='ltr'><strong><em>a</em></strong></span> <span class='ocrx_word' id='word_1_453' title='bbox 665 3161 818 3217; x_wconf 83' lang='lat' dir='ltr'><strong><em>Pontificiis</em></strong></span> <span class='ocrx_word' id='word_1_454' title='bbox 847 3180 898 3233; x_wconf 90' lang='lat' dir='ltr'><strong><em>per</em></strong></span> <span class='ocrx_word' id='word_1_455' title='bbox 925 3170 1094 3219; x_wconf 86' lang='lat' dir='ltr'><strong><em>contemtum</em></strong></span> <span class='ocrx_word' id='word_1_456' title='bbox 1120 3164 1222 3218; x_wconf 85' lang='grc' dir='ltr'><strong><em>ιιοιιιιιι</em></strong></span> <span class='ocrx_word' id='word_1_457' title='bbox 1250 3180 1359 3233; x_wconf 83' lang='lat' dir='ltr'><strong><em>semper</em></strong></span> <span class='ocrx_word' id='word_1_458' title='bbox 1385 3163 1552 3234; x_wconf 81' lang='lat' dir='ltr'><strong><em>improbavit</em></strong></span> <span class='ocrx_word' id='word_1_459' title='bbox 1575 3167 1660 3233; x_wconf 91' lang='lat' dir='ltr'><strong><em>atque</em></strong></span> <span class='ocrx_word' id='word_1_460' title='bbox 1686 3162 1779 3216; x_wconf 87' lang='lat' dir='ltr'><strong><em>adhuc</em></strong></span> <span class='ocrx_word' id='word_1_461' title='bbox 1806 3135 1996 3234; x_wconf 53' lang='grc' dir='ltr'><strong><em>(ιιιοιιιιιιιιθΙΙ</em></strong></span> 
     </span>
     <span class='ocr_line' id='line_1_35' title="bbox 154 3247 1952 3320; baseline 0.002 -17"><span class='ocrx_word' id='word_1_462' title='bbox 154 3264 189 3311; x_wconf 79' lang='lat' dir='ltr'><strong><em>n,</em></strong></span> <span class='ocrx_word' id='word_1_463' title='bbox 202 3269 247 3314; x_wconf 63' lang='lat' dir='ltr'><strong><em>m</em></strong></span> <span class='ocrx_word' id='word_1_464' title='bbox 268 3248 445 3317; x_wconf 81' lang='lat' dir='ltr'><strong><em>Waldsrsses,</em></strong></span> <span class='ocrx_word' id='word_1_465' title='bbox 476 3249 654 3316; x_wconf 77' lang='lat' dir='ltr'><strong><em>Albipenses,</em></strong></span> <span class='ocrx_word' id='word_1_466' title='bbox 682 3247 853 3319; x_wconf 82' lang='lat' dir='ltr'><strong><em>Albiprisei,</em></strong></span> <span class='ocrx_word' id='word_1_467' title='bbox 883 3251 1029 3320; x_wconf 87' lang='lat' dir='ltr'><strong><em>Pauperes</em></strong></span> <span class='ocrx_word' id='word_1_468' title='bbox 1060 3254 1095 3306; x_wconf 87' lang='lat' dir='ltr'><strong><em>de</em></strong></span> <span class='ocrx_word' id='word_1_469' title='bbox 1120 3250 1259 3304; x_wconf 88' lang='lat' dir='ltr'><strong><em>dominica</em></strong></span> <span class='ocrx_word' id='word_1_470' title='bbox 1278 3249 1514 3319; x_wconf 82' lang='lat' dir='ltr'><strong><em>Quadragesimae</em></strong></span> <span class='ocrx_word' id='word_1_471' title='bbox 1533 3249 1611 3303; x_wconf 90' lang='lat' dir='ltr'><strong><em>illum</em></strong></span> <span class='ocrx_word' id='word_1_472' title='bbox 1635 3248 1866 3306; x_wconf 79' lang='lat' dir='ltr'><strong><em>excommunicat</em></strong></span> <span class='ocrx_word' id='word_1_473' title='bbox 1902 3252 1952 3305; x_wconf 78' lang='lat' dir='ltr'><strong><em>es</em></strong></span> 
     </span>
     <span class='ocr_line' id='line_1_36' title="bbox 259 3334 1950 3403; baseline 0.002 -15"><span class='ocrx_word' id='word_1_474' title='bbox 259 3336 399 3403; x_wconf 81' lang='lat' dir='ltr'><strong><em>Impduno</em></strong></span> <span class='ocrx_word' id='word_1_475' title='bbox 428 3342 454 3388; x_wconf 89' lang='grc' dir='ltr'><strong><em>ιι</em></strong></span> <span class='ocrx_word' id='word_1_476' title='bbox 482 3334 678 3403; x_wconf 84' lang='lat' dir='ltr'><strong><em>Insabbatati,·</em></strong></span> <span class='ocrx_word' id='word_1_477' title='bbox 709 3336 738 3389; x_wconf 91' lang='lat' dir='ltr'><strong><em>iu</em></strong></span> <span class='ocrx_word' id='word_1_478' title='bbox 764 3335 899 3391; x_wconf 85' lang='lat' dir='ltr'><strong><em>Bohemia</em></strong></span> <span class='ocrx_word' id='word_1_479' title='bbox 924 3338 1094 3392; x_wconf 85' lang='lat' dir='ltr'><strong><em>vocabantur</em></strong></span> <span class='ocrx_word' id='word_1_480' title='bbox 1118 3334 1175 3390; x_wconf 85' lang='lat' dir='ltr'><strong><em>fert</em></strong></span> <span class='ocrx_word' id='word_1_481' title='bbox 1193 3334 1257 3391; x_wconf 83' lang='lat' dir='ltr'><strong><em>lah.</em></strong></span> <span class='ocrx_word' id='word_1_482' title='bbox 1277 3335 1448 3390; x_wconf 75' lang='lat' dir='ltr'><strong><em>Mendesius</em></strong></span> <span class='ocrx_word' id='word_1_483' title='bbox 1466 3336 1514 3391; x_wconf 89' lang='lat' dir='ltr'><strong><em>lib.</em></strong></span> <span class='ocrx_word' id='word_1_484' title='bbox 1537 3342 1560 3390; x_wconf 87' lang='lat' dir='ltr'><strong><em>l.</em></strong></span> <span class='ocrx_word' id='word_1_485' title='bbox 1576 3351 1600 3390; x_wconf 87' lang='lat' dir='ltr'><strong><em>c.</em></strong></span> <span class='ocrx_word' id='word_1_486' title='bbox 1621 3340 1659 3391; x_wconf 80' lang='lat'><strong><em>17.</em></strong></span> <span class='ocrx_word' id='word_1_487' title='bbox 1684 3334 1950 3393; x_wconf 75' lang='lat' dir='ltr'><strong><em>lohannsmxxrt</em></strong></span> 
     </span>
     <span class='ocr_line' id='line_1_37' title="bbox 262 3419 1951 3494; baseline 0.002 -19"><span class='ocrx_word' id='word_1_488' title='bbox 262 3422 422 3475; x_wconf 80' lang='lat' dir='ltr'><strong><em>Taloritae.</em></strong></span> <span class='ocrx_word' id='word_1_489' title='bbox 466 3419 674 3476; x_wconf 85' lang='lat' dir='ltr'><strong><em>Confessionem</em></strong></span> <span class='ocrx_word' id='word_1_490' title='bbox 701 3422 810 3476; x_wconf 90' lang='lat' dir='ltr'><strong><em>illorum</em></strong></span> <span class='ocrx_word' id='word_1_491' title='bbox 839 3422 942 3493; x_wconf 90' lang='lat' dir='ltr'><strong><em>scripto</em></strong></span> <span class='ocrx_word' id='word_1_492' title='bbox 969 3440 1092 3494; x_wconf 89' lang='lat' dir='ltr'><strong><em>compre·</em></strong></span> <span class='ocrx_word' id='word_1_493' title='bbox 1118 3420 1277 3492; x_wconf 82' lang='lat' dir='ltr'><strong><em>pontificem</em></strong></span> <span class='ocrx_word' id='word_1_494' title='bbox 1298 3421 1454 3476; x_wconf 88' lang='lat' dir='ltr'><strong><em>Romanum</em></strong></span> <span class='ocrx_word' id='word_1_495' title='bbox 1472 3422 1579 3492; x_wconf 88' lang='lat' dir='ltr'><strong><em>prolixe</em></strong></span> <span class='ocrx_word' id='word_1_496' title='bbox 1596 3421 1739 3491; x_wconf 85' lang='lat' dir='ltr'><strong><em>scripsisse</em></strong></span> <span class='ocrx_word' id='word_1_497' title='bbox 1760 3423 1800 3477; x_wconf 86' lang='lat' dir='ltr'><strong><em>ad</em></strong></span> <span class='ocrx_word' id='word_1_498' title='bbox 1823 3423 1951 3486; x_wconf 75' lang='lat' dir='ltr'><strong><em>Gnaeos,</em></strong></span> 
     </span>
     <span class='ocr_line' id='line_1_38' title="bbox 259 3496 1950 3581; baseline 0.001 -21"><span class='ocrx_word' id='word_1_499' title='bbox 259 3505 374 3562; x_wconf 80' lang='lat' dir='ltr'><strong><em>hennam</em></strong></span> <span class='ocrx_word' id='word_1_500' title='bbox 391 3506 535 3560; x_wconf 87' lang='lat' dir='ltr'><strong><em>sevidisse</em></strong></span> <span class='ocrx_word' id='word_1_501' title='bbox 554 3496 651 3562; x_wconf 76' lang='lat' dir='ltr'><strong><em>scribit</em></strong></span> <span class='ocrx_word' id='word_1_502' title='bbox 662 3507 774 3562; x_wconf 86' lang='lat' dir='ltr'><strong><em>Flacius</em></strong></span> <span class='ocrx_word' id='word_1_503' title='bbox 791 3525 863 3562; x_wconf 88' lang='lat' dir='ltr'><strong><em>anuo</em></strong></span> <span class='ocrx_word' id='word_1_504' title='bbox 884 3514 958 3567; x_wconf 82' lang='grc'><strong>1431.</strong></span> <span class='ocrx_word' id='word_1_505' title='bbox 977 3526 1093 3581; x_wconf 88' lang='lat' dir='ltr'><strong><em>eamque</em></strong></span> <span class='ocrx_word' id='word_1_506' title='bbox 1119 3510 1230 3562; x_wconf 89' lang='lat' dir='ltr'><strong><em>unicam</em></strong></span> <span class='ocrx_word' id='word_1_507' title='bbox 1248 3516 1355 3561; x_wconf 91' lang='lat' dir='ltr'><strong><em>tantum</em></strong></span> <span class='ocrx_word' id='word_1_508' title='bbox 1373 3524 1431 3562; x_wconf 85' lang='lat' dir='ltr'><strong><em>esse</em></strong></span> <span class='ocrx_word' id='word_1_509' title='bbox 1444 3506 1552 3561; x_wconf 74' lang='lat' dir='ltr'><strong><em>Clsrmti</em></strong></span> <span class='ocrx_word' id='word_1_510' title='bbox 1566 3507 1720 3574; x_wconf 81' lang='lat' dir='ltr'><strong><em>ecclesiam,</em></strong></span> <span class='ocrx_word' id='word_1_511' title='bbox 1740 3510 1825 3577; x_wconf 81' lang='lat' dir='ltr'><strong><em>cujac</em></strong></span> <span class='ocrx_word' id='word_1_512' title='bbox 1842 3513 1881 3564; x_wconf 85' lang='lat' dir='ltr'><strong><em>sit</em></strong></span> <span class='ocrx_word' id='word_1_513' title='bbox 1897 3513 1950 3580; x_wconf 88' lang='lat' dir='ltr'><strong><em>ipse</em></strong></span> 
     </span>
     <span class='ocr_line' id='line_1_39' title="bbox 260 3592 1949 3665; baseline 0.001 -17"><span class='ocrx_word' id='word_1_514' title='bbox 260 3609 322 3648; x_wconf 88' lang='lat' dir='ltr'><strong><em>eum</em></strong></span> <span class='ocrx_word' id='word_1_515' title='bbox 351 3592 569 3646; x_wconf 87' lang='lat' dir='ltr'><strong><em>Protestautium</em></strong></span> <span class='ocrx_word' id='word_1_516' title='bbox 602 3594 774 3648; x_wconf 87' lang='lat' dir='ltr'><strong><em>confessione</em></strong></span> <span class='ocrx_word' id='word_1_517' title='bbox 803 3596 915 3665; x_wconf 88' lang='lat' dir='ltr'><strong><em>penitus</em></strong></span> <span class='ocrx_word' id='word_1_518' title='bbox 946 3597 1092 3651; x_wconf 84' lang='lat' dir='ltr'><strong><em>convenire</em></strong></span> <span class='ocrx_word' id='word_1_519' title='bbox 1118 3603 1202 3663; x_wconf 89' lang='lat' dir='ltr'><strong><em>caput</em></strong></span> <span class='ocrx_word' id='word_1_520' title='bbox 1232 3594 1405 3662; x_wconf 85' lang='lat' dir='ltr'><strong><em>uniuersale,</em></strong></span> <span class='ocrx_word' id='word_1_521' title='bbox 1436 3594 1543 3647; x_wconf 79' lang='lat' dir='ltr'><strong><em>Christi</em></strong></span> <span class='ocrx_word' id='word_1_522' title='bbox 1569 3596 1599 3646; x_wconf 84' lang='lat' dir='ltr'><strong><em>in</em></strong></span> <span class='ocrx_word' id='word_1_523' title='bbox 1627 3594 1712 3646; x_wconf 87' lang='lat' dir='ltr'><strong><em>terris</em></strong></span> <span class='ocrx_word' id='word_1_524' title='bbox 1737 3595 1868 3650; x_wconf 78' lang='lat' dir='ltr'><strong><em>vicarias</em></strong></span> <span class='ocrx_word' id='word_1_525' title='bbox 1894 3596 1949 3649; x_wconf 83' lang='lat' dir='ltr'><strong><em>ani·</em></strong></span> 
     </span>
     <span class='ocr_line' id='line_1_40' title="bbox 259 3677 1948 3754; baseline 0.004 -22"><span class='ocrx_word' id='word_1_526' title='bbox 259 3684 386 3732; x_wconf 84' lang='lat' dir='ltr'><strong><em>testatur.</em></strong></span> <span class='ocrx_word' id='word_1_527' title='bbox 423 3677 477 3741; x_wconf 83' lang='lat' dir='ltr'><strong><em>Qui</em></strong></span> <span class='ocrx_word' id='word_1_528' title='bbox 498 3677 657 3747; x_wconf 88' lang='lat' dir='ltr'><strong><em>Merindoli,</em></strong></span> <span class='ocrx_word' id='word_1_529' title='bbox 675 3680 795 3751; x_wconf 83' lang='lat' dir='ltr'><strong><em>Agriae,</em></strong></span> <span class='ocrx_word' id='word_1_530' title='bbox 814 3679 915 3736; x_wconf 84' lang='lat' dir='ltr'><strong><em>Cestae</em></strong></span> <span class='ocrx_word' id='word_1_531' title='bbox 934 3689 961 3736; x_wconf 90' lang='lat' dir='ltr'><strong><em>et</em></strong></span> <span class='ocrx_word' id='word_1_532' title='bbox 980 3681 1009 3735; x_wconf 92' lang='lat' dir='ltr'><strong><em>iu</em></strong></span> <span class='ocrx_word' id='word_1_533' title='bbox 1027 3680 1092 3735; x_wconf 83' lang='lat' dir='ltr'><strong><em>vici·</em></strong></span> <span class='ocrx_word' id='word_1_534' title='bbox 1118 3699 1179 3748; x_wconf 76' lang='lat' dir='ltr'><strong><em>cru,</em></strong></span> <span class='ocrx_word' id='word_1_535' title='bbox 1203 3698 1283 3749; x_wconf 80' lang='lat' dir='ltr'><strong><em>quem</em></strong></span> <span class='ocrx_word' id='word_1_536' title='bbox 1309 3689 1335 3734; x_wconf 90' lang='grc' dir='ltr'><strong><em>ιι</em></strong></span> <span class='ocrx_word' id='word_1_537' title='bbox 1362 3680 1420 3748; x_wconf 87' lang='lat' dir='ltr'><strong><em>ipsi</em></strong></span> <span class='ocrx_word' id='word_1_538' title='bbox 1442 3696 1592 3747; x_wconf 72' lang='lat' dir='ltr'><strong><em>conoscere</em></strong></span> <span class='ocrx_word' id='word_1_539' title='bbox 1613 3680 1741 3734; x_wconf 86' lang='lat' dir='ltr'><strong><em>debeant.</em></strong></span> <span class='ocrx_word' id='word_1_540' title='bbox 1776 3681 1948 3754; x_wconf 84' lang='lat' dir='ltr'><strong><em>Rescriptum</em></strong></span> 
     </span>
     <span class='ocr_line' id='line_1_41' title="bbox 259 3762 1948 3838; baseline 0.002 -20"><span class='ocrx_word' id='word_1_541' title='bbox 259 3764 302 3818; x_wconf 90' lang='lat' dir='ltr'><strong><em>nis</em></strong></span> <span class='ocrx_word' id='word_1_542' title='bbox 319 3762 434 3818; x_wconf 88' lang='lat' dir='ltr'><strong><em>urbibus</em></strong></span> <span class='ocrx_word' id='word_1_543' title='bbox 447 3762 620 3828; x_wconf 86' lang='lat' dir='ltr'><strong><em>habitabant,</em></strong></span> <span class='ocrx_word' id='word_1_544' title='bbox 640 3764 789 3819; x_wconf 84' lang='lat' dir='ltr'><strong><em>ediderunt</em></strong></span> <span class='ocrx_word' id='word_1_545' title='bbox 800 3765 998 3821; x_wconf 81' lang='lat' dir='ltr'><strong><em>confessionem</em></strong></span> <span class='ocrx_word' id='word_1_546' title='bbox 1012 3783 1092 3821; x_wconf 91' lang='lat' dir='ltr'><strong><em>suam</em></strong></span> <span class='ocrx_word' id='word_1_547' title='bbox 1117 3785 1182 3822; x_wconf 88' lang='lat' dir='ltr'><strong><em>vero</em></strong></span> <span class='ocrx_word' id='word_1_548' title='bbox 1202 3767 1238 3822; x_wconf 88' lang='lat' dir='ltr'><strong><em>ab</em></strong></span> <span class='ocrx_word' id='word_1_549' title='bbox 1256 3767 1317 3822; x_wconf 90' lang='lat' dir='ltr'><strong><em>istis</em></strong></span> <span class='ocrx_word' id='word_1_550' title='bbox 1333 3767 1433 3822; x_wconf 80' lang='lat' dir='ltr'><strong><em>fuisse:</em></strong></span> <span class='ocrx_word' id='word_1_551' title='bbox 1458 3768 1617 3820; x_wconf 86' lang='lat' dir='ltr'><strong><em>Potentiam</em></strong></span> <span class='ocrx_word' id='word_1_552' title='bbox 1635 3776 1711 3820; x_wconf 87' lang='lat' dir='ltr'><strong><em>tuam</em></strong></span> <span class='ocrx_word' id='word_1_553' title='bbox 1728 3784 1867 3823; x_wconf 83' lang='lat' dir='ltr'><strong><em>surnmam</em></strong></span> <span class='ocrx_word' id='word_1_554' title='bbox 1887 3787 1948 3838; x_wconf 73' lang='lat' dir='ltr'><strong><em>erpo</em></strong></span> 
     </span>
     <span class='ocr_line' id='line_1_42' title="bbox 259 3848 1949 3924; baseline 0.005 -22"><span class='ocrx_word' id='word_1_555' title='bbox 259 3863 376 3918; x_wconf 87' lang='lat' dir='ltr'><strong><em>eamque</em></strong></span> <span class='ocrx_word' id='word_1_556' title='bbox 398 3848 546 3903; x_wconf 86' lang='lat' dir='ltr'><strong><em>Francisco</em></strong></span> <span class='ocrx_word' id='word_1_557' title='bbox 570 3851 629 3921; x_wconf 80' lang='lat' dir='ltr'><strong><em>regi</em></strong></span> <span class='ocrx_word' id='word_1_558' title='bbox 650 3848 848 3920; x_wconf 81' lang='lat' dir='ltr'><strong><em>exhibuerunt,</em></strong></span> <span class='ocrx_word' id='word_1_559' title='bbox 873 3851 903 3906; x_wconf 91' lang='lat' dir='ltr'><strong><em>in</em></strong></span> <span class='ocrx_word' id='word_1_560' title='bbox 926 3868 981 3924; x_wconf 88' lang='lat' dir='ltr'><strong><em>qua</em></strong></span> <span class='ocrx_word' id='word_1_561' title='bbox 1005 3854 1090 3907; x_wconf 89' lang='lat' dir='ltr'><strong><em>conti-</em></strong></span> <span class='ocrx_word' id='word_1_562' title='bbox 1119 3862 1180 3906; x_wconf 86' lang='lat' dir='ltr'><strong><em>taos</em></strong></span> <span class='ocrx_word' id='word_1_563' title='bbox 1206 3853 1331 3907; x_wconf 85' lang='lat' dir='ltr'><strong><em>subditos</em></strong></span> <span class='ocrx_word' id='word_1_564' title='bbox 1351 3854 1470 3919; x_wconf 73' lang='lat' dir='ltr'><strong><em>firmiter</em></strong></span> <span class='ocrx_word' id='word_1_565' title='bbox 1500 3855 1655 3921; x_wconf 81' lang='lat' dir='ltr'><strong><em>credimrm,</em></strong></span> <span class='ocrx_word' id='word_1_566' title='bbox 1685 3855 1852 3922; x_wconf 86' lang='lat' dir='ltr'><strong><em>superbiam</em></strong></span> <span class='ocrx_word' id='word_1_567' title='bbox 1881 3864 1949 3910; x_wconf 77' lang='lat' dir='ltr'><strong><em>nram</em></strong></span> 
     </span>
     <span class='ocr_line' id='line_1_43' title="bbox 257 3934 1948 4008; baseline 0.005 -20"><span class='ocrx_word' id='word_1_568' title='bbox 257 3941 358 3989; x_wconf 87' lang='lat' dir='ltr'><strong><em>nentur</em></strong></span> <span class='ocrx_word' id='word_1_569' title='bbox 374 3934 403 3989; x_wconf 92' lang='lat' dir='ltr'><strong><em>hi</em></strong></span> <span class='ocrx_word' id='word_1_570' title='bbox 420 3935 544 3990; x_wconf 82' lang='lat' dir='ltr'><strong><em>articuli:</em></strong></span> <span class='ocrx_word' id='word_1_571' title='bbox 565 3940 590 3988; x_wconf 86' lang='lat'><strong><em>1.</em></strong></span> <span class='ocrx_word' id='word_1_572' title='bbox 611 3936 688 3990; x_wconf 83' lang='lat' dir='ltr'><strong><em>Solis</em></strong></span> <span class='ocrx_word' id='word_1_573' title='bbox 705 3937 795 3990; x_wconf 77' lang='grc' dir='ltr'><strong><em>ιαιιιι</em></strong></span> <span class='ocrx_word' id='word_1_574' title='bbox 814 3936 905 3991; x_wconf 86' lang='lat' dir='ltr'><strong><em>literis</em></strong></span> <span class='ocrx_word' id='word_1_575' title='bbox 919 3941 1091 3992; x_wconf 87' lang='lat' dir='ltr'><strong><em>credendum</em></strong></span> <span class='ocrx_word' id='word_1_576' title='bbox 1117 3958 1253 3994; x_wconf 77' lang='lat' dir='ltr'><strong><em>camisiam</em></strong></span> <span class='ocrx_word' id='word_1_577' title='bbox 1279 3940 1401 3993; x_wconf 89' lang='lat' dir='ltr'><strong><em>tolerare</em></strong></span> <span class='ocrx_word' id='word_1_578' title='bbox 1427 3957 1483 3994; x_wconf 90' lang='lat' dir='ltr'><strong><em>non</em></strong></span> <span class='ocrx_word' id='word_1_579' title='bbox 1503 3956 1667 4008; x_wconf 87' lang='lat' dir='ltr'><strong><em>possumus,</em></strong></span> <span class='ocrx_word' id='word_1_580' title='bbox 1695 3941 1852 3995; x_wconf 84' lang='lat' dir='ltr'><strong><em>avaritiam</em></strong></span> <span class='ocrx_word' id='word_1_581' title='bbox 1878 3951 1948 3996; x_wconf 82' lang='lat' dir='ltr'><strong><em>taam</em></strong></span> 
     </span>
     <span class='ocr_line' id='line_1_44' title="bbox 258 4021 1947 4095; baseline 0.006 -22"><span class='ocrx_word' id='word_1_582' title='bbox 258 4035 317 4073; x_wconf 89' lang='lat' dir='ltr'><strong><em>esse</em></strong></span> <span class='ocrx_word' id='word_1_583' title='bbox 344 4021 374 4074; x_wconf 89' lang='lat' dir='ltr'><strong><em>in</em></strong></span> <span class='ocrx_word' id='word_1_584' title='bbox 400 4023 452 4089; x_wconf 89' lang='lat' dir='ltr'><strong><em>iis,</em></strong></span> <span class='ocrx_word' id='word_1_585' title='bbox 482 4039 554 4091; x_wconf 78' lang='lat' dir='ltr'><strong><em>qssae</em></strong></span> <span class='ocrx_word' id='word_1_586' title='bbox 578 4024 620 4076; x_wconf 88' lang='lat' dir='ltr'><strong><em>ad</em></strong></span> <span class='ocrx_word' id='word_1_587' title='bbox 642 4023 762 4077; x_wconf 86' lang='lat' dir='ltr'><strong><em>salutem</em></strong></span> <span class='ocrx_word' id='word_1_588' title='bbox 780 4025 938 4094; x_wconf 89' lang='lat' dir='ltr'><strong><em>pertinent,</em></strong></span> <span class='ocrx_word' id='word_1_589' title='bbox 969 4032 995 4079; x_wconf 87' lang='grc' dir='ltr'><strong><em>ιι</em></strong></span> <span class='ocrx_word' id='word_1_590' title='bbox 1019 4027 1093 4080; x_wconf 86' lang='lat' dir='ltr'><strong><em>nulli</em></strong></span> <span class='ocrx_word' id='word_1_591' title='bbox 1117 4028 1228 4094; x_wconf 66' lang='lat' dir='ltr'><strong><em>explere</em></strong></span> <span class='ocrx_word' id='word_1_592' title='bbox 1246 4045 1302 4081; x_wconf 87' lang='lat' dir='ltr'><strong><em>non</em></strong></span> <span class='ocrx_word' id='word_1_593' title='bbox 1321 4026 1454 4081; x_wconf 86' lang='lat' dir='ltr'><strong><em>calemus.</em></strong></span> <span class='ocrx_word' id='word_1_594' title='bbox 1490 4025 1631 4078; x_wconf 81' lang='lat' dir='ltr'><strong><em>Diabolus</em></strong></span> <span class='ocrx_word' id='word_1_595' title='bbox 1647 4032 1745 4089; x_wconf 89' lang='lat' dir='ltr'><strong><em>tecum,</em></strong></span> <span class='ocrx_word' id='word_1_596' title='bbox 1765 4028 1837 4095; x_wconf 82' lang='lat' dir='ltr'><strong><em>quia</em></strong></span> <span class='ocrx_word' id='word_1_597' title='bbox 1856 4028 1947 4083; x_wconf 81' lang='lat' dir='ltr'><strong><em>Domi·</em></strong></span> 
     </span>
     <span class='ocr_line' id='line_1_45' title="bbox 252 4108 1947 4183; baseline 0.006 -22"><span class='ocrx_word' id='word_1_598' title='bbox 252 4115 406 4176; x_wconf 85' lang='lat' dir='ltr'><strong><em>praeterea</em></strong></span> <span class='ocrx_word' id='word_1_599' title='bbox 431 4108 537 4162; x_wconf 84' lang='lat' dir='ltr'><strong><em>homini</em></strong></span> <span class='ocrx_word' id='word_1_600' title='bbox 565 4118 614 4162; x_wconf 89' lang='lat' dir='ltr'><strong><em>aut</em></strong></span> <span class='ocrx_word' id='word_1_601' title='bbox 639 4109 755 4178; x_wconf 76' lang='lat' dir='ltr'><strong><em>scripto.</em></strong></span> <span class='ocrx_word' id='word_1_602' title='bbox 805 4115 831 4162; x_wconf 86' lang='lat'><strong><em>2.</em></strong></span> <span class='ocrx_word' id='word_1_603' title='bbox 857 4110 964 4164; x_wconf 77' lang='lat' dir='ltr'><strong><em>Sacrae</em></strong></span> <span class='ocrx_word' id='word_1_604' title='bbox 992 4111 1091 4165; x_wconf 88' lang='lat' dir='ltr'><strong><em>literas</em></strong></span> <span class='ocrx_word' id='word_1_605' title='bbox 1117 4131 1169 4166; x_wconf 86' lang='lat' dir='ltr'><strong><em>nus</em></strong></span> <span class='ocrx_word' id='word_1_606' title='bbox 1192 4114 1343 4167; x_wconf 87' lang='lat' dir='ltr'><strong><em>nobiseum.</em></strong></span> <span class='ocrx_word' id='word_1_607' title='bbox 1380 4114 1504 4183; x_wconf 83' lang='lat' dir='ltr'><strong><em>Cumque</em></strong></span> <span class='ocrx_word' id='word_1_608' title='bbox 1529 4112 1566 4165; x_wconf 86' lang='lat' dir='ltr'><strong><em>ud</em></strong></span> <span class='ocrx_word' id='word_1_609' title='bbox 1589 4110 1737 4165; x_wconf 86' lang='lat' dir='ltr'><strong><em>concilium</em></strong></span> <span class='ocrx_word' id='word_1_610' title='bbox 1761 4112 1947 4170; x_wconf 71' lang='lat' dir='ltr'><strong><em>Laterensem</em></strong></span> 
     </span>
     <span class='ocr_line' id='line_1_46' title="bbox 52 4193 1946 4286; baseline 0.006 -39"><span class='ocrx_word' id='word_1_611' title='bbox 52 4253 62 4286; x_wconf 38' lang='grc' dir='ltr'>ἱ</span> <span class='ocrx_word' id='word_1_612' title='bbox 148 4206 183 4252; x_wconf 82' lang='lat'><strong><em>¹1.</em></strong></span> <span class='ocrx_word' id='word_1_613' title='bbox 197 4206 244 4253; x_wconf 76' lang='lat' dir='ltr'><strong><em>tes.</em></strong></span> <span class='ocrx_word' id='word_1_614' title='bbox 257 4193 362 4263; x_wconf 81' lang='lat' dir='ltr'><strong><em>inteprc</em></strong></span> <span class='ocrx_word' id='word_1_615' title='bbox 381 4195 519 4248; x_wconf 86' lang='lat' dir='ltr'><strong><em>continere</em></strong></span> <span class='ocrx_word' id='word_1_616' title='bbox 537 4196 632 4248; x_wconf 89' lang='lat' dir='ltr'><strong><em>omnia</em></strong></span> <span class='ocrx_word' id='word_1_617' title='bbox 650 4213 699 4265; x_wconf 94' lang='lat' dir='ltr'><strong><em>ea,</em></strong></span> <span class='ocrx_word' id='word_1_618' title='bbox 717 4213 788 4264; x_wconf 79' lang='lat' dir='ltr'><strong><em>qnae</em></strong></span> <span class='ocrx_word' id='word_1_619' title='bbox 806 4197 981 4251; x_wconf 88' lang='lat' dir='ltr'><strong><em>adsalutem</em></strong></span> <span class='ocrx_word' id='word_1_620' title='bbox 1000 4216 1090 4252; x_wconf 86' lang='lat' dir='ltr'><strong><em>neces·</em></strong></span> <span class='ocrx_word' id='word_1_621' title='bbox 1117 4215 1150 4252; x_wconf 87' lang='lat' dir='ltr'><strong><em>cr</em></strong></span> <span class='ocrx_word' id='word_1_622' title='bbox 1170 4198 1288 4254; x_wconf 86' lang='lat' dir='ltr'><strong><em>Graecia</em></strong></span> <span class='ocrx_word' id='word_1_623' title='bbox 1311 4199 1388 4253; x_wconf 87' lang='lat' dir='ltr'><strong><em>missi</em></strong></span> <span class='ocrx_word' id='word_1_624' title='bbox 1406 4198 1492 4269; x_wconf 85' lang='lat' dir='ltr'><strong><em>legati</em></strong></span> <span class='ocrx_word' id='word_1_625' title='bbox 1510 4196 1651 4268; x_wconf 76' lang='lat' dir='ltr'><strong><em>religionis</em></strong></span> <span class='ocrx_word' id='word_1_626' title='bbox 1670 4198 1819 4268; x_wconf 88' lang='lat' dir='ltr'><strong><em>dispendio</em></strong></span> <span class='ocrx_word' id='word_1_627' title='bbox 1838 4201 1946 4257; x_wconf 68' lang='lat' dir='ltr'><strong><em>meisa</em></strong></span> 
     </span>
     <span class='ocr_line' id='line_1_47' title="bbox 256 4281 1946 4359; baseline 0.004 -26"><span class='ocrx_word' id='word_1_628' title='bbox 256 4281 350 4348; x_wconf 84' lang='lat' dir='ltr'><strong><em>saria,</em></strong></span> <span class='ocrx_word' id='word_1_629' title='bbox 375 4297 461 4349; x_wconf 75' lang='lat' dir='ltr'><strong><em>eoque</em></strong></span> <span class='ocrx_word' id='word_1_630' title='bbox 483 4282 556 4335; x_wconf 86' lang='lat' dir='ltr'><strong><em>nihil</em></strong></span> <span class='ocrx_word' id='word_1_631' title='bbox 575 4283 689 4350; x_wconf 89' lang='lat' dir='ltr'><strong><em>penitus</em></strong></span> <span class='ocrx_word' id='word_1_632' title='bbox 711 4282 903 4351; x_wconf 85' lang='lat' dir='ltr'><strong><em>recipiendum</em></strong></span> <span class='ocrx_word' id='word_1_633' title='bbox 921 4291 972 4337; x_wconf 89' lang='lat' dir='ltr'><strong><em>aut</em></strong></span> <span class='ocrx_word' id='word_1_634' title='bbox 989 4287 1090 4338; x_wconf 81' lang='lat' dir='ltr'><strong><em>admit</em></strong></span> <span class='ocrx_word' id='word_1_635' title='bbox 1116 4290 1171 4338; x_wconf 91' lang='lat' dir='ltr'><strong><em>tem</em></strong></span> <span class='ocrx_word' id='word_1_636' title='bbox 1201 4285 1335 4340; x_wconf 85' lang='lat' dir='ltr'><strong><em>ecclesiae</em></strong></span> <span class='ocrx_word' id='word_1_637' title='bbox 1363 4284 1543 4338; x_wconf 85' lang='lat' dir='ltr'><strong><em>occidentalis</em></strong></span> <span class='ocrx_word' id='word_1_638' title='bbox 1575 4284 1706 4339; x_wconf 87' lang='lat' dir='ltr'><strong><em>emissent</em></strong></span> <span class='ocrx_word' id='word_1_639' title='bbox 1737 4301 1771 4339; x_wconf 89' lang='lat' dir='ltr'><strong><em>ae</em></strong></span> <span class='ocrx_word' id='word_1_640' title='bbox 1803 4286 1833 4340; x_wconf 87' lang='lat' dir='ltr'><strong><em>iu</em></strong></span> <span class='ocrx_word' id='word_1_641' title='bbox 1860 4287 1946 4359; x_wconf 80' lang='lat' dir='ltr'><strong><em>capita</em></strong></span> 
     </span>
     <span class='ocr_line' id='line_1_48' title="bbox 256 4367 1946 4441; baseline 0.007 -23"><span class='ocrx_word' id='word_1_642' title='bbox 256 4368 370 4420; x_wconf 88' lang='lat' dir='ltr'><strong><em>tendum</em></strong></span> <span class='ocrx_word' id='word_1_643' title='bbox 387 4367 417 4419; x_wconf 88' lang='lat' dir='ltr'><strong><em>in</em></strong></span> <span class='ocrx_word' id='word_1_644' title='bbox 433 4367 571 4436; x_wconf 77' lang='lat' dir='ltr'><strong><em>sclipione</em></strong></span> <span class='ocrx_word' id='word_1_645' title='bbox 588 4384 656 4432; x_wconf 82' lang='lat' dir='ltr'><strong><em>esce,</em></strong></span> <span class='ocrx_word' id='word_1_646' title='bbox 674 4369 731 4420; x_wconf 85' lang='lat' dir='ltr'><strong><em>nisi</em></strong></span> <span class='ocrx_word' id='word_1_647' title='bbox 749 4369 782 4421; x_wconf 88' lang='lat' dir='ltr'><strong><em>id</em></strong></span> <span class='ocrx_word' id='word_1_648' title='bbox 799 4369 898 4437; x_wconf 83' lang='lat' dir='ltr'><strong><em>solum,</em></strong></span> <span class='ocrx_word' id='word_1_649' title='bbox 915 4373 992 4439; x_wconf 76' lang='lat' dir='ltr'><strong><em>qood</em></strong></span> <span class='ocrx_word' id='word_1_650' title='bbox 1008 4374 1090 4426; x_wconf 82' lang='lat' dir='ltr'><strong><em>Deus</em></strong></span> <span class='ocrx_word' id='word_1_651' title='bbox 1117 4370 1254 4441; x_wconf 86' lang='lat' dir='ltr'><strong><em>quaedam</em></strong></span> <span class='ocrx_word' id='word_1_652' title='bbox 1275 4371 1416 4425; x_wconf 82' lang='lat' dir='ltr'><strong><em>Romanae</em></strong></span> <span class='ocrx_word' id='word_1_653' title='bbox 1440 4368 1505 4424; x_wconf 89' lang='lat' dir='ltr'><strong><em>fidei</em></strong></span> <span class='ocrx_word' id='word_1_654' title='bbox 1527 4369 1742 4439; x_wconf 86' lang='lat' dir='ltr'><strong><em>consensissent,</em></strong></span> <span class='ocrx_word' id='word_1_655' title='bbox 1770 4372 1885 4428; x_wconf 87' lang='lat' dir='ltr'><strong><em>domum</em></strong></span> <span class='ocrx_word' id='word_1_656' title='bbox 1910 4389 1946 4428; x_wconf 89' lang='grc' dir='ltr'><strong><em>ιι·</em></strong></span> 
     </span>
     <span class='ocr_line' id='line_1_49' title="bbox 255 4453 1945 4527; baseline 0.006 -22"><span class='ocrx_word' id='word_1_657' title='bbox 255 4453 336 4505; x_wconf 84' lang='lat' dir='ltr'><strong><em>nobis</em></strong></span> <span class='ocrx_word' id='word_1_658' title='bbox 362 4453 392 4505; x_wconf 89' lang='lat' dir='ltr'><strong><em>in</em></strong></span> <span class='ocrx_word' id='word_1_659' title='bbox 422 4453 514 4506; x_wconf 86' lang='lat' dir='ltr'><strong><em>sacris</em></strong></span> <span class='ocrx_word' id='word_1_660' title='bbox 540 4453 633 4507; x_wconf 86' lang='lat' dir='ltr'><strong><em>literis</em></strong></span> <span class='ocrx_word' id='word_1_661' title='bbox 658 4455 814 4523; x_wconf 84' lang='lat' dir='ltr'><strong><em>praecepit.</em></strong></span> <span class='ocrx_word' id='word_1_662' title='bbox 859 4457 887 4512; x_wconf 86' lang='grc'><strong><em>3.</em></strong></span> <span class='ocrx_word' id='word_1_663' title='bbox 917 4456 1006 4510; x_wconf 88' lang='lat' dir='ltr'><strong><em>Unum</em></strong></span> <span class='ocrx_word' id='word_1_664' title='bbox 1032 4476 1090 4512; x_wconf 83' lang='lat' dir='ltr'><strong><em>esce</em></strong></span> <span class='ocrx_word' id='word_1_665' title='bbox 1116 4458 1188 4512; x_wconf 85' lang='lat' dir='ltr'><strong><em>versi</em></strong></span> <span class='ocrx_word' id='word_1_666' title='bbox 1207 4457 1287 4512; x_wconf 82' lang='lat' dir='ltr'><strong><em>exilio</em></strong></span> <span class='ocrx_word' id='word_1_667' title='bbox 1305 4456 1406 4526; x_wconf 85' lang='lat' dir='ltr'><strong><em>partim</em></strong></span> <span class='ocrx_word' id='word_1_668' title='bbox 1427 4461 1594 4526; x_wconf 88' lang='lat' dir='ltr'><strong><em>spontaneo,</em></strong></span> <span class='ocrx_word' id='word_1_669' title='bbox 1612 4457 1713 4527; x_wconf 85' lang='lat' dir='ltr'><strong><em>partim</em></strong></span> <span class='ocrx_word' id='word_1_670' title='bbox 1731 4460 1945 4514; x_wconf 78' lang='lat' dir='ltr'><strong><em>excommunice-</em></strong></span> 
     </span>
     <span class='ocr_line' id='line_1_50' title="bbox 255 4539 1947 4615; baseline 0.005 -22"><span class='ocrx_word' id='word_1_671' title='bbox 255 4546 363 4593; x_wconf 85' lang='lat' dir='ltr'><strong><em>tantum</em></strong></span> <span class='ocrx_word' id='word_1_672' title='bbox 389 4539 588 4607; x_wconf 84' lang='lat' dir='ltr'><strong><em>mediatorem,</em></strong></span> <span class='ocrx_word' id='word_1_673' title='bbox 618 4557 667 4593; x_wconf 90' lang='lat' dir='ltr'><strong><em>nec</em></strong></span> <span class='ocrx_word' id='word_1_674' title='bbox 693 4541 866 4595; x_wconf 84' lang='lat' dir='ltr'><strong><em>invocandos</em></strong></span> <span class='ocrx_word' id='word_1_675' title='bbox 892 4551 1002 4598; x_wconf 90' lang='lat' dir='ltr'><strong><em>sanctos</em></strong></span> <span class='ocrx_word' id='word_1_676' title='bbox 1028 4547 1089 4599; x_wconf 89' lang='lat' dir='ltr'><strong><em>ullo</em></strong></span> <span class='ocrx_word' id='word_1_677' title='bbox 1117 4545 1198 4599; x_wconf 82' lang='lat' dir='ltr'><strong><em>tionis</em></strong></span> <span class='ocrx_word' id='word_1_678' title='bbox 1216 4542 1331 4598; x_wconf 84' lang='lat' dir='ltr'><strong><em>fulmine</em></strong></span> <span class='ocrx_word' id='word_1_679' title='bbox 1348 4548 1378 4595; x_wconf 91' lang='lat' dir='ltr'><strong><em>in</em></strong></span> <span class='ocrx_word' id='word_1_680' title='bbox 1396 4559 1426 4596; x_wconf 88' lang='lat' dir='ltr'><strong><em>se</em></strong></span> <span class='ocrx_word' id='word_1_681' title='bbox 1445 4542 1567 4612; x_wconf 83' lang='lat' dir='ltr'><strong><em>vibrato,</em></strong></span> <span class='ocrx_word' id='word_1_682' title='bbox 1592 4559 1710 4613; x_wconf 83' lang='lat' dir='ltr'><strong><em>poenam</em></strong></span> <span class='ocrx_word' id='word_1_683' title='bbox 1729 4543 1813 4615; x_wconf 89' lang='lat' dir='ltr'><strong><em>hujus</em></strong></span> <span class='ocrx_word' id='word_1_684' title='bbox 1832 4545 1947 4602; x_wconf 86' lang='lat' dir='ltr'><strong><em>instituti</em></strong></span> 
     </span>
     <span class='ocr_line' id='line_1_51' title="bbox 255 4626 1946 4696; baseline 0.007 -19"><span class='ocrx_word' id='word_1_685' title='bbox 255 4626 375 4680; x_wconf 87' lang='lat' dir='ltr'><strong><em>ratione.</em></strong></span> <span class='ocrx_word' id='word_1_686' title='bbox 402 4628 426 4678; x_wconf 80' lang='grc' dir='ltr'><strong><em>ι.</em></strong></span> <span class='ocrx_word' id='word_1_687' title='bbox 439 4626 643 4692; x_wconf 74' lang='lat' dir='ltr'><strong><em>Paraetonium</em></strong></span> <span class='ocrx_word' id='word_1_688' title='bbox 663 4626 769 4679; x_wconf 90' lang='lat' dir='ltr'><strong><em>nullum</em></strong></span> <span class='ocrx_word' id='word_1_689' title='bbox 787 4642 853 4696; x_wconf 86' lang='lat' dir='ltr'><strong><em>esse,</em></strong></span> <span class='ocrx_word' id='word_1_690' title='bbox 871 4631 1029 4684; x_wconf 84' lang='lat' dir='ltr'><strong><em>sedomnes</em></strong></span> <span class='ocrx_word' id='word_1_691' title='bbox 1042 4631 1089 4683; x_wconf 89' lang='lat' dir='ltr'><strong><em>ho·</em></strong></span> <span class='ocrx_word' id='word_1_692' title='bbox 1117 4631 1160 4685; x_wconf 90' lang='lat' dir='ltr'><strong><em>sui</em></strong></span> <span class='ocrx_word' id='word_1_693' title='bbox 1184 4630 1220 4685; x_wconf 89' lang='lat' dir='ltr'><strong><em>ab</em></strong></span> <span class='ocrx_word' id='word_1_694' title='bbox 1238 4628 1357 4684; x_wconf 89' lang='lat' dir='ltr'><strong><em>ecclesia</em></strong></span> <span class='ocrx_word' id='word_1_695' title='bbox 1374 4628 1501 4684; x_wconf 84' lang='lat' dir='ltr'><strong><em>orientali</em></strong></span> <span class='ocrx_word' id='word_1_696' title='bbox 1519 4629 1595 4685; x_wconf 88' lang='lat' dir='ltr'><strong><em>luere</em></strong></span> <span class='ocrx_word' id='word_1_697' title='bbox 1615 4629 1703 4684; x_wconf 85' lang='lat' dir='ltr'><strong><em>eoacti</em></strong></span> <span class='ocrx_word' id='word_1_698' title='bbox 1723 4631 1848 4690; x_wconf 83' lang='lat' dir='ltr'><strong><em>fuerunt.</em></strong></span> <span class='ocrx_word' id='word_1_699' title='bbox 1883 4633 1946 4688; x_wconf 78' lang='lat' dir='ltr'><strong><em>Pro</em></strong></span> 
     </span>
     <span class='ocr_line' id='line_1_52' title="bbox 254 4708 1946 4785; baseline 0.005 -21"><span class='ocrx_word' id='word_1_700' title='bbox 254 4713 343 4764; x_wconf 86' lang='lat' dir='ltr'><strong><em>mines</em></strong></span> <span class='ocrx_word' id='word_1_701' title='bbox 355 4711 398 4763; x_wconf 89' lang='lat' dir='ltr'><strong><em>ael</em></strong></span> <span class='ocrx_word' id='word_1_702' title='bbox 407 4727 462 4779; x_wconf 90' lang='lat' dir='ltr'><strong><em>per</em></strong></span> <span class='ocrx_word' id='word_1_703' title='bbox 472 4708 613 4765; x_wconf 88' lang='lat' dir='ltr'><strong><em>Christum</em></strong></span> <span class='ocrx_word' id='word_1_704' title='bbox 618 4711 794 4779; x_wconf 81' lang='lat' dir='ltr'><strong><em>justificatos</em></strong></span> <span class='ocrx_word' id='word_1_705' title='bbox 805 4713 834 4765; x_wconf 83' lang='lat' dir='ltr'><strong><em>in</em></strong></span> <span class='ocrx_word' id='word_1_706' title='bbox 843 4713 928 4767; x_wconf 88' lang='lat' dir='ltr'><strong><em>citam</em></strong></span> <span class='ocrx_word' id='word_1_707' title='bbox 938 4723 1088 4785; x_wconf 87' lang='lat' dir='ltr'><strong><em>aeternam,</em></strong></span> <span class='ocrx_word' id='word_1_708' title='bbox 1115 4717 1180 4771; x_wconf 89' lang='lat' dir='ltr'><strong><em>iude</em></strong></span> <span class='ocrx_word' id='word_1_709' title='bbox 1201 4716 1225 4770; x_wconf 90' lang='lat' dir='ltr'><strong><em>si</em></strong></span> <span class='ocrx_word' id='word_1_710' title='bbox 1242 4716 1287 4771; x_wconf 87' lang='lat' dir='ltr'><strong><em>vel</em></strong></span> <span class='ocrx_word' id='word_1_711' title='bbox 1306 4715 1424 4770; x_wconf 83' lang='lat' dir='ltr'><strong><em>maxime</em></strong></span> <span class='ocrx_word' id='word_1_712' title='bbox 1444 4714 1497 4770; x_wconf 90' lang='lat' dir='ltr'><strong><em>sub</em></strong></span> <span class='ocrx_word' id='word_1_713' title='bbox 1514 4723 1620 4785; x_wconf 85' lang='lat' dir='ltr'><strong><em>papatu</em></strong></span> <span class='ocrx_word' id='word_1_714' title='bbox 1637 4715 1715 4770; x_wconf 89' lang='lat' dir='ltr'><strong><em>nulla</em></strong></span> <span class='ocrx_word' id='word_1_715' title='bbox 1734 4717 1835 4774; x_wconf 86' lang='lat' dir='ltr'><strong><em>fuisset</em></strong></span> <span class='ocrx_word' id='word_1_716' title='bbox 1849 4718 1946 4775; x_wconf 87' lang='lat' dir='ltr'><strong><em>Christi</em></strong></span> 
     </span>
     <span class='ocr_line' id='line_1_53' title="bbox 253 4796 1947 4874; baseline 0.007 -25"><span class='ocrx_word' id='word_1_717' title='bbox 253 4797 296 4851; x_wconf 88' lang='grc' dir='ltr'><strong><em>ιιι</em></strong></span> <span class='ocrx_word' id='word_1_718' title='bbox 320 4813 376 4850; x_wconf 88' lang='lat' dir='ltr'><strong><em>non</em></strong></span> <span class='ocrx_word' id='word_1_719' title='bbox 399 4799 544 4850; x_wconf 86' lang='lat' dir='ltr'><strong><em>credentes</em></strong></span> <span class='ocrx_word' id='word_1_720' title='bbox 569 4796 599 4851; x_wconf 92' lang='lat' dir='ltr'><strong><em>in</em></strong></span> <span class='ocrx_word' id='word_1_721' title='bbox 624 4806 768 4851; x_wconf 87' lang='lat' dir='ltr'><strong><em>aeternum</em></strong></span> <span class='ocrx_word' id='word_1_722' title='bbox 787 4799 900 4852; x_wconf 83' lang='lat' dir='ltr'><strong><em>esitium</em></strong></span> <span class='ocrx_word' id='word_1_723' title='bbox 917 4802 1010 4870; x_wconf 84' lang='lat' dir='ltr'><strong><em>abire,</em></strong></span> <span class='ocrx_word' id='word_1_724' title='bbox 1034 4810 1088 4859; x_wconf 90' lang='lat' dir='ltr'><strong><em>ter·</em></strong></span> <span class='ocrx_word' id='word_1_725' title='bbox 1115 4802 1232 4857; x_wconf 86' lang='lat' dir='ltr'><strong><em>ecclesia</em></strong></span> <span class='ocrx_word' id='word_1_726' title='bbox 1251 4802 1341 4873; x_wconf 88' lang='lat' dir='ltr'><strong><em>(eujus</em></strong></span> <span class='ocrx_word' id='word_1_727' title='bbox 1359 4802 1527 4857; x_wconf 85' lang='lat' dir='ltr'><strong><em>contrarium</em></strong></span> <span class='ocrx_word' id='word_1_728' title='bbox 1544 4801 1714 4856; x_wconf 87' lang='lat' dir='ltr'><strong><em>ostendimus</em></strong></span> <span class='ocrx_word' id='word_1_729' title='bbox 1727 4803 1876 4874; x_wconf 87' lang='lat' dir='ltr'><strong><em>superius),</em></strong></span> <span class='ocrx_word' id='word_1_730' title='bbox 1896 4821 1947 4860; x_wconf 85' lang='lat' dir='ltr'><strong><em>nea</em></strong></span> 
     </span>
     <span class='ocr_line' id='line_1_54' title="bbox 154 4874 1947 4959; baseline 0.005 -24"><span class='ocrx_word' id='word_1_731' title='bbox 154 4889 157 4892; x_wconf 55' lang='lat'><strong>⁴</strong></span> <span class='ocrx_word' id='word_1_732' title='bbox 253 4883 322 4937; x_wconf 83' lang='lat' dir='ltr'><strong><em>tium</em></strong></span> <span class='ocrx_word' id='word_1_733' title='bbox 341 4890 392 4936; x_wconf 86' lang='lat' dir='ltr'><strong><em>ant</em></strong></span> <span class='ocrx_word' id='word_1_734' title='bbox 410 4890 541 4951; x_wconf 79' lang='lat' dir='ltr'><strong><em>quartum</em></strong></span> <span class='ocrx_word' id='word_1_735' title='bbox 557 4883 648 4937; x_wconf 91' lang='lat' dir='ltr'><strong><em>locum</em></strong></span> <span class='ocrx_word' id='word_1_736' title='bbox 665 4900 809 4952; x_wconf 89' lang='lat' dir='ltr'><strong><em>superesse</em></strong></span> <span class='ocrx_word' id='word_1_737' title='bbox 824 4887 940 4941; x_wconf 88' lang='lat' dir='ltr'><strong><em>nullum.</em></strong></span> <span class='ocrx_word' id='word_1_738' title='bbox 973 4892 998 4940; x_wconf 76' lang='grc' dir='ltr'><strong><em>ι.</em></strong></span> <span class='ocrx_word' id='word_1_739' title='bbox 1012 4889 1086 4941; x_wconf 87' lang='lat' dir='ltr'><strong><em>Tan·</em></strong></span> <span class='ocrx_word' id='word_1_740' title='bbox 1114 4895 1207 4944; x_wconf 85' lang='lat' dir='ltr'><strong><em>tamen</em></strong></span> <span class='ocrx_word' id='word_1_741' title='bbox 1237 4905 1349 4958; x_wconf 88' lang='lat' dir='ltr'><strong><em>prorsus</em></strong></span> <span class='ocrx_word' id='word_1_742' title='bbox 1377 4889 1407 4942; x_wconf 92' lang='lat' dir='ltr'><strong><em>in</em></strong></span> <span class='ocrx_word' id='word_1_743' title='bbox 1435 4874 1538 4942; x_wconf 83' lang='lat' dir='ltr'><strong><em>mundo</em></strong></span> <span class='ocrx_word' id='word_1_744' title='bbox 1568 4889 1721 4959; x_wconf 83' lang='lat' dir='ltr'><strong><em>exspirasse</em></strong></span> <span class='ocrx_word' id='word_1_745' title='bbox 1746 4896 1797 4945; x_wconf 87' lang='lat' dir='ltr'><strong><em>aut</em></strong></span> <span class='ocrx_word' id='word_1_746' title='bbox 1815 4890 1947 4947; x_wconf 80' lang='lat' dir='ltr'><strong><em>deiecisse</em></strong></span> 
     </span>
     <span class='ocr_line' id='line_1_55' title="bbox 251 4971 1947 5040; baseline 0.006 -18"><span class='ocrx_word' id='word_1_747' title='bbox 251 4976 309 5022; x_wconf 89' lang='lat' dir='ltr'><strong><em>tum</em></strong></span> <span class='ocrx_word' id='word_1_748' title='bbox 334 4971 391 5023; x_wconf 86' lang='lat' dir='ltr'><strong><em>duo</em></strong></span> <span class='ocrx_word' id='word_1_749' title='bbox 416 4975 596 5022; x_wconf 87' lang='lat' dir='ltr'><strong><em>sacramenta</em></strong></span> <span class='ocrx_word' id='word_1_750' title='bbox 621 4987 693 5035; x_wconf 90' lang='lat' dir='ltr'><strong><em>esse,</em></strong></span> <span class='ocrx_word' id='word_1_751' title='bbox 721 4971 888 5040; x_wconf 84' lang='lat' dir='ltr'><strong><em>baptismum</em></strong></span> <span class='ocrx_word' id='word_1_752' title='bbox 911 4991 945 5028; x_wconf 90' lang='lat' dir='ltr'><strong><em>ac</em></strong></span> <span class='ocrx_word' id='word_1_753' title='bbox 969 4990 1087 5028; x_wconf 82' lang='lat' dir='ltr'><strong><em>commer-</em></strong></span> <span class='ocrx_word' id='word_1_754' title='bbox 1114 4974 1232 5030; x_wconf 88' lang='lat' dir='ltr'><strong><em>ecelesia</em></strong></span> <span class='ocrx_word' id='word_1_755' title='bbox 1259 4973 1361 5030; x_wconf 84' lang='lat' dir='ltr'><strong><em>Christi</em></strong></span> <span class='ocrx_word' id='word_1_756' title='bbox 1391 4972 1510 5029; x_wconf 88' lang='lat' dir='ltr'><strong><em>dicenda</em></strong></span> <span class='ocrx_word' id='word_1_757' title='bbox 1537 4972 1616 5028; x_wconf 82' lang='lat' dir='ltr'><strong><em>foret</em></strong></span> <span class='ocrx_word' id='word_1_758' title='bbox 1668 4973 1849 5032; x_wconf 85' lang='lat' dir='ltr'><strong><em>Occidentem</em></strong></span> <span class='ocrx_word' id='word_1_759' title='bbox 1877 4976 1947 5031; x_wconf 88' lang='lat' dir='ltr'><strong><em>euim</em></strong></span> 
     </span>
     <span class='ocr_line' id='line_1_56' title="bbox 251 5055 1948 5134; baseline 0.006 -28"><span class='ocrx_word' id='word_1_760' title='bbox 251 5055 369 5111; x_wconf 82' lang='lat' dir='ltr'><strong><em>aionem.</em></strong></span> <span class='ocrx_word' id='word_1_761' title='bbox 406 5058 431 5110; x_wconf 85' lang='grc'><strong><em>6.</em></strong></span> <span class='ocrx_word' id='word_1_762' title='bbox 452 5057 552 5109; x_wconf 89' lang='lat' dir='ltr'><strong><em>Omnes</em></strong></span> <span class='ocrx_word' id='word_1_763' title='bbox 578 5057 677 5110; x_wconf 83' lang='lat' dir='ltr'><strong><em>missas</em></strong></span> <span class='ocrx_word' id='word_1_764' title='bbox 701 5066 727 5111; x_wconf 90' lang='grc' dir='ltr'><strong><em>ιι</em></strong></span> <span class='ocrx_word' id='word_1_765' title='bbox 748 5060 905 5127; x_wconf 69' lang='lat' dir='ltr'><strong><em>praecipius</em></strong></span> <span class='ocrx_word' id='word_1_766' title='bbox 924 5077 986 5129; x_wconf 88' lang='lat' dir='ltr'><strong><em>eas,</em></strong></span> <span class='ocrx_word' id='word_1_767' title='bbox 1014 5079 1087 5131; x_wconf 70' lang='lat' dir='ltr'><strong><em>quac</em></strong></span> <span class='ocrx_word' id='word_1_768' title='bbox 1114 5062 1248 5117; x_wconf 78' lang='lat' dir='ltr'><strong><em>duntaxat</em></strong></span> <span class='ocrx_word' id='word_1_769' title='bbox 1272 5061 1521 5117; x_wconf 87' lang='lat' dir='ltr'><strong><em>Antichristianum</em></strong></span> <span class='ocrx_word' id='word_1_770' title='bbox 1544 5076 1636 5130; x_wconf 85' lang='lat' dir='ltr'><strong><em>papae</em></strong></span> <span class='ocrx_word' id='word_1_771' title='bbox 1658 5077 1775 5133; x_wconf 77' lang='lat' dir='ltr'><strong><em>regrum</em></strong></span> <span class='ocrx_word' id='word_1_772' title='bbox 1794 5063 1948 5134; x_wconf 70' lang='lat' dir='ltr'><strong><em>occupavit,</em></strong></span> 
     </span>
     <span class='ocr_line' id='line_1_57' title="bbox 246 5143 1947 5222; baseline 0.007 -29"><span class='ocrx_word' id='word_1_773' title='bbox 246 5156 304 5208; x_wconf 89' lang='lat' dir='ltr'><strong><em>pro</em></strong></span> <span class='ocrx_word' id='word_1_774' title='bbox 328 5143 445 5196; x_wconf 84' lang='lat' dir='ltr'><strong><em>saortuis</em></strong></span> <span class='ocrx_word' id='word_1_775' title='bbox 469 5149 622 5208; x_wconf 87' lang='lat' dir='ltr'><strong><em>canuntur,</em></strong></span> <span class='ocrx_word' id='word_1_776' title='bbox 649 5143 752 5212; x_wconf 79' lang='lat' dir='ltr'><strong><em>impias</em></strong></span> <span class='ocrx_word' id='word_1_777' title='bbox 777 5163 811 5199; x_wconf 89' lang='lat' dir='ltr'><strong><em>ac</em></strong></span> <span class='ocrx_word' id='word_1_778' title='bbox 831 5147 954 5216; x_wconf 83' lang='lat' dir='ltr'><strong><em>proinde</em></strong></span> <span class='ocrx_word' id='word_1_779' title='bbox 972 5148 1087 5217; x_wconf 88' lang='lat' dir='ltr'><strong><em>penitus</em></strong></span> <span class='ocrx_word' id='word_1_780' title='bbox 1112 5149 1142 5203; x_wconf 92' lang='lat' dir='ltr'><strong><em>iu</em></strong></span> <span class='ocrx_word' id='word_1_781' title='bbox 1161 5149 1295 5204; x_wconf 87' lang='lat' dir='ltr'><strong><em>orientem</em></strong></span> <span class='ocrx_word' id='word_1_782' title='bbox 1315 5165 1380 5203; x_wconf 85' lang='lat' dir='ltr'><strong><em>vero</em></strong></span> <span class='ocrx_word' id='word_1_783' title='bbox 1398 5164 1541 5220; x_wconf 90' lang='lat' dir='ltr'><strong><em>nunquam</em></strong></span> <span class='ocrx_word' id='word_1_784' title='bbox 1559 5148 1691 5218; x_wconf 81' lang='lat' dir='ltr'><strong><em>pervasit,</em></strong></span> <span class='ocrx_word' id='word_1_785' title='bbox 1708 5165 1745 5204; x_wconf 89' lang='lat' dir='ltr'><strong><em>ne</em></strong></span> <span class='ocrx_word' id='word_1_786' title='bbox 1762 5149 1818 5203; x_wconf 88' lang='lat' dir='ltr'><strong><em>illis</em></strong></span> <span class='ocrx_word' id='word_1_787' title='bbox 1836 5149 1947 5222; x_wconf 88' lang='lat' dir='ltr'><strong><em>quidem</em></strong></span> 
     </span>
     <span class='ocr_line' id='line_1_58' title="bbox 251 5226 1947 5308; baseline 0.007 -29"><span class='ocrx_word' id='word_1_788' title='bbox 251 5226 407 5282; x_wconf 83' lang='lat' dir='ltr'><strong><em>abolendas</em></strong></span> <span class='ocrx_word' id='word_1_789' title='bbox 427 5245 494 5285; x_wconf 86' lang='lat' dir='ltr'><strong><em>esse.</em></strong></span> <span class='ocrx_word' id='word_1_790' title='bbox 539 5232 560 5285; x_wconf 86' lang='lat'><strong><em>7.</em></strong></span> <span class='ocrx_word' id='word_1_791' title='bbox 583 5229 683 5282; x_wconf 86' lang='lat' dir='ltr'><strong><em>Omnes</em></strong></span> <span class='ocrx_word' id='word_1_792' title='bbox 701 5232 870 5286; x_wconf 85' lang='lat' dir='ltr'><strong><em>traditiones</em></strong></span> <span class='ocrx_word' id='word_1_793' title='bbox 887 5234 1024 5287; x_wconf 81' lang='lat' dir='ltr'><strong><em>hunscnas</em></strong></span> <span class='ocrx_word' id='word_1_794' title='bbox 1043 5251 1085 5287; x_wconf 86' lang='lat' dir='ltr'><strong><em>re·</em></strong></span> <span class='ocrx_word' id='word_1_795' title='bbox 1112 5235 1292 5308; x_wconf 88' lang='lat' dir='ltr'><strong><em>temporibus,</em></strong></span> <span class='ocrx_word' id='word_1_796' title='bbox 1310 5234 1411 5307; x_wconf 87' lang='lat' dir='ltr'><strong><em>quibus</em></strong></span> <span class='ocrx_word' id='word_1_797' title='bbox 1423 5233 1557 5288; x_wconf 78' lang='lat' dir='ltr'><strong><em>ouentele</em></strong></span> <span class='ocrx_word' id='word_1_798' title='bbox 1571 5232 1791 5290; x_wconf 85' lang='lat' dir='ltr'><strong><em>Christianorum</em></strong></span> <span class='ocrx_word' id='word_1_799' title='bbox 1802 5235 1947 5306; x_wconf 88' lang='lat' dir='ltr'><strong><em>imperium</em></strong></span> 
     </span>
     <span class='ocr_line' id='line_1_59' title="bbox 244 5312 1946 5393; baseline 0.009 -31"><span class='ocrx_word' id='word_1_800' title='bbox 244 5312 392 5377; x_wconf 82' lang='lat' dir='ltr'><strong><em>jiciendas</em></strong></span> <span class='ocrx_word' id='word_1_801' title='bbox 410 5316 454 5368; x_wconf 88' lang='grc' dir='ltr'><strong><em>ιιι</em></strong></span> <span class='ocrx_word' id='word_1_802' title='bbox 471 5323 545 5370; x_wconf 87' lang='lat' dir='ltr'><strong><em>certe</em></strong></span> <span class='ocrx_word' id='word_1_803' title='bbox 557 5334 614 5386; x_wconf 86' lang='lat' dir='ltr'><strong><em>pro</em></strong></span> <span class='ocrx_word' id='word_1_804' title='bbox 634 5318 802 5371; x_wconf 89' lang='lat' dir='ltr'><strong><em>necessariis</em></strong></span> <span class='ocrx_word' id='word_1_805' title='bbox 814 5319 985 5375; x_wconf 87' lang='lat' dir='ltr'><strong><em>adsalutem</em></strong></span> <span class='ocrx_word' id='word_1_806' title='bbox 996 5322 1085 5375; x_wconf 85' lang='lat' dir='ltr'><strong><em>haud·</em></strong></span> <span class='ocrx_word' id='word_1_807' title='bbox 1111 5321 1240 5378; x_wconf 82' lang='lat' dir='ltr'><strong><em>fatiscere</em></strong></span> <span class='ocrx_word' id='word_1_808' title='bbox 1259 5321 1364 5392; x_wconf 88' lang='lat' dir='ltr'><strong><em>coepit,</em></strong></span> <span class='ocrx_word' id='word_1_809' title='bbox 1392 5320 1460 5392; x_wconf 87' lang='lat' dir='ltr'><strong><em>qu&#39;m</em></strong></span> <span class='ocrx_word' id='word_1_810' title='bbox 1477 5320 1533 5376; x_wconf 87' lang='lat' dir='ltr'><strong><em>imo</em></strong></span> <span class='ocrx_word' id='word_1_811' title='bbox 1551 5319 1574 5374; x_wconf 89' lang='lat' dir='ltr'><strong><em>si</em></strong></span> <span class='ocrx_word' id='word_1_812' title='bbox 1592 5320 1775 5392; x_wconf 86' lang='lat' dir='ltr'><strong><em>amplitudine</em></strong></span> <span class='ocrx_word' id='word_1_813' title='bbox 1792 5320 1946 5393; x_wconf 78' lang='lat' dir='ltr'><strong><em>provincis-</em></strong></span> 
     </span>
     <span class='ocr_line' id='line_1_60' title="bbox 251 5401 1946 5479; baseline 0.008 -30"><span class='ocrx_word' id='word_1_814' title='bbox 251 5413 391 5465; x_wconf 78' lang='lat' dir='ltr'><strong><em>quaqunm</em></strong></span> <span class='ocrx_word' id='word_1_815' title='bbox 411 5401 555 5457; x_wconf 81' lang='lat' dir='ltr'><strong><em>habendas</em></strong></span> <span class='ocrx_word' id='word_1_816' title='bbox 574 5421 649 5472; x_wconf 88' lang='lat' dir='ltr'><strong><em>essc,·</em></strong></span> <span class='ocrx_word' id='word_1_817' title='bbox 671 5421 756 5473; x_wconf 80' lang='lat' dir='ltr'><strong><em>eoque</em></strong></span> <span class='ocrx_word' id='word_1_818' title='bbox 776 5405 930 5460; x_wconf 88' lang='lat' dir='ltr'><strong><em>tollendum</em></strong></span> <span class='ocrx_word' id='word_1_819' title='bbox 950 5423 1085 5463; x_wconf 85' lang='lat' dir='ltr'><strong><em>esseron·</em></strong></span> <span class='ocrx_word' id='word_1_820' title='bbox 1111 5425 1173 5463; x_wconf 87' lang='lat' dir='ltr'><strong><em>rum</em></strong></span> <span class='ocrx_word' id='word_1_821' title='bbox 1198 5417 1226 5463; x_wconf 92' lang='lat' dir='ltr'><strong><em>et</em></strong></span> <span class='ocrx_word' id='word_1_822' title='bbox 1250 5424 1398 5479; x_wconf 81' lang='lat' dir='ltr'><strong><em>regnorum</em></strong></span> <span class='ocrx_word' id='word_1_823' title='bbox 1423 5415 1473 5463; x_wconf 89' lang='lat' dir='ltr'><strong><em>aut</em></strong></span> <span class='ocrx_word' id='word_1_824' title='bbox 1495 5405 1636 5462; x_wconf 89' lang='lat' dir='ltr'><strong><em>homiuum</em></strong></span> <span class='ocrx_word' id='word_1_825' title='bbox 1661 5424 1777 5462; x_wconf 87' lang='lat' dir='ltr'><strong><em>numero</em></strong></span> <span class='ocrx_word' id='word_1_826' title='bbox 1803 5407 1946 5464; x_wconf 82' lang='lat' dir='ltr'><strong><em>decertan-</em></strong></span> 
     </span>
     <span class='ocr_line' id='line_1_61' title="bbox 249 5487 1947 5568; baseline 0.009 -32"><span class='ocrx_word' id='word_1_827' title='bbox 249 5488 308 5537; x_wconf 86' lang='lat' dir='ltr'><strong><em>tum</em></strong></span> <span class='ocrx_word' id='word_1_828' title='bbox 327 5491 354 5540; x_wconf 88' lang='grc' dir='ltr'><strong><em>ιι</em></strong></span> <span class='ocrx_word' id='word_1_829' title='bbox 370 5487 561 5545; x_wconf 76' lang='lat' dir='ltr'><strong><em>saltationem</em></strong></span> <span class='ocrx_word' id='word_1_830' title='bbox 578 5490 683 5559; x_wconf 79' lang='lat' dir='ltr'><strong><em>officii,</em></strong></span> <span class='ocrx_word' id='word_1_831' title='bbox 701 5491 819 5561; x_wconf 81' lang='lat' dir='ltr'><strong><em>jejunia</em></strong></span> <span class='ocrx_word' id='word_1_832' title='bbox 842 5494 883 5548; x_wconf 89' lang='lat' dir='ltr'><strong><em>ad</em></strong></span> <span class='ocrx_word' id='word_1_833' title='bbox 906 5495 970 5552; x_wconf 81' lang='lat' dir='ltr'><strong><em>dies</em></strong></span> <span class='ocrx_word' id='word_1_834' title='bbox 988 5503 1080 5554; x_wconf 79' lang='lat' dir='ltr'><strong><em>antor</em></strong></span> <span class='ocrx_word' id='word_1_835' title='bbox 1110 5495 1178 5554; x_wconf 85' lang='lat' dir='ltr'><strong><em>dam</em></strong></span> <span class='ocrx_word' id='word_1_836' title='bbox 1199 5495 1295 5567; x_wconf 82' lang='lat' dir='ltr'><strong><em>luerit,</em></strong></span> <span class='ocrx_word' id='word_1_837' title='bbox 1320 5510 1377 5552; x_wconf 87' lang='lat' dir='ltr'><strong><em>nou</em></strong></span> <span class='ocrx_word' id='word_1_838' title='bbox 1399 5493 1500 5552; x_wconf 86' lang='lat' dir='ltr'><strong><em>desunt</em></strong></span> <span class='ocrx_word' id='word_1_839' title='bbox 1518 5499 1601 5552; x_wconf 80' lang='grc' dir='ltr'><strong><em>ιιιιιι</em></strong></span> <span class='ocrx_word' id='word_1_840' title='bbox 1621 5492 1677 5551; x_wconf 85' lang='lat' dir='ltr'><strong><em>fide</em></strong></span> <span class='ocrx_word' id='word_1_841' title='bbox 1695 5493 1788 5568; x_wconf 70' lang='lat' dir='ltr'><strong><em>digni,</em></strong></span> <span class='ocrx_word' id='word_1_842' title='bbox 1813 5495 1867 5568; x_wconf 84' lang='lat' dir='ltr'><strong><em>qai</em></strong></span> <span class='ocrx_word' id='word_1_843' title='bbox 1882 5510 1947 5568; x_wconf 85' lang='lat' dir='ltr'><strong><em>per·</em></strong></span> 
     </span>
    </p>
   </div>
   <div class='ocr_carea' id='block_1_3' title="bbox 0 0 2006 6022">
    <p class='ocr_par' dir='ltr' id='par_1_3' title="bbox 0 0 2006 6022">
     <span class='ocr_line' id='line_1_62' title="bbox 0 0 2006 6022; baseline 0 1"><span class='ocrx_word' id='word_1_844' title='bbox 0 0 2006 6022; x_wconf 95' lang='lat' dir='ltr'><strong><em> </em></strong></span> 
     </span>
    </p>
   </div>
  </div>
 </body>
</html>
