4004 6022
811 192 864 257 bs
882 190 1073 260 neeffleta
1721 208 1781 271 525

94 354 318 431 Respondemus:
339 363 361 415 i.
381 355 524 416 Sententia
540 365 634 415 nostra
651 360 686 415 de
704 357 828 427 gratuita
843 356 924 429 justi·
954 356 1095 413 liberatur.
1130 355 1209 413 Idem
1242 354 1277 413 ds
1306 351 1364 414 fids
1390 356 1505 429 speciali
1532 357 1675 415 nobiscum
1702 360 1785 418 docet

95 445 225 500 ficatione
243 463 293 516 per
311 444 394 501 fidem
413 445 442 500 in
455 445 594 500 Christum
613 445 710 500 nititur
729 444 881 516 perspicuis
898 450 927 498 et
954 443 1130 499 Bernhardus
1148 461 1227 500 serm.
1250 449 1272 499 l.
1291 443 1471 500 damnant:
1492 446 1527 500 Si
1543 447 1648 511 esau,
1663 456 1782 517 percus

94 532 215 587 immotis
236 531 396 602 Scripturas
414 532 610 599 fundamentis,
631 539 663 587 ut
680 549 730 587 suo
743 531 803 586 loco
816 530 925 585 demon·
953 539 1003 584 tuo
1024 549 1078 585 ron
1102 548 1185 601 posse
1203 531 1295 586 deleri
1320 530 1377 584 uisi
1394 531 1430 584 ab
1447 548 1495 595 eo,
1519 533 1566 585 eui
1581 533 1638 587 soli
1655 534 1783 604 peccasti

94 626 212 673 stratum
241 618 301 674 fuit.
348 618 421 683 Quid
454 619 626 674 manifestius
657 617 841 687 pronuntiatis
871 616 926 670 illis
954 624 978 671 et
1002 617 1032 670 irs
1055 634 1135 687 quem
1153 625 1300 686 peccatum
1327 635 1381 671 nors
1405 618 1494 686 cudit,
1522 617 1588 672 bene
1608 619 1705 688 facis,
1732 621 1785 676 sed

93 704 273 774 apostolicis?
301 704 380 759 Rom.
405 710 435 773 3,
460 722 486 761 v.
506 711 552 761 te:
580 706 749 768 statuimus,
774 704 928 772 iustificari
954 706 1030 757 udde
1057 704 1165 772 odisse,
1186 711 1219 763 ,ur
1241 705 1357 767 medus,
1387 704 1454 772 quio
1469 721 1524 774 per
1542 704 1634 773 speum
1653 705 1704 759 tihi
1717 723 1783 775 peo-

93 790 231 844 hominem
255 809 308 860 per
330 793 419 861 fidam
444 793 503 846 siue
531 793 662 862 operibus
681 792 758 859 lepris.
789 788 882 844 Galat.
901 794 926 851 2,
953 797 1018 841 cata
1038 791 1187 858 donantur,
1204 792 1245 844 sic
1263 790 1336 844 enim
1355 789 1510 843 arbitratur
1523 791 1675 860 apostolus.
1693 793 1784 861 protis

94 893 120 930 r.
145 882 192 932 le:
217 877 353 943 Selectos,
371 880 448 947 quod
461 897 515 932 nou
535 880 700 948 iustificetur
717 879 797 933 homo
815 895 847 930 es
862 893 925 946 ope·
952 875 1106 940 iustificari
1124 877 1260 930 hominem
1280 893 1334 946 per
1355 879 1452 944 fidem.
1493 880 1518 930 5.
1540 878 1626 931 rides
1649 876 1703 930 illo
1722 894 1784 955 spe·

92 962 172 1016 ribus
191 963 278 1033 leptis,
298 963 357 1017 rsiss'
375 982 428 1034 per
442 966 531 1033 fidem
549 966 621 1019 Jesu
638 964 759 1033 Christi,
783 973 808 1018 et
824 963 925 1016 ausin
953 960 1036 1014 cials‘s
1059 960 1162 1033 (inquit
1184 962 1378 1026 Bellarminus)
1405 964 1480 1018 tollit
1508 964 1663 1018 orationem
1687 966 1784 1020 Domi·

94 1047 235 1102 Christum
258 1051 411 1115 credimus,
438 1059 468 1104 ut
483 1052 670 1120 justificemur
694 1069 726 1105 eo
742 1052 803 1120 fide
824 1048 927 1101 Christi
955 1046 1052 1100 nicom.
1087 1048 1309 1120 Respondemus:
1326 1050 1438 1106 minime
1456 1066 1529 1119 vero,
1549 1050 1616 1118 quia
1632 1050 1784 1119 justificati

93 1143 120 1187 et
145 1153 200 1188 non
218 1153 251 1189 ec
270 1137 401 1204 operibus
418 1138 496 1205 lepis.
536 1137 641 1202 Quodsi
661 1154 727 1209 ergo
748 1136 791 1192 vel
809 1135 926 1189 maxime
954 1135 1009 1192 ride
1032 1151 1131 1203 pacem
1158 1137 1288 1190 hahemus
1314 1144 1340 1190 et
1370 1153 1432 1190 cum
1458 1137 1565 1201 firluoiu
1590 1138 1631 1189 nd
1656 1137 1785 1194 samum

93 1221 195 1275 rationi
219 1220 356 1278 humanae
379 1222 448 1278 haec
472 1229 565 1278 nostra
590 1224 624 1279 de
644 1222 842 1294 justificatione
867 1237 926 1275 sen-
953 1222 1063 1288 oratioe
1084 1224 1258 1290 oredimus,
1278 1223 1356 1279 Rom.
1373 1231 1397 1287 5,
1410 1241 1435 1279 ν,
1451 1229 1473 1278 i.
1498 1221 1679 1278 Peccatorum
1690 1223 1785 1280 remis·

93 1308 183 1361 tentia
204 1307 411 1378 adversaretur,
439 1327 471 1364 ex
489 1326 521 1365 eo
541 1317 634 1364 umen
652 1309 761 1365 veritati
781 1309 840 1380 ejus
859 1306 926 1361 nihil
954 1308 1057 1363 sionem
1079 1309 1204 1382 quotidie
1226 1327 1259 1364 ex
1287 1309 1389 1364 Christi
1409 1309 1536 1364 instituto
1556 1309 1688 1380 petimus,
1717 1310 1785 1379 quia

94 1394 256 1457 decederet,
288 1395 354 1465 quia
377 1396 412 1450 de
435 1396 572 1466 mysteriis
594 1395 659 1450 fidei
683 1414 738 1452 non
762 1413 795 1451 ex
813 1395 926 1460 ratione,
955 1394 1070 1465 scimus,
1096 1405 1240 1466 peccatum
1258 1396 1287 1451 iu
1305 1413 1388 1453 carne
1406 1396 1496 1450 adhuc
1515 1394 1654 1464 babitare,
1679 1411 1783 1467 nosque

94 1479 143 1535 sed
165 1496 198 1534 ex
215 1480 270 1534 Dci
287 1480 371 1537 verbo
384 1483 576 1552 judicandum.
611 1489 635 1539 2.
653 1483 726 1538 Num
746 1499 811 1538 vero
831 1488 927 1536 contra
953 1497 985 1535 eo
1011 1482 1134 1552 quotidie
1159 1500 1208 1553 per
1230 1481 1299 1537 illud
1325 1483 1361 1537 sd
1385 1482 1480 1553 lapsus
1497 1482 1642 1551 solicitari,
1672 1483 1783 1552 saepius

94 1582 205 1620 omnem
224 1566 357 1623 radonem
376 1577 491 1639 pugnat,
511 1568 596 1624 alium
613 1587 662 1639 pro
682 1569 738 1624 alio
758 1568 926 1632 satisfacere,
954 1567 1036 1622 etiam
1057 1570 1092 1623 ad
1111 1569 1205 1640 lapsus
1220 1570 1336 1640 impelli,
1354 1570 1464 1623 interim
1483 1567 1538 1624 fide
1557 1569 1719 1637 statuimus,
1735 1584 1785 1639 per

94 1668 129 1706 ac
154 1670 204 1722 per
229 1651 301 1709 hano
326 1654 545 1710 satisfactionem
569 1656 685 1711 alterum
703 1656 739 1710 ab
758 1654 926 1727 obligatione
953 1653 1092 1708 Christum
1116 1655 1196 1711 nobis
1220 1657 1380 1726 contingere
1402 1664 1579 1727 peccatorum
1596 1655 1784 1712 remissionem

95 1738 183 1793 debiti
209 1739 342 1794 liberari?
378 1740 512 1796 Homines
535 1759 628 1797 coram
654 1742 708 1798 Dei
729 1741 836 1812 judicio
861 1751 923 1794 sunt
953 1748 981 1794 ct
1004 1741 1125 1795 sordium
1149 1741 1357 1797 adhaerentium
1380 1759 1430 1812 per
1449 1743 1611 1814 sangninem
1630 1741 1717 1813 ipsius
1734 1740 1782 1796 ab·
1796 1752 1842 1799 su
1855 1754 1888 1800 ta

95 1824 249 1889 debitores,
275 1827 426 1883 amiserunt
447 1830 531 1884 enim·
543 1837 718 1885 concreatam
739 1829 876 1900 justitiam
899 1835 926 1882 et
953 1827 1092 1883 lutionem.
1129 1827 1193 1883 Non
1209 1828 1355 1893 credimus,
1374 1846 1425 1885 nec
1443 1828 1555 1884 credere
1574 1828 1715 1892 debemus,
1732 1844 1783 1889 nos

95 1911 282 1983 integritatem
306 1912 333 1967 in
357 1917 446 1983 primo
470 1924 585 1986 parente
605 1932 638 1970 ac
657 1916 753 1971 foenus
773 1915 826 1970 hoc
844 1914 924 1985 origi·
953 1930 1008 1968 non
1025 1913 1129 1970 habere
1145 1923 1273 1986 peccata,
1299 1915 1349 1970 scd
1365 1915 1502 1970 oredimus
1520 1922 1549 1970 et
1568 1915 1680 1971 credere
1701 1913 1782 1973 debe·

94 1997 159 2053 nale
183 1998 300 2069 propriis
323 2000 424 2055 debitis
450 2001 659 2073 quamplurimis
677 2009 826 2071 auxerunt,
851 2000 925 2055 unde
955 2017 1029 2065 mus,
1054 2018 1104 2070 per
1122 1999 1261 2055 Christum
1285 2001 1365 2056 nobis
1389 2002 1504 2057 remissa
1530 2018 1591 2057 esse
1616 2009 1645 2056 et
1659 1999 1783 2072 quotidie

95 2084 263 2140 denotantur
286 2104 337 2156 per
364 2105 486 2159 seruum,
518 2089 568 2158 qui
597 2090 721 2144 Domino
750 2106 800 2142 eno
834 2089 924 2141 decem
954 2087 1055 2141 remitti
1084 2095 1209 2159 peccata.
1244 2088 1407 2151 Quaerimus
1437 2094 1529 2143 autem
1558 2106 1577 2144 a
1605 2086 1783 2161 Bellarmino,

94 2172 189 2226 rnillm
206 2173 376 2227 talentorum
393 2175 472 2229 dedet
489 2174 586 2233 Matth.
609 2182 647 2244 18,
666 2191 692 2229 r.
706 2181 747 2232 tl.
773 2174 861 2229 Filius
874 2173 926 2227 Dei
954 2172 1090 2242 quomodo
1107 2171 1213 2245 absque
1231 2173 1280 2228 illa
1297 2172 1352 2230 lide
1369 2173 1491 2245 speciali,
1509 2190 1593 2244 quam
1612 2173 1688 2228 hisce
1702 2189 1783 2245 argu·

94 2256 254 2312 incarnatus
272 2259 384 2328 patitur,
402 2261 455 2316 sihi
472 2279 532 2317 eam
553 2279 687 2316 summam
705 2260 874 2327 transscribi,
891 2275 925 2313 ac
953 2258 998 2312 tiis
1018 2266 1177 2330 oppugnat,
1201 2259 1292 2314 Deum
1315 2261 1345 2314 in
1364 2260 1489 2315 oratione
1507 2259 1654 2316 Dominica
1670 2259 1784 2317 Putrem

94 2344 182 2399 nostri
199 2344 259 2399 loco
279 2344 430 2414 perfectam
449 2347 665 2404 satisfactionem
682 2354 819 2420 praestat,
838 2345 924 2400 essol-
953 2345 1094 2415 appellare
1122 2345 1248 2416 possint?
1285 2346 1442 2418 quaerimus
1475 2346 1574 2412 etiam,
1606 2362 1662 2417 qus
1692 2343 1782 2406 eonts

94 2432 142 2495 eit,
160 2434 236 2500 quod
252 2449 308 2486 oon
326 2443 464 2502 rapuerat
480 2435 578 2490 Psalm.
594 2440 637 2504 69,
655 2454 680 2489 v.
696 2443 720 2490 ὁ.
738 2435 810 2488 hanc
824 2431 925 2487 Christi
953 2439 1089 2500 asserant,
1113 2448 1143 2487 se
1167 2431 1271 2486 meritis
1294 2448 1409 2503 operum
1433 2433 1517 2487 sitam
1538 2438 1679 2487 aeternam
1696 2430 1782 2501 imps-

94 2517 312 2574 satisfsctionem
330 2518 412 2574 homo
430 2521 574 2592 poenitens
592 2520 648 2578 fide
666 2521 843 2592 amplectitur
860 2517 924 2573 sibi·
953 2527 1026 2572 trare
1044 2533 1138 2588 posse,
1163 2533 1225 2572 oum
1247 2533 1347 2588 panem
1364 2517 1556 2591 quotidianum
1576 2517 1748 2574 emendicare
1766 2531 1784 2578 a

94 2621 149 2675 que
167 2603 291 2675 applicat
309 2603 424 2661 firmiter
443 2614 581 2676 statuens,
608 2625 638 2664 se
655 2616 768 2678 propter
786 2605 925 2660 Christum
952 2603 1062 2658 Christo
1080 2602 1274 2672 instituantur3
1293 2603 1451 2675 quaerimus
1469 2604 1598 2675 insuper,
1621 2619 1706 2677 quare
1723 2600 1782 2673 glo

94 2688 124 2743 in
143 2692 261 2761 gratim
280 2707 298 2745 a
315 2691 376 2746 Deo
395 2692 496 2763 recipi,
514 2701 628 2764 propter
643 2692 745 2747 Christi
765 2691 926 2762 persolutio·
953 2691 1017 2744 riari
1041 2689 1135 2745 ausint
1162 2690 1197 2746 de
1220 2690 1351 2761 operibus
1378 2690 1641 2763 supererogationis,
1666 2706 1730 2744 cum
1753 2703 1783 2750 ss

94 2793 157 2831 nem
183 2777 278 2832 debita
302 2783 479 2848 pcccatorum
504 2779 558 2834 sibi
582 2780 685 2835 remitti
708 2788 737 2834 et
758 2795 850 2833 coram
873 2777 925 2832 Dei
953 2777 1092 2833 debitores
1123 2793 1183 2834 esse
1209 2776 1391 2850 profiteantur
1419 2777 1648 2834 condonationem
1677 2774 1784 2835 dehita·

88 2862 198 2933 judicio
221 2880 238 2919 a
264 2864 348 2935 culpa
370 2873 399 2922 ct
418 2883 508 2937 poena
535 2867 649 2921 absolvi.
688 2865 796 2937 Ecquid
821 2864 850 2918 in
874 2863 926 2918 hac
952 2881 1013 2917 rum
1031 2880 1142 2919 suorum
1160 2869 1300 2935 petentes;
1324 2864 1481 2936 quaerimus
1499 2865 1634 2935 danique,
1658 2879 1713 2933 qno
1736 2876 1784 2920 osa

94 2957 189 3004 nostra
213 2951 349 3007 sententia
375 2969 438 3006 cum
467 2952 552 3007 serbo
579 2951 634 3006 Dei
664 2956 693 3007 et
719 2959 795 3008 recta
819 2950 926 3005 ratione
953 2957 1079 3007 asserant
1097 2967 1161 3006 suas
1179 2951 1397 3020 satisfactiones,
1421 2967 1486 3006 cum
1508 2949 1695 3006 remissionem
1719 2963 1783 3018 pso·

91 3036 221 3107 pugnat?
257 3043 280 3092 3.
301 3036 508 3092 Pontificiorum
527 3054 593 3093 sero
611 3037 768 3108 opiniones,
792 3038 866 3109 quod
884 3036 924 3090 in·
953 3046 1076 3093 catorum
1094 3038 1123 3092 in
1141 3037 1422 3093 orationeDominics
1441 3045 1535 3108 petere
1550 3037 1708 3092 doceantur.
1735 3033 1783 3094 ad

93 3121 191 3178 finitae
215 3128 243 3178 et
265 3123 480 3193 perfectissimae
500 3125 627 3195 justitiae
645 3122 699 3180 Dei
718 3124 819 3180 nostris
838 3125 926 3195 operi·
953 3126 1038 3190 istaec
1063 3125 1155 3179 omnia
1173 3129 1269 3195 aperte
1292 3129 1321 3177 er
1343 3124 1404 3178 sins
1427 3122 1493 3178 fuco
1520 3120 1600 3177 nobis
1616 3120 1784 3191 respondeat

94 3208 147 3263 hus
162 3209 222 3279 jam
243 3216 308 3264 ante
326 3208 436 3278 debitis,
455 3210 604 3282 inquinatis
624 3216 652 3266 et
669 3210 836 3281 imperfectis
847 3213 926 3265 sstis·
953 3211 1150 3280 Bellarmiuus,
1177 3217 1327 3282 autequam
1350 3215 1473 3265 nostram
1491 3208 1525 3264 de
1542 3206 1598 3262 fide
1612 3205 1783 3278 justificante

94 3292 154 3351 lieri
179 3296 278 3365 possit,
305 3295 380 3367 quod
403 3299 501 3352 merito
525 3295 628 3351 Christi
648 3307 742 3353 nosue
759 3296 857 3352 merita
873 3297 928 3351 sint
953 3299 1117 3354 sententiam
1140 3313 1204 3352 cum
1227 3297 1351 3353 orations
1373 3295 1520 3352 Dominica
1543 3310 1668 3366 pugnare
1685 3291 1782 3366 fingat.

95 3381 305 3453 conjungenda,
325 3382 401 3453 quod
418 3382 548 3454 operibus
566 3383 666 3438 nosuis
683 3383 769 3438 vitam
786 3389 926 3439 aeternam
953 3389 979 3442 6.
998 3385 1203 3454 Anoboptistaa
1222 3383 1323 3454 (inquit
1339 3382 1532 3447 Ballarminus)
1557 3390 1632 3436 certo
1656 3382 1782 3449 cresim,

94 3466 232 3523 infinitum
258 3467 329 3522 illud
356 3467 461 3524 bonum
490 3470 640 3541 promereri
665 3471 819 3540 possimus,
853 3471 926 3542 quod
952 3490 982 3527 se
1001 3488 1058 3526 esse
1069 3472 1172 3540 justos,
1190 3478 1217 3524 et
1234 3478 1325 3523 tomen
1345 3469 1379 3522 ob
1396 3486 1508 3524 errores
1525 3486 1591 3523 suos
1609 3484 1628 3522 a
1646 3467 1782 3525 luthero·

95 3556 196 3609 merita
218 3563 375 3609 sanctorum
397 3564 425 3611 et
448 3572 533 3627 opera
551 3557 723 3613 monachalia
741 3557 822 3613 nobis
838 3558 926 3629 appli-
952 3561 997 3614 uis
1015 3561 1194 3613 &mucidum
1224 3556 1432 3626 Respondemus
1452 3554 1586 3612 breviter:
1616 3553 1685 3610 fides
1701 3553 1783 3627 justi·

95 3641 153 3697 cari
170 3641 290 3711 possint,
317 3642 392 3712 quod
414 3642 485 3697 alius
509 3642 590 3698 horno
608 3644 699 3698 nudus
717 3660 767 3713 pro
786 3644 866 3700 nobis
885 3661 926 3698 su·
952 3645 1038 3701 ficaus
1062 3650 1104 3700 est
1128 3659 1184 3698 nou
1208 3643 1297 3697 solum
1319 3640 1435 3707 fiducia,
1463 3641 1513 3697 sed
1539 3641 1622 3698 mam
1639 3641 1739 3698 notitia
1756 3647 1784 3703 st

94 3726 280 3782 tisfactionem
302 3737 443 3798 praestare
468 3730 556 3799 possit
578 3737 632 3787 etc.
657 3738 686 3785 et
704 3731 788 3786 serbo
809 3730 875 3800 Dei,
898 3738 927 3786 et
951 3749 1091 3799 assensus,
1120 3746 1178 3802 qua
1205 3728 1312 3784 ratione
1339 3728 1441 3799 objecti
1467 3727 1530 3783 loco
1557 3727 1644 3784 habet
1668 3726 1784 3790 sorbers

94 3822 188 3870 rectae
206 3815 306 3869 rationi
323 3815 428 3870 directe
445 3816 636 3872 adversantur.
672 3818 847 3888 arisgotus
863 3816 926 3872 Bel·
952 3819 1007 3873 Dei
1029 3819 1058 3872 in
1082 3816 1231 3888 scripturis
1248 3814 1417 3886 propheticis
1435 3821 1465 3870 et
1484 3814 1643 3886 apostolicis
1660 3813 1784 3886 proposi·

94 3901 218 3963 larmini,
247 3919 316 3972 quas
342 3908 437 3957 contm
458 3910 580 3958 nostram
606 3903 641 3959 de
658 3903 859 3974 justificatione
877 3921 927 3975 per
952 3913 1020 3962 tum.
1056 3904 1199 3974 Quotquot
1222 3903 1308 3974 igitur
1330 3901 1486 3972 exploratos
1511 3907 1540 3957 et
1562 3899 1784 3968 fundamentales

93 3986 177 4043 fidem
196 3987 359 4042 sententiam
373 3986 463 4058 affert,
479 3989 589 4045 facilem
601 3988 706 4046 habent
717 3991 927 4061 explicationem
953 4008 1059 4047 errores
1083 4000 1180 4046 contra
1204 3988 1258 4045 Dei
1283 3988 1398 4045 verbum
1422 3987 1627 4059 amplectuutur
1650 3993 1679 4043 et
1701 3985 1784 4058 perti·

94 4081 124 4129 st
141 4072 216 4141 alibi,
234 4073 364 4130 uidelicet
381 4074 410 4128 in
427 4083 506 4130 tract
525 4075 560 4131 de
575 4074 665 4146 justif.
684 4083 750 4133 tom.
764 4083 788 4133 3.
805 4078 926 4133 locorum
954 4078 1059 4134 nsciter
1078 4083 1270 4149 propugnant,
1297 4075 1372 4146 quod
1389 4073 1498 4129 faciunt
1513 4072 1730 4145 Ansbaptistse,
1753 4072 1784 4132 ia

94 4175 119 4215 c.
147 4165 185 4215 ta.
209 4157 237 4231 §-
263 4166 319 4216 145.
339 4167 367 4216 et
387 4177 462 4233 seqq.
483 4161 566 4216 latim
587 4170 652 4217 suut
670 4163 819 4234 expositae.
859 4164 927 4220 Cum
953 4165 1008 4219 illis
1025 4163 1095 4218 fides
1111 4161 1267 4233 justificans
1285 4179 1340 4216 non
1360 4167 1453 4230 potest
1466 4159 1569 4216 habers
1580 4160 1680 4216 locum.
1706 4158 1784 4225 Quas

93 4248 181 4300 credo
201 4246 327 4317 (inquit),
345 4263 388 4302 me
406 4263 464 4301 esse
482 4248 602 4316 iustum.
619 4249 663 4303 nel
680 4268 741 4303 sum
754 4251 865 4319 justia,
883 4253 927 4306 oel
954 4253 989 4308 de
1011 4250 1124 4323 proprio
1146 4249 1267 4321 quodam
1291 4247 1511 4303 Luthersnorum
1537 4264 1639 4315 errore,
1666 4249 1702 4301 de
1727 4248 1784 4313 fids

93 4332 224 4400 injustus.
258 4332 481 4402 Respondemus:
505 4333 539 4387 ssi
556 4332 626 4408 apic
642 4339 668 4389 sl
687 4335 746 4405 ἅμα
764 4337 856 4408 φύσει.
893 4338 925 4393 Iu
952 4337 1059 4392 audica
1084 4339 1227 4401 infortuna
1248 4336 1464 4405 boptsisotorum,
1492 4333 1676 4391 Bellsrminus
1696 4332 1783 4401 addit,

92 4417 322 4487 promissionibus
344 4420 513 4490 evangelicis
540 4420 694 4477 offeruntur
719 4422 798 4477 nobis
824 4422 925 4480 Christi
953 4442 986 4480 ea
1009 4424 1065 4479 iate
1089 4423 1214 4478 discussa
1236 4421 1349 4476 suntin
1365 4427 1445 4478 tract.
1464 4420 1499 4478 du
1516 4419 1654 4490 baptismo
1676 4422 1704 4490 ti.
1722 4424 1782 4479 stt.

94 4502 236 4573 beneficia,
254 4503 326 4559 inter
343 4521 416 4575 quae
433 4505 535 4562 eminet
551 4509 662 4577 justitia
680 4524 772 4563 coram
784 4509 844 4564 Deo
863 4527 925 4565 con·
952 4530 1008 4584 quo
1027 4512 1158 4567 lectorem
1176 4508 1348 4565 remittimus.
1384 4506 1462 4573 Quae
1482 4506 1517 4562 de
1534 4505 1783 4577 Ambsptistsrua

91 4589 208 4655 sistens,
237 4589 305 4644 haec
340 4588 476 4646 beneficia
510 4589 578 4648 fides
606 4595 783 4664 amplectitur
817 4596 926 4668 sibique
952 4606 980 4655 et
1003 4597 1227 4655 Calviniauorum
1250 4593 1390 4651 erroribus
1409 4592 1569 4665 subjungit,
1593 4593 1631 4648 ad
1652 4608 1705 4649 uos
1727 4606 1787 4666 uoq·

90 4676 229 4748 applicat,
256 4694 312 4748 qua
338 4677 445 4732 ratione
470 4676 552 4732 bomo
575 4677 608 4733 fit
629 4681 723 4750 justus
746 4698 838 4736 coram
851 4681 924 4754 Deo,
952 4686 1099 4758 pertinent,
1118 4700 1181 4739 cum
1199 4683 1235 4739 ab
1253 4682 1378 4754 utrisque
1394 4681 1562 4752 Augustaus
1577 4679 1713 4742 comedo
1732 4693 1785 4753 Μ

90 4762 144 4820 hoc
170 4770 214 4819 est
238 4769 354 4833 peccata
376 4763 418 4816 illi
442 4765 619 4820 remittuntur
643 4775 672 4821 et
695 4766 796 4823 Christi
815 4769 925 4839 justitia
951 4774 1088 4844 sejungat.
1776 4765 1780 4777 ⁸

89 4851 147 4922 ipsi
171 4850 330 4922 imputatur.
372 4849 448 4921 Ergo
475 4850 503 4904 in
533 4851 672 4921 disjuncto
698 4853 857 4910 Bellarmini
883 4863 925 4912 est

90 4940 226 5003 iliande,
250 4938 331 4992 datur
348 4937 421 4992 enirn
438 4937 565 5002 tertium,
584 4938 690 4993 scilicet
707 4942 752 4996 rel
770 4942 807 4996 fio
820 4944 922 5012 justus.

90 5027 267 5098 Augustinus
285 5025 332 5079 lib.
351 5030 391 5080 83.
410 5042 456 5096 qq.
476 5030 522 5080 ib:
555 5024 663 5086 Quodsi
680 5044 740 5079 crim
761 5030 925 5096 crediderit,

90 5132 155 5168 mon
176 5115 211 5168 de
231 5115 283 5167 hac
302 5113 360 5165 uita
379 5112 548 5178 discesserit,
561 5112 733 5179 justificatio
751 5115 823 5178 fidei
832 5124 924 5170 monet

91 5218 155 5255 cum
172 5200 225 5253 illo
243 5205 295 5256 eto.
332 5198 361 5253 Si
385 5198 495 5268 captivo
515 5197 625 5252 cuidam
650 5197 764 5254 libertas
782 5216 816 5255 ex
834 5202 925 5272 gratis

90 5287 268 5358 promittatur
297 5301 361 5340 cum
386 5285 438 5339 hae
462 5284 633 5347 conditione,
660 5285 684 5339 si
710 5301 771 5340 eam
796 5289 923 5359 amplecti

91 5372 167 5442 velit,
186 5372 388 5444 quamprimum
401 5373 476 5427 illam
489 5371 608 5441 gratiam
628 5372 812 5443 amplectitur,
831 5374 924 5430 statim
