4004 6022
211 330 271 388 376
782 319 904 379 Locus
922 318 1123 377 vlceslttus
1143 316 1339 377 SECUNDUS

211 477 265 543 bit,
297 477 434 546 3444444444
459 478 550 542 disee,
579 476 637 530 Dei
663 494 738 546 anm,
764 476 846 545 413444
872 494 928 531 oon
953 482 1039 530 oeten·
1068 474 1104 529 ab
1122 473 1254 545 apostolia
1271 474 1433 547 praedicata
1452 479 1500 530 est.
1535 474 1606 546 Eph
1625 480 1657 540 2,
1674 492 1700 529 4.
1719 480 1762 531 26.
1784 474 1902 531 44414414

212 562 282 616 deno
301 567 353 618 etc
1069 560 1169 618 dicitur
1191 568 1331 615 eontracta
1353 577 1437 630 cuper
1452 562 1674 630 frendumentam
1693 561 1901 632 prophetaram

106 653 199 696 xerat.
250 653 307 702 434.
347 654 371 707 4.
398 647 475 712 Quae
505 653 570 701 suut
598 645 672 702 bona
701 646 833 703 ecelesiae
853 646 979 718 propria,
1009 664 1042 703 ea
1069 656 1095 702 44
1112 648 1311 717 oportolorum,
1329 647 1358 701 id
1377 652 1420 702 est
1438 663 1521 718 super
1540 645 1692 703 docnmam
1701 647 1900 720 prophetarum

85 715 136 808 ⁴2*ss
135 717 200 807 {¹2⁰2
213 732 296 789 stiam
327 737 392 789 suut
422 732 549 805 propriae
575 733 707 789 ccclesiae
730 740 820 789 notae.
865 733 989 790 Verbum
1015 740 1044 789 et
1070 740 1098 790 et
1115 733 1310 804 apostolorum,
1327 733 1444 806 proinde
1463 752 1496 790 ex
1514 734 1639 790 1144441444
1657 735 1858 807 prophetarum
1874 740 1902 791 et

86 822 162 858 11111·
212 825 385 874 sacramenta
402 826 466 874 sunt
483 821 557 875 hona
576 819 710 874 ecclesiae
728 818 847 890 propria
884 820 959 892 Ergo
979 827 1043 875 eunt
1070 820 1257 892 apostolorum
1281 819 1460 892 agnoscenda
1482 824 1525 875 444
1542 818 1664 877 ecclesia.
1701 818 1761 887 Quo
1779 819 1900 877 referen-

86 874 198 962 14411444
212 905 340 976 propriae
379 906 512 962 ecclesiae
549 911 639 962 notae.
687 906 870 977 Assumptum
899 905 1057 1007 probatur:
1054 904 1135 960 dum
1158 909 1200 960 est
1222 905 1304 974 illud,
1334 904 1408 977 quod
1435 904 1568 961 ecclesiae
1587 911 1732 978 corruptae
1751 907 1900 978 444143444-

87 973 187 1075 {221}ss
212 992 274 1048 1144.
300 1000 346 1061 54,
369 1011 394 1047 v
417 1000 463 1048 21:
497 993 621 1063 Spiritm
646 1010 737 1062 meua,
764 994 813 1063 341
834 1000 874 1047 eet
895 992 926 1046 in
952 1001 989 1063 te,
1018 1002 1043 1047 et
1068 996 1150 1046 ratae
1174 1007 1228 1046 non
1256 989 1368 1047 aliunde
1393 1007 1476 1062 quam
1500 1008 1533 1046 ex
1557 990 1642 1047 serbo
1667 991 1721 1048 Dei
1745 991 1901 1063 reformari,

211 1079 296 1132 verba
316 1095 387 1148 meo,
405 1096 476 1148 43444
491 1080 576 1149 pomi
593 1080 623 1132 in
640 1096 686 1133 ore
705 1087 767 1148 tuo,
786 1095 842 1133 non
861 1035 989 1132 recedent
1007 1079 1043 1132 ab
1069 1077 1213 1149 repurgari
1233 1085 1262 1132 et
1283 1077 1319 1133 ad
1344 1078 1533 1149 integritatem
1558 1077 1652 1133 reduci
1675 1078 1784 1149 possint
1801 1096 1837 1134 ac
1855 1078 1901 1134 de·

212 1182 261 1217 ore
278 1172 339 1233 teo,
362 1182 412 1219 nec
430 1166 466 1218 at
485 1182 533 1218 ore
552 1165 665 1219 seminis
682 1165 737 1233 4441,
754 1165 845 1235 inqrrit
863 1164 986 1228 Jelroon,
1011 1180 1043 1218 er
1069 1162 1162 1233 beant,
1180 1163 1277 1235 utique
1297 1180 1364 1236 ergo
1381 1163 1445 1219 illae
1464 1164 1611 1234 ecclesiae,
1631 1181 1703 1237 quae
1720 1164 1756 1220 ad
1777 1182 1901 1221 normam

211 1252 262 1306 hoc
285 1259 408 1321 tempore
430 1268 515 1321 4444444
537 1252 568 1304 in
592 1250 728 1319 reculam,
752 1250 800 1305 ubi
822 1250 957 1306 ccclesiae
983 1269 1043 1323 pro·
1069 1247 1146 1302 verbi
1166 1249 1388 1320 quamproxime
1407 1248 1553 1318 accedunt,
1573 1255 1638 1305 eunt
1657 1266 1740 1307 verae
1758 1251 1902 1323 eeclesiae,

212 1336 329 1392 mittitur
354 1340 491 1408 perpetua
508 1336 584 1391 verbi
610 1338 780 1393 conservatio
801 1342 832 1393 ut
851 1338 952 1393 bouum
969 1334 1044 1391 illius
1070 1339 1098 1387 et
1113 1351 1164 1404 per
1183 1351 1354 1408 consequens
1373 1353 1406 1391 ex
1425 1337 1523 1409 raguta
1542 1335 1619 1392 verbi
1635 1336 1773 1408 judicium
1797 1336 1902 1395 tacien-

211 1422 360 1494 proprium.
395 1422 494 1479 Mattb.
514 1428 553 1490 43,
573 1440 598 1476 v.
619 1427 661 1478 24.
679 1439 795 1495 regnum
814 1422 952 1479 coelorum
970 1439 1043 1478 com·
1069 1420 1135 1475 dum
1156 1426 1198 1477 est
1215 1421 1250 1477 de
1269 1422 1395 1480 ecclesia.
1420 1421 1596 1479 Antecedeus
1613 1422 1792 1480 confirmatur
1809 1440 1901 1481 exeru-

211 1516 324 1581 peretur
352 1510 460 1565 homini
486 1510 585 1563 honrem
608 1525 701 1563 remen
723 1510 753 1562 in
776 1526 876 1577 aprum
899 1528 979 1563 mum
1003 1526 1043 1563 ee·
1069 1507 1122 1577 plis
1144 1508 1253 1579 piorum
1276 1525 1373 1580 regum
1392 1508 1420 1563 in
1438 1508 1472 1564 V.
1491 1509 1523 1564 Τ.
1547 1508 1595 1582 qui
1619 1510 1655 1564 ad
1678 1526 1803 1566 normam
1830 1510 1902 1585 legis

212 1596 292 1664 renti,
310 1595 359 1650 ubi
376 1614 426 1667 per
444 1595 547 1651 bonum
568 1613 661 1651 semen
679 1595 843 1668 intelligitur
854 1597 968 1652 verbum
982 1594 1044 1667 Dei,
1070 1594 1098 1648 iu
1124 1593 1319 1650 reformatione
1341 1594 1472 1651 ecclesiae
1495 1595 1577 1651 unice
1599 1601 1780 1666 respexerunt
1802 1598 1903 1655 441144

211 1700 261 1755 per
279 1700 377 1753 agrurn
394 1699 460 1737 vcro
480 1682 604 1739 ecclesia.
640 1682 715 1754 Ergo
739 1681 788 1737 nbi
808 1681 912 1737 bonum
928 1682 983 1737 Dei
1002 1699 1043 1738 ae·
1070 1680 1180 1735 nomine
1207 1697 1225 1736 a
1253 1679 1358 1751 Spiritu
1392 1687 1487 1736 sancto
1522 1680 1672 1738 laudantur
1707 1687 1731 1737 2.
1757 1683 1829 1755 4443.
1861 1686 1902 1739 44.

212 1786 275 1825 men
293 1768 441 1841 spargitur,
460 1766 509 1823 ubi
523 1768 637 1823 verbum
656 1784 725 1839 pure
742 1768 925 1839 praedicatum,
943 1767 982 1823 ibi
1003 1774 1046 1824 est
1070 1766 1183 1823 Nehem.
1203 1770 1227 1822 8.
1248 1770 1300 1823 ete.

212 1854 325 1911 Domini
343 1870 419 1926 4344,
437 1853 476 1909 4114
496 1859 539 1909 est
557 1853 682 1911 ecclesia.
720 1855 784 1909 Act.
802 1860 826 1917 2,
846 1871 871 1907 r.
885 1860 930 1910 tt:
951 1854 1045 1908 Erant
1107 1857 1164 1909 136.
1207 1858 1231 1909 6.
1258 1851 1313 1909 Ρ44
1343 1852 1419 1925 quod
1448 1851 1569 1908 sincerus
1601 1852 1731 1910 ecclesiae
1760 1853 1860 1909 doctor
1886 1862 1984 1910 axau

212 1941 380 2014 (primitivae
403 1938 571 2011 apostolicae
594 1941 728 1996 ecclesiae
752 1939 892 2040 discipuli)
917 1958 1044 2040 perreve-
1069 1938 1311 2011 pseudopropheta
1330 1938 1517 2012 distinguitur,
1537 1955 1587 2010 per
1603 1938 1672 1994 illud
1687 1940 1770 1996 etiam
1786 1924 1984 2039 ecclesiam

212 2035 308 2082 rentes
330 2027 360 2080 in
383 2027 513 2080 doctrina
540 2027 731 2126 apostolorum
754 2034 780 2081 st
804 2027 834 2080 in
861 2027 1044 2081 eommunice-
1069 2040 1136 2079 vera
1154 2042 1171 2079 a
1188 2024 1260 2080 falsa
1277 2023 1464 2097 distinguitur.
1501 2026 1581 2081 Ratio
1600 2032 1649 2095 est,
1670 2024 1736 2098 quia
1753 2026 1846 2099 qualis
1864 2028 1977 2083 44411111

212 2115 288 2169 tione
306 2122 332 2167 et
350 2112 380 2165 in
397 2112 540 2177 frmtione
552 2113 641 2181 penis
660 2120 686 2166 et
704 2113 732 2165 in
746 2114 893 2182 3144444444,
917 2113 1045 2183 ubipro·
1072 2110 1205 2175 doctriua,
1225 2111 1344 2182 quaein
1364 2109 1477 2182 publico
1495 2111 1627 2167 ecclesiae
1645 2078 1984 2227 4141444414444441ιὲι

213 2204 354 2272 ponuntur
373 2197 455 2270 signa
471 2215 505 2254 ac
522 2204 619 2267 notae,
639 2197 739 2271 quibus
758 2198 875 2255 eccleaia
892 2198 1045 2271 apostolica
1071 2196 1137 2251 talis
1158 2197 1241 2253 etiam
1255 2197 1397 2268 judicatur
1417 2214 1477 2254 esse
1497 2198 1546 2253 illa
1565 2197 1747 2255 4441444484
1766 2182 1984 2277 cadrolicass‘,

214 2286 249 2343 ab
276 2286 337 2341 aliis
362 2284 486 2340 coetibus
512 2284 566 2340 fuit
592 2285 737 2355 distincta,
764 2286 836 2342 iuter
858 2303 927 2384 quas
945 2286 1047 2341 eminet
1073 2283 1228 2338 doctrina‘
1221 2302 1249 2338 ur
1274 2300 1307 2338 ea
1335 2289 1415 2339 sonat
1422 2285 1593 2356 ,Judicatur
1610 2300 1643 2340 ec
1660 2284 1761 2340 dicitur
1781 2301 1844 2342 4444
1862 2302 1907 2342 ca·
1919 2288 1984 2389 2¹¹·

214 2372 341 2429 doctriua
366 2373 552 2444 apostolorum
579 2376 608 2426 et
632 2371 730 2427 tractio
754 2371 834 2442 panis
860 2372 918 2427 sive
943 2387 1046 2427 coenae
1072 2368 1189 2439 thelica,
1208 2371 1230 2425 si
1248 2370 1389 2426 haeretica
1410 2326 1562 2426 doctriua
1554 2389 1584 2426 ιιι
1602 2388 1634 2428 ea
1652 2376 1741 2442 sonat,
1759 2348 1984 2443 judicatura?

214 2459 378 2515 Dominicae
402 2476 483 2528 usus,
511 2457 721 2514 communicatio
749 2458 822 2513 euim
845 2456 998 2513 officiorum
1019 2463 1047 2513 44
1073 2473 1106 2511 ac
1123 2456 1224 2511 dicitur
1242 2474 1302 2513 esse
1321 2456 1468 2515 haeretica.
1503 2457 1567 2514 Jam
1586 2475 1651 2514 vero
1675 2458 1798 2514 sincerus
1816 2459 1906 2516 eccle·

214 2564 309 2618 precea
334 2552 400 2601 suut
423 2544 530 2600 tructus
550 2544 693 2600 doetrinae
711 2545 887 2617 apostolieae.
923 2545 1001 2601 Rom.
1021 2549 1045 2609 3,
1073 2542 1131 2598 siae
1155 2542 1252 2598 doctor
1275 2560 1293 2599 a
1316 2543 1558 2615 pseudopropheta
1579 2561 1629 2615 per
1651 2560 1745 2600 sanam
1768 2545 1908 2602 4414444-

213 2652 238 2689 4.
258 2640 282 2691 2.
308 2631 411 2704 populo
436 2632 589 2687 lsraiilitico
615 2633 777 2687 eorrcredita
793 2635 917 2702 fuerunt
934 2633 1046 2702 4143414
1072 2637 1185 2702 ruptam
1205 2628 1359 2685 doctrinam
1377 2629 1564 2702 distinguitur.
1600 2632 1676 2702 Ergo
1694 2631 1777 2687 etiam
1796 2648 1849 2702 par
1866 2648 1909 2687 aa·

216 2720 288 2788 Dei,
313 2717 362 2772 ubi
383 2716 417 2771 τὰ
441 2715 521 2788 λόγια
537 2721 588 2771 τοῦ
608 2719 691 2782 θεοῦ,
715 2717 847 2774 videlicet
865 2718 951 2773 rerba
968 2719 1047 2790 legis,
1073 2732 1138 2771 nam
1155 2722 1184 2773 et
1200 2716 1387 2788 incorruptam
1406 2716 1560 2773 doctrinam
1578 2717 1694 2774 ecclesia
1711 2733 1779 2773 vera
1797 2734 1815 2773 a
1834 2717 1910 2774 falsa

216 2804 303 2878 ipsius
321 2802 375 2859 Dei
393 2801 481 2874 digito
499 2802 529 2856 in
545 2800 656 2858 tabulas
674 2802 797 2874 lapideae
813 2805 916 2875 ecripta
938 2811 967 2859 et
985 2804 1047 2859 reli-
1074 2801 1260 2875 distinguitur.
1297 2802 1458 2858 Assumtum
1481 2803 1614 2875 probatur
1639 2802 1737 2860 4144411.
1758 2810 1789 2868 1,
1814 2819 1841 2859 r.
1866 2810 1906 2862 44.

216 2908 272 2964 qua
292 2890 386 2945 diviua
403 2889 513 2960 eloquia
530 2906 581 2962 per
598 2889 787 2960 patriarchas,
804 2890 920 2962 Moysen
939 2897 967 2948 et
984 2908 1046 2962 pro-
1073 2896 1220 2961 postquam
1247 2888 1370 2946 Christus
1398 2889 1652 2962 pseudoprophetas
1681 2890 1819 2947 cavendos
1845 2908 1906 2948 esse

214 2977 314 3051 phetas
331 2977 453 3033 revelata
468 2977 570 3048 populo
587 2976 741 3032 Ieradlitico
757 2978 833 3033 velut
852 2978 969 3050 insignis
987 2979 1046 3051 qui·
1074 2974 1194 3046 dixerat,
1217 2975 1374 3050 subjungit:
1401 2981 1428 3030 A
1449 2978 1589 3042 fmmtibee
1611 2994 1706 3031 eornm
1733 2978 1907 3047 eopnorcetie

215 3064 281 3122 dam
297 3063 442 3120 thesaurus
461 3063 786 3136 ettauquamproprium
801 3065 1047 3122 ecclesiaebouum
1074 3079 1135 3133 eos,
1159 3062 1209 3118 ubi
1231 3080 1282 3134 per
1303 3062 1410 3119 tructus
1433 3080 1490 3118 non
1513 3063 1707 3134 intelliguntur
1729 3080 1832 3132 mores,
1857 3064 1905 3118 sed

215 3152 347 3208 dicuutur
366 3148 533 3206 concredita.
572 3149 634 3214 Quo
653 3150 787 3221 pertinet,
813 3151 889 3224 quod
904 3152 987 3209 Prov.
1007 3158 1047 3218 29,
1073 3149 1135 3222 ipsa
1157 3150 1304 3223 dogmata,
1333 3149 1373 3205 ita
1398 3166 1463 3206 vero
1492 3149 1638 3221 exponitur
1663 3147 1732 3204 Luc.
1757 3155 1788 3218 6,
1811 3167 1837 3203 v.
1856 3156 1906 3206 452

214 3258 239 3295 v.
261 3244 298 3294 18.
326 3255 374 3293 rex
398 3236 508 3307 sapiens
528 3234 610 3291 dicit:
636 3234 705 3289 Gom
729 3238 867 3301 defecerit
888 3239 1047 3308 prophetia,
1074 3240 1173 3291 Bonus
1197 3237 1276 3292 bomo
1302 3239 1338 3290 de
1364 3237 1433 3290 bono
1460 3237 1590 3291 thesauro
1616 3236 1712 3290 cerdic
1730 3235 1777 3289 441
1790 3238 1907 3307 profert

211 3324 335 3396 popalus
354 3324 524 3393 (4144434444,
553 3322 600 3378 ubi
622 3322 782 3394 prophetia,
809 3323 838 3377 id
856 3329 898 3378 444
915 3340 983 3378 sana
1000 3323 1047 3378 do·
1074 3324 1174 3377 horream
1200 3332 1225 3377 et
1253 3323 1343 3377 melun
1371 3323 1451 3376 bomo
1478 3325 1513 3376 de
1542 3322 1617 3377 msto
1639 3323 1770 3376 threnaro
1789 3324 1908 3392 profert

215 3411 316 3479 ctrina,
336 3409 437 3466 dicitur
456 3410 590 3466 ecclesiae
606 3409 759 3478 vinculum,
784 3426 839 3481 quo
857 3410 975 3465 invicem
993 3412 1048 3465 col·
1074 3411 1188 3479 melum,
1208 3428 1239 3465 ee
1257 3410 1432 3464 abnndantia
1452 3411 1524 3464 enim
1545 3409 1640 3464 cordis
1657 3427 1688 3464 oe
1704 3410 1840 3480 loquitur,
1859 3408 1907 3464 ubi

214 3498 318 3570 ligatur
343 3514 398 3551 nou
428 3496 538 3567 quidem
562 3497 591 3550 in
617 3502 758 3552 externam
777 3497 898 3569 aliquam
915 3497 1048 3568 politiam,
1076 3496 1110 3552 dc
1139 3497 1379 3568 pseudopropheta
1412 3496 1548 3569 judicium
1581 3494 1671 3551 tacere
1704 3494 1838 3566 jubemur
1873 3512 1905 3550 ex

215 3584 265 3638 illa
284 3582 357 3638 errim
376 3582 532 3637 conservari
556 3583 750 3653 potestatium
769 3582 914 3639 deficiente
930 3584 1048 3655 prophe·
1075 3582 1161 3654 ipsius
1180 3583 1271 3638 verbis
1287 3582 1344 3637 sive
1361 3598 1394 3638 ex
1413 3581 1546 3651 doctriua,
1563 3598 1646 3654 quam
1664 3582 1803 3659 proponit,
1821 3589 1906 3653 atque

216 3671 257 3725 tia
275 3669 334 3723 sive
352 3684 419 3723 sana
438 3667 578 3731 doctrina,
602 3669 651 3723 sed
669 3669 697 3723 in
715 3676 838 3724 sanctam
857 3669 990 3726 ecclesiae
1007 3688 1049 3725 so·
1075 3670 1127 3724 hoc
1155 3668 1237 3724 modo
1265 3672 1406 3739 exponunt
1438 3667 1563 3740 plerique
1591 3684 1624 3723 ex
1648 3665 1776 3738 patribus
1800 3667 1907 3723 fatente

218 3756 354 3825 cietatem,
372 3770 444 3826 quae
463 3754 524 3809 siue
537 3754 683 3826 prophetia
693 3771 753 3810 esse
765 3755 871 3828 nequit,
890 3754 1049 3825 acproinde
1076 3754 1237 3826 Stapletouo
1262 3752 1310 3808 lib.
1338 3760 1376 3810 10.
1408 3752 1444 3807 de
1467 3753 1552 3825 princ.
1577 3753 1625 3810 fid.
1651 3753 1767 3810 doctrin.
1793 3771 1854 3826 cap.
1882 3760 1905 3811 1.

218 3841 365 3915 prophetia
392 3847 433 3896 cst
458 3840 561 3896 bouum
581 3839 713 3896 ecclesiae
730 3841 871 3912 proprium
891 3848 920 3896 et
939 3841 1051 3913 propria
1076 3843 1107 3877 *1
1113 3839 1295 3896 Bellarmiuus
1317 3839 1365 3897 lib.
1386 3846 1409 3895 5.
1431 3839 1465 3894 de
1483 3846 1555 3912 grat.
1575 3848 1602 3894 ct
1619 3839 1667 3896 lib.
1679 3838 1773 3894 arbitr.
1786 3856 1847 3913 eap.
1859 3845 1905 3897 to:

217 3927 291 3985 illius
315 3932 389 3984 uota.
425 3926 506 3991 Quod
530 3943 595 3980 vero
619 3943 652 3981 co
673 3927 755 3981 modo
775 3933 817 3982 444
836 3927 970 3984 ecclesiae
987 3944 1050 3998 pro·
1076 3929 1160 3997 Dico,
1181 3928 1283 3984 Matth.
1296 3930 1317 3980 7.
1334 3944 1387 3997 per
1404 3926 1519 3980 4464444
1537 3926 1624 3978 bonne
1642 3932 1668 3978 et
1681 3925 1772 3979 maiae
1785 3926 1910 3995 intelligi

217 4014 323 4086 prium,
349 4018 381 4068 ut
405 4030 466 4068 cum
488 4031 520 4069 eo
545 4012 661 4069 ccclesia
679 4012 808 4083 incipiat,
832 4030 895 4068 cum
916 4031 948 4070 eo
967 4014 1049 4069 etiam
1076 4015 1220 4069 doetrinae
1239 4030 1320 4067 verns
1338 4021 1364 4067 et
1383 4013 1494 4082 scieas,
1518 4014 1561 4067 oei
1582 4014 1658 4082 ipeoe
1676 4012 1813 4081 homines,
1838 4032 1906 4083 qem-

220 4099 344 4164 deficiat,
365 4100 434 4154 illud
454 4099 549 4172 utique
567 4102 610 4154 est
627 4098 759 4155 ecclesiae
777 4104 851 4156 nota.
1076 4109 1153 4154 4444144
1180 4101 1278 4154 decent
1302 4116 1401 4153 ennam
1433 4099 1590 4153 doctrinam
1616 4106 1665 4152 am
1692 4107 1855 4168 corruptam
1882 4108 1909 4155 44

89 4199 109 4239 n
124 4197 158 4238 ae
257 4183 445 4243 43554111
475 4184 548 4256 quod
581 4184 698 4241 ecclesia
727 4183 806 4240 unice
841 4185 974 4241 adstricta
1008 4193 1051 4242 est
1066 4185 1270 4256 perniciosam
1312 4186 1450 4240 Dominae
1476 4185 1548 4239 enim
1571 4185 1631 4239 oalt
1654 4202 1685 4238 eo
1707 4184 1770 4239 loeo
1795 4204 1847 4240 noe
1867 4187 1909 4241 in·

91 4249 204 4341 uerbis...
218 4282 350 4344 tanquam
375 4271 412 4327 ad
440 4287 563 4326 normam
589 4286 622 4325 ac
648 4272 772 4343 regulam
797 4270 863 4327 fidei
885 4276 914 4327 et
935 4290 1048 4342 morum,
1076 4281 1195 4341 4444444,
1224 4281 1255 4326 at
1283 4290 1430 4327 caveamus
1456 4291 1475 4325 a
1502 4272 1592 4337 sdan
1614 4272 1770 4341 prophetis.
1816 4274 1910 4327 Docet

91 4361 167 4445 (11111,
176 4352 204 4391 11
218 4360 286 4415 illud
307 4365 349 4414 est
368 4357 500 4415 ecclesiae
518 4363 597 4421 nota,
623 4358 690 4428 quia
711 4365 867 4414 normatuur
891 4358 1910 4433 44443414-4444444,444444414443144444113444441,44414441434141411,

91 4456 144 4495 111111
154 4459 182 4546 emt
217 4454 276 4502 tum
295 4445 455 4502 aestimatur
472 4448 501 4499 et
514 4443 674 4515 agnoscitur
685 4461 718 4499 ex
732 4446 911 4517 congruentia
924 4447 1049 4502 adsuam
1077 4466 1114 4500 nn
1125 4454 1270 4516 3141444444,
1295 4445 1328 4497 id
1351 4450 1391 4497 set
1409 4443 1544 4497 haeretici
1559 4445 1694 4513 ministri,
1719 4463 1758 4498 an
1775 4441 1912 4500 cbthoiici

92 4517 192 4650 &getius
218 4549 341 4590 normam
361 4548 394 4586 ae
411 4531 544 4601 regulam.
573 4529 639 4586 Jam
656 4546 721 4584 vero
738 4532 774 4585 ad
793 4531 907 4587 verbum
922 4531 974 4587 Dei
990 4538 1049 4587 tan·
1076 4533 1207 4603 4311444344·
1252 4530 1289 4585 Et
1318 4535 1381 4600 poet
1411 4545 1516 4600 pauca:
1552 4531 1618 4586 Vult
1653 4532 1740 4601 131444·
1769 4532 1911 4587 Dominae

92 4609 179 4702 {mffl'
219 4637 302 4692 quam
322 4618 359 4672 ad
378 4634 502 4673 normam
520 4634 553 4672 ac
573 4617 699 4690 regulam
718 4615 782 4671 fidei
801 4624 829 4672 et
846 4634 951 4673 morum
970 4618 1050 4673 unice
1077 4620 1181 4676 4444411
1202 4622 1224 4671 7
1242 4626 1272 4671 et
1291 4634 1323 4670 ee
1341 4616 1480 4680 fructibne
1493 4618 1638 4671 doctrinae
1651 4618 1713 4671 de
1701 4635 1765 4687 epra
1778 4620 1910 4673 doctrino

218 4704 353 4761 adstricta
370 4710 411 4760 eat
431 4703 982 4771 44414414.444.23,11.6;144444444
1002 4722 1051 4759 voe
1076 4714 1103 4761 et
1122 4706 1283 4759 doctoribus
1295 4704 1463 4773 judicemur.
1494 4704 1672 4776 stapletonus
1684 4704 1776 4760 relect
1788 4712 1911 4765 contet.

218 4794 311 4856 valde,
329 4800 359 4846 ut
379 4791 546 4845 enetoclintie
563 4790 733 4858 etfacintie,
760 4790 901 4859 quidquid
917 4792 1051 4862 ecriptnnr
1077 4810 1123 4865 qu.
1142 4798 1166 4846 4.
1188 4794 1239 4845 art.
1260 4795 1282 4844 l.
1302 4790 1388 4846 coucl.
1406 4795 1433 4845 l:
1457 4791 1568 4861 Adeone
1586 4809 1658 4844 sana
1672 4792 1728 4855 fide
1745 4792 1911 4861 1144444491·-

219 4887 259 4932 eet
285 4880 313 4932 in
337 4878 410 4932 libro
434 4877 505 4947 lepis
530 4878 643 4944 Mopse,
667 4884 696 4929 ut
721 4894 776 4930 non
799 4878 940 4931 recedatis
965 4879 1001 4931 ab
1019 4894 1050 4932 eo
1077 4878 1160 4933 timue
1188 4876 1321 4930 eeclesiae
1350 4876 1476 4931 minister
1498 4893 1556 4930 esee
1579 4885 1676 4946 potest.
1724 4878 1868 4932 Probatur
1890 4898 1912 4933 a

219 4981 306 5035 neone
330 4966 371 5017 od
397 4964 537 5030 4444444444,
568 4980 654 5032 memte
678 4964 720 5016 ed
744 4964 895 5017 4141444444.
936 4963 999 5017 Esa.
1027 4970 1050 5031 8,
1076 4964 1195 5034 mejeri,
1214 4963 1281 5032 qnia
1300 4963 1403 5032 absorte
1420 4980 1454 5017 ea
1473 4980 1523 5017 nec
1541 4963 1673 5017 eccleciae
1692 4964 1840 5025 memdmsm
1862 4975 1911 5021 est.

219 5070 244 5107 r.
260 5056 307 5106 2οε
327 5051 376 5104 Aa
395 5050 482 5119 legem
500 5058 526 5102 et
547 5050 795 5118 ndtertimoninm,
816 5052 843 5105 ei
860 5050 1052 5104 condixerint
1077 5050 1164 5106 couci.
1188 5056 1217 5104 2:
1251 5048 1306 5111 Qut
1328 5049 1460 5103 unitatem
1481 5049 1555 5120 fidei
1578 5051 1696 5119 deserit,
1722 5058 1824 5121 pastor
1852 5070 1913 5108 eene

219 5137 429 5205 temerarium
448 5138 586 5204 loe‚nen
605 5136 658 5189 erit
677 5138 717 5189 eie
735 5138 872 5191 materian
891 5137 948 5193 tes.
986 5136 1051 5192 Joh.
1078 5136 1189 5191 derinit.
1224 5136 1372 5192 Diversum
1399 5140 1492 5191 tamen
1510 5136 1613 5190 sentire
1630 5135 1739 5191 videtur
1757 5135 1912 5211 Gregorius

222 5230 246 5287 8,
264 5242 291 5280 v.
312 5231 359 5279 tt:
384 5223 488 5284 Quian
507 5224 570 5276 Deo
589 5230 636 5290 eet,
654 5225 739 5276 verbe
762 5225 819 5276 Dei
835 5225 925 5280 credit.
951 5223 1014 5281 Gal.
1030 5229 1051 5291 1,
1078 5222 1113 5278 de
1135 5223 1246 5280 Valent.
1272 5223 1343 5278 anal.
1369 5221 1418 5278 lib.
1443 5227 1466 5277 e.
1494 5238 1518 5277 4.
1545 5228 1568 5277 6.
1601 5223 1680 5292 prob.
1704 5229 1728 5279 2.
1757 5229 1786 5278 et
1811 5228 1835 5279 4.
1860 5224 1910 5282 ubi

222 5326 247 5361 v.
265 5315 295 5367 8.
326 5310 360 5363 Se
376 5327 438 5376 nor,
457 5311 500 5363 orl
519 5310 636 5378 anpelae
654 5326 668 5359 e
687 5310 812 5363 44444144
814 5310 949 5377 4413414444
966 5310 1051 5377 nobie,
1078 5310 1224 5365 doctrinae
1243 5309 1430 5363 sinceritatem
1449 5316 1534 5380 negat
1553 5310 1685 5363 eccleciae
1705 5309 1822 5380 41341444,
1841 5312 1912 5381 qrein

217 5403 335 5465 praeter
360 5397 436 5463 qnod
458 5397 707 5464 eeanqeteavemn
725 5396 814 5463 44414,
842 5398 991 5450 anathema
1007 5397 1052 5467 411,
1077 5396 1114 5451 eit
1137 5397 1222 5451 iidem
1244 5397 1370 5450 obscuro.
1407 5395 1556 5451 Barradius
1577 5402 1641 5452 tom
1664 5403 1687 5452 2.
1713 5414 1790 5452 conc.
1810 5414 1911 5471 evang.

222 5482 270 5537 ubi
290 5480 430 5551 apostolus
449 5481 544 5549 docet,
571 5482 600 5536 in
624 5481 742 5538 ecclesia
765 5499 820 5537 non
845 5481 945 5539 debere
962 5437 1052 5538 audiri
1078 5482 1127 5540 lib.
1140 5489 1163 5539 t.
1176 5488 1251 5540 4..311
1265 5500 1294 5554 p.
1304 5486 1368 5538 500.
1388 5478 1508 5535 moen
1527 5481 1604 5546 mali,
1622 5498 1656 5536 ee
1674 5483 1774 5553 ortibus
1786 5486 1912 5555 proade-

222 5566 298 5625 aliud
316 5562 496 5638 evangelium
510 5570 594 5638 atque
613 5566 869 5639 uliamdoctriuam,
887 5568 1053 5641 quamquae
1073 5570 1230 5640 proptrea
1255 5568 1446 5637 agnoscendos
1468 5567 1784 5624 4444444444441444414
1806 5570 1911 5629 4141411
