4004 6022
777 355 780 359 ’
843 362 894 417 DE
912 359 1104 418 ECCLESIA.
1761 376 1820 432 503

123 518 246 574 racemis
270 524 299 572 et
322 517 429 574 Gerson
456 519 484 573 in
506 519 584 574 libris
609 519 645 573 de
661 524 801 588 potestate
818 517 960 584 ecclesiae,
987 532 1047 568 mus
1073 516 1101 568 in
1128 522 1223 571 essert
1250 524 1347 571 contra
1370 493 1540 573 detractores
1560 519 1678 588 reipubl
1698 520 1822 576 Venetae

124 604 261 659 Occamns
280 605 328 660 lib.
349 609 372 659 6.
392 611 462 674 part.
484 611 505 658 l.
528 605 656 659 Cusanus
670 604 730 658 libr.
746 610 769 659 2.
786 603 820 657 de
833 603 959 657 concord.
985 607 1038 654 etc.
1081 601 1256 656 Contrarium
1282 608 1409 657 statuunt
1433 604 1598 659 Franciscus
1617 605 1750 670 Bossius,
1773 607 1821 678 qui

125 689 233 745 Cathol.
264 705 287 745 c.
312 690 361 744 ult
396 690 558 760 Alpbonsus
584 690 645 743 libr.
680 695 700 744 l.
730 695 827 745 contre
852 688 958 742 haeres.
986 686 1021 740 ds
1049 687 1195 757 temporali
1227 688 1361 743 ecclesiae
1392 690 1551 745 monarchis
1583 691 1705 762 quinque
1736 692 1822 747 libros

122 792 146 829 c.
167 781 190 830 8.
217 791 250 829 ac
273 773 398 830 Sorbona
421 774 600 842 Pariaiensis,
622 774 745 845 quinimo
769 774 830 844 ipss
849 727 1094 840 Aeneasissripsit
1124 778 1153 827 et
1183 774 1211 826 in
1239 774 1381 843 publicum
1411 775 1499 829 edidit
1526 775 1620 831 Calon.
1649 794 1722 831 anno
1748 784 1822 836 1602.
1866 778 1868 782 ’

123 861 247 932 Sylvius,
273 867 370 930 poetes
394 861 523 915 Pontifex
543 861 612 914 Pius
630 861 681 923 ΙΙ.,
709 859 756 915 lib.
779 867 799 914 1.
819 860 854 914 de
873 832 1110 939 gestisfflllariana
1137 858 1171 912 dc
1197 876 1264 929 rege
1288 859 1349 914 libr.
1374 867 1396 914 l.
1421 875 1445 913 c.
1472 866 1494 914 2.
1529 861 1666 915 Martinus
1693 862 1820 919 Becanus

121 946 220 1002 concil.
241 946 325 1003 Basil.
348 946 395 1001 fol.
415 953 437 1000 t.
458 947 561 1002 diserte
578 945 688 1000 scribit:
724 947 842 998 Necesse
860 951 908 1007 est,
928 942 1012 1036 sapin
1043 943 1153 1012 scriptis
1183 950 1279 998 contra
1308 961 1401 1016 regem
1433 946 1567 1017 Angliae,
1605 963 1677 1017 quse
1707 949 1821 1018 publico

118 1035 250 1103 pontifex
277 1035 397 1088 coneilio
423 1035 600 1102 subjiciatur.
644 1035 681 1087 In
705 1032 872 1099 Hieronymi
897 1027 1148 1082 een-<Parisinus
1172 1030 1283 1085 scholae
1305 1031 1415 1086 decreto
1439 1038 1505 1084 sunt
1529 1031 1721 1086 condemnata
1757 1033 1820 1088 Bel·

123 1121 211 1174 tentia
230 1128 362 1188 tanquan
383 1121 413 1172 in
433 1137 503 1187 apro
520 1120 699 1185 fertilissimo
717 1136 828 1180 uersor,
849 1116 898 1169 ubi
916 1115 958 1167 di·
984 1114 1114 1168 larminus
1140 1114 1187 1170 lib.
1213 1122 1237 1170 5.
1263 1115 1298 1170 de
1326 1124 1401 1186 pont
1426 1134 1449 1170 c.
1479 1122 1503 1172 b.
1522 1116 1700 1173 distinctione
1718 1120 1820 1174 utitur:

122 1207 170 1271 cit,
188 1207 342 1259 auctoritas
362 1207 438 1259 orbis
457 1208 553 1274 major
570 1213 610 1259 est
629 1207 704 1257 urbe.
734 1206 846 1271 btopna
860 1216 958 1270 papae
984 1199 1120 1268 Pontisee
1151 1209 1182 1254 ut
1216 1203 1348 1270 pontifex
1372 1203 1424 1254 etsi
1448 1219 1504 1255 non
1528 1203 1608 1256 babet
1633 1204 1723 1259 ullam
1747 1222 1821 1259 mere

123 1295 292 1358 auctoritas,
319 1293 369 1360 qai
392 1293 539 1344 Romanae
557 1298 671 1360 praeest
690 1289 838 1355 eceterae,
864 1287 959 1354 major
984 1287 1167 1354 temporalem
1184 1296 1366 1356 potestatem,
1390 1296 1484 1341 tamen
1508 1288 1590 1341 iubet
1614 1290 1644 1342 in
1663 1290 1763 1344 ordine
1780 1293 1822 1344 ud

123 1386 162 1431 est
187 1379 342 1430 austasius
367 1378 535 1430 uniuersalis
559 1378 705 1442 ecclesiae,
732 1392 804 1444 perae
822 1373 849 1426 si
869 1378 959 1424 muter
986 1371 1086 1424 bonum
1117 1374 1269 1441 spirituale
1297 1391 1431 1426 summam
1457 1382 1623 1444 potestatem
1653 1376 1822 1443 amanam

124 1471 164 1514 eet
183 1463 311 1526 omnium,
325 1463 419 1528 filium
435 1463 515 1515 tata
532 1463 687 1515 Romanum
697 1461 866 1531 pontificem,
882 1458 958 1510 alias
986 1459 1021 1510 dc
1040 1460 1240 1526 temporalibus
1258 1460 1341 1512 rebus
1360 1460 1481 1513 omnium
1502 1458 1735 1514 Christianorum.
1765 1460 1821 1516 Sed

123 1566 188 1602 cero
214 1567 271 1600 non
298 1548 408 1601 babebit
433 1550 526 1600 Deum
548 1557 675 1616 patrem,
709 1547 776 1615 quia
799 1564 855 1599 non
878 1545 958 1596 tata
984 1542 1057 1596 hanc
1076 1544 1237 1598 Bellarmini
1256 1545 1412 1613 opinionem
1431 1544 1551 1614 publicis
1565 1545 1674 1615 scriptis
1688 1545 1822 1601 refutavit

74 1650 108 1693 ra
123 1634 241 1689 eeclena
258 1642 385 1688 matrem.
415 1635 452 1671 i*
460 1634 543 1688 Anno
564 1639 637 1690 1409.
657 1634 772 1703 puidam
793 1629 958 1684 cardinales
985 1629 1144 1692 Bsrelsius,
1172 1631 1220 1699 qui
1249 1630 1277 1683 in
1305 1630 1366 1684 libr.
1395 1631 1429 1684 de
1455 1636 1593 1701 potestate
1618 1647 1708 1701 papae
1732 1649 1757 1688 c.
1781 1637 1820 1688 13.

123 1727 150 1773 et
174 1721 312 1788 episcopi,
340 1721 391 1772 124
414 1720 550 1787 theolopi,
574 1723 632 1772 300
652 1717 857 1788 jesrisconsulti
880 1715 958 1768 Pisis
985 1731 1049 1785 pag.
1080 1721 1137 1771 101.
1162 1715 1274 1783 scribit,
1306 1734 1335 1770 se
1358 1733 1391 1769 en
1413 1717 1545 1784 patribus
1560 1718 1671 1770 ordinis
1689 1718 1821 1772 Jesaitici

122 1806 273 1859 concrlium
291 1813 511 1873 conprepurunt,
540 1814 566 1858 et
590 1806 658 1874 puio
684 1822 716 1858 eo
735 1811 857 1871 tempore
875 1807 957 1854 aaut
984 1801 1171 1870 iutelleeisse,
1205 1805 1282 1869 qaod
1314 1801 1409 1855 Siatus
1439 1804 1470 1856 V.
1502 1804 1656 1872 asperrime
1681 1805 1776 1857 tulerit
1801 1823 1821 1857 a

122 1893 180 1944 duo
202 1891 365 1959 pontifices,
394 1907 513 1958 quorum
532 1908 605 1943 unus
629 1891 773 1944 Aoenione
797 1888 827 1941 in
849 1884 958 1939 Galliis
985 1886 1164 1941 Bellormino
1193 1889 1305 1955 doceri,
1338 1907 1394 1942 non
1422 1889 1480 1942 nisi
1512 1891 1648 1942 indirecte
1674 1889 1820 1945 conuenire

120 1978 235 2031 sedebat
253 1976 425 2030 Benedictus
444 1977 551 2030 scilicet
566 1975 666 2044 XIIL,
682 1976 756 2029 ulta
766 1990 832 2026 uero
847 1973 957 2025 Romae
980 1973 1111 2041 pontifici
1140 1981 1307 2041 potestatem
1337 1975 1535 2043 temporalem,
1570 1975 1688 2044 indeque
1713 1992 1820 2043 porum

121 2061 253 2115 initalia
272 2063 560 2115 scdemconstitnerat
577 2061 734 2128 Greporira
748 2059 854 2112 scilieet
867 2056 957 2110 XIII.
984 2058 1123 2122 absumar,
1150 2061 1217 2126 quin
1243 2060 1337 2112 omnia
1362 2060 1442 2113 illias
1465 2076 1569 2127 opero,
1600 2077 1672 2128 quae
1690 2061 1820 2114 bauain

122 2147 278 2201 Concilium
296 2149 432 2201 Pisanum
457 2156 604 2216 utrumque
631 2155 766 2215 tanquam
788 2144 957 2197 laeetana
983 2143 1066 2196 bodie
1084 2161 1191 2197 sumnw
1203 2162 1332 2199 successu
1346 2153 1518 2213 oppupnont,
1538 2163 1657 2199 camara
1669 2146 1820 2211 Pontificio

121 2241 147 2287 et
173 2234 335 2287 seditiosum
357 2234 487 2302 deposmt
513 2250 596 2301 inque
617 2249 713 2285 eonem
728 2233 819 2286 locum
837 2229 958 2282 Atman-
983 2246 1045 2281 cum
1069 2247 1170 2297 mopno
1193 2231 1325 2284 molestae
1350 2231 1515 2285 detrimento
1539 2230 1665 2299 (scilicet)
1682 2233 1819 2284 adderem

122 2321 206 2373 dmm
228 2320 259 2374 V.
285 2320 382 2388 clepit,
408 2336 488 2386 quem
512 2319 624 2386 priores
652 2336 672 2370 a
695 2317 815 2372 concilio
835 2307 959 2382 depositi
983 2323 1036 2368 tur.
1070 2315 1152 2369 Certe
1169 2315 1264 2370 Sixtus
1281 2316 1424 2386 ipsebanc
1438 2316 1600 2370 Bellarmini
1613 2316 1818 2372 distinctionem

122 2406 292 2459 lunaticum
315 2404 540 2458 declaraverunt.
573 2405 671 2460 Naucl.
696 2420 769 2458 anno
792 2407 883 2466 1409.ι
902 2397 958 2452 Hic
983 2407 1078 2470 aperte
1096 2399 1206 2467 refellit,
1225 2401 1337 2471 quando
1357 2390 1481 2456 in'bulla
1495 2403 1754 2457 connaHenrieum
1767 2402 1818 2458 ΠΙ.

120 2494 180 2562 jam
200 2490 323 2544 difficilis
345 2490 433 2544 oritur
452 2489 588 2561 quaestio,
605 2505 642 2544 an
660 2489 792 2544 alteruter
810 2488 956 2544 aconcilio
983 2485 1117 2540 Franciae
1145 2502 1239 2558 regern
1269 2487 1384 2551 asserit,
1420 2506 1449 2541 se
1479 2505 1641 2557 supremam
1667 2490 1697 2542 in
1723 2507 1818 2544 omnes

123 2576 319 2647 depositorum,
340 2592 375 2628 an
388 2576 547 2630 Alexander
558 2576 593 2631 V.
611 2575 696 2630 fuerit
714 2593 796 2630 verus
811 2572 957 2645 pontifex?
983 2589 1063 2642 repes
1087 2591 1121 2626 uc
1141 2574 1286 2642 principes
1308 2577 1456 2629 univerae
1476 2583 1568 2629 terrae
1588 2584 1753 2644 cunctosque
1765 2594 1817 2645 po·

123 2662 153 2718 Si
180 2662 271 2733 prius,
296 2661 455 2716 Alexander
479 2661 515 2717 V.
532 2661 585 2716 erit
602 2661 758 2716 haereticus
775 2678 809 2715 ac
826 2659 957 2715 schisma·
978 2661 1081 2729 pulos,
1111 2669 1206 2729 pentes
1238 2669 1264 2713 et
1293 2663 1420 2717 nationes
1451 2681 1507 2718 non
1530 2664 1666 2732 iuncone,
1696 2666 1749 2718 sed
1774 2665 1818 2717 di-

122 2748 204 2817 tious,
223 2755 251 2802 et
268 2763 440 2802 successores
460 2748 520 2815 ejus
540 2747 685 2802 habebunt
702 2747 903 2802 ordinationem
920 2745 957 2800 ab
982 2746 1049 2800 cina
1069 2747 1242 2801 institutione
1260 2749 1316 2801 sibi
1329 2750 1464 2802 traditam
1480 2756 1648 2818 potestatem
1668 2750 1800 2806 obtinere.

122 2834 276 2895 haeretico,
314 2834 440 2904 adeoque
472 2834 610 2888 successio
641 2834 695 2888 erit
719 2834 880 2903 interrupta.
927 2831 957 2888 Si
1018 2837 1075 2888 21³.
1106 2832 1166 2888 Nec
1184 2835 1273 2889 minor
1293 2834 1427 2890 dissensio
1447 2835 1475 2890 in
1494 2835 1607 2907 reliquis
1625 2836 1759 2890 articulis.
1786 2836 1820 2891 In

121 2921 274 2991 posterius,
292 2919 446 2973 >concilium
471 2920 523 2973 en't
546 2936 631 2989 supra
653 2935 763 2990 papam.
798 2918 957 2974 Basileense
983 2918 1098 2972 articulo
1121 2921 1155 2971 de
1171 2936 1297 2988 persono
1318 2921 1422 2973 cincti
1439 2919 1565 2975 lesuitae
1583 2922 1708 2992 plerique
1726 2937 1820 2976 omnes

121 3006 267 3060 concilium
293 3005 389 3059 itidem
416 3007 545 3074 deposuit
571 3009 643 3060 duos
663 3007 811 3075 poritr'fices
833 3009 869 3059 de
889 3007 956 3059 sede
983 3001 1168 3059 Scholasticos
1187 3004 1274 3059 menti
1291 3009 1429 3074 statuum,
1449 3006 1590 3061 Clsrs'aam
1607 3024 1666 3061 esse
1684 3009 1819 3062 mediato·

122 3094 253 3146 Romana
284 3093 426 3144 casurum
457 3092 548 3144 instar
578 3093 772 3161 diplediontes
802 3098 832 3146 et
862 3108 956 3147 eornm
982 3092 1476 3146 comtantamsecundumlrumonam
1485 3100 1624 3147 naturum.
1643 3091 1819 3147 Lombardus

121 3180 182 3233 loeo
209 3177 294 3248 elegit
319 3177 439 3232 Felicem
466 3176 499 3231 V.
531 3194 604 3231 anno
633 3182 707 3232 1431.
747 3177 957 3232 Constantiense
983 3181 1008 3232 3.
1028 3182 1098 3232 sent.
1118 3177 1182 3231 dist.
1196 3182 1236 3232 19.
1260 3176 1444 3232 Bellssminus
1463 3178 1512 3235 lib.
1533 3185 1556 3233 5.
1576 3178 1610 3232 de
1623 3178 1732 3233 Christo
1750 3194 1773 3231 c.
1793 3184 1816 3232 3.

121 3264 268 3319 concilium
294 3270 418 3332 tempore
445 3263 615 3334 Sigismnndi
640 3264 813 3334 imperatoris
834 3271 892 3315 tres
909 3264 955 3316 de·
983 3261 1118 3317 Pistorius
1137 3261 1166 3316 in
1182 3262 1284 3333 bodeg.
1301 3280 1329 3332 p.
1352 3268 1407 3319 161.
1429 3265 1553 3334 appellat
1568 3264 1777 3332 blasphemiam,
1791 3264 1819 3316 si

119 3352 215 3419 posuit
229 3350 385 3417 pontifices,
404 3349 560 3404 iohannem
574 3349 685 3406 XXIII.
706 3349 873 3421 Gregorinm
887 3348 954 3402 Xll.
985 3349 1113 3403 Christus
1153 3350 1304 3401 secundum
1337 3357 1485 3418 utromque
1515 3358 1645 3403 nuaram
1676 3357 1817 3403 statuatur

122 3436 305 3490 benedictum
329 3436 410 3489 XIII.
439 3443 467 3491 et
489 3437 584 3506 elapso
605 3437 715 3491 demum
733 3436 839 3491 biennii
857 3451 889 3489 ac
908 3452 956 3489 sex
982 3435 1131 3489 mediator.
1186 3433 1241 3489 Sed
1283 3433 1416 3489 Claudius
1457 3435 1634 3505 Espeneasus
1670 3435 1817 3505 episcopus

121 3522 258 3575 mensium
277 3522 396 3576 decursu
414 3522 564 3576 Martinam
579 3538 673 3576 eorum
686 3521 747 3577 loco
759 3523 956 3593 clegeruntrr
983 3537 1078 3574 comm.
1098 3518 1127 3573 in
1150 3525 1171 3574 l.
1184 3518 1254 3574 Tim.
1269 3525 1293 3575 2.
1311 3520 1341 3573 in
1353 3525 1433 3574 tract.
1452 3520 1608 3576 derristo
1628 3522 1739 3576 mediat.
1756 3536 1779 3574 c.
1791 3525 1815 3576 2.
1830 3526 1878 3565 111.
1892 3524 1924 3566 ²&

121 3605 226 3661 Contra
248 3622 314 3660 vero
336 3623 446 3674 popum
469 3623 527 3659 esee
556 3624 644 3675 supra
665 3608 814 3660 concilium
838 3606 957 3676 probare
983 3613 1011 3661 et
1032 3614 1055 3659 o.
1072 3606 1146 3660 huno
1166 3623 1283 3661 errorem
1303 3613 1331 3663 et
1348 3616 1521 3679 argumenta,
1542 3625 1614 3679 quae
1631 3627 1681 3678 pro
1698 3607 1745 3663 illo
1761 3612 1816 3662 ste·

122 3696 258 3746 conantur
281 3691 375 3745 Canus
399 3691 445 3746 lib.
473 3698 496 3745 5.
519 3692 601 3748 locor.
624 3709 647 3747 c.
668 3700 691 3747 5.
729 3691 846 3763 Piggius
864 3691 912 3748 lib.
931 3698 956 3748 6.
983 3692 1106 3747 biliendo
1124 3692 1286 3756 afferuntur,
1307 3693 1364 3750 late
1382 3703 1410 3750 et
1428 3702 1524 3750 exacte
1538 3694 1647 3763 refellit,
1666 3712 1699 3749 ac
1713 3694 1816 3749 Suarea

122 3779 158 3833 de
175 3779 272 3833 eccles.
293 3777 427 3832 hierarch.
447 3794 470 3830 c.
494 3783 532 3833 13.
553 3777 703 3846 Cajetanus
725 3779 753 3832 in
771 3778 859 3848 pecul.
877 3784 956 3834 tract.
983 3780 1012 3834 in
1036 3779 1172 3833 Thomam
1199 3784 1263 3835 torn.
1294 3789 1316 3836 l.
1342 3799 1367 3851 q.
1400 3788 1421 3836 l.
1447 3787 1500 3837 art.
1530 3789 1553 3835 2.
1573 3781 1643 3851 disp.
1664 3788 1687 3836 t.
1708 3788 1773 3837 sect.
1793 3786 1817 3835 o.

120 3864 276 3918 Turrianus
300 3862 361 3918 libr.
387 3862 491 3918 defens.
516 3863 599 3918 locor.
626 3864 721 3934 script.
747 3882 812 3936 pag.
830 3870 888 3920 tes.
908 3863 956 3918 ubi
982 3866 1116 3932 ostendit,
1145 3866 1200 3919 eidi
1227 3868 1337 3920 omnino
1363 3868 1515 3936 displicere
1541 3870 1655 3922 modium
1674 3868 1817 3936 loquendi,

122 3950 231 4005 scribit:
258 3950 396 4013 Statuas,
417 3953 495 4018 quod
512 3941 662 4004 concilium
678 3953 715 4004 ait
734 3969 822 4020 supro
837 3943 957 4025 puppim,
983 3952 1032 4019 qui
1058 3961 1154 4020 nepot,
1184 3953 1324 4006 Christum
1345 3961 1371 4005 ct
1396 3954 1451 4006 sibi
1471 3961 1498 4007 et
1527 3954 1579 4006 toti
1605 3954 1741 4006 Trinitati
1760 3970 1816 4021 pro

122 4044 163 4090 eet
180 4052 342 4105 ,repupnare
362 4044 484 4089 naturae
501 4036 628 4105 nihilque
645 4037 729 4090 alind
746 4055 829 4106 quam
845 4045 957 4107 partem
982 4037 1062 4090 nobis
1079 4038 1260 4104 satisfecisse,
1280 4056 1342 4090 cum
1360 4039 1397 4089 sit
1414 4046 1510 4105 aperte
1529 4046 1628 4091 contra
1645 4039 1817 4106 sospitans,

121 4121 176 4175 toti
188 4122 355 4189 praeferre,
374 4121 449 4175 unde
467 4122 604 4192 expressis
622 4124 713 4177 verbis
732 4122 834 4176 fatetur
852 4123 956 4177 Bellar·
983 4131 1009 4175 et
1032 4124 1151 4175 adducit
1174 4124 1280 4175 «lictum
1303 4124 1442 4192 apostoli:
1475 4125 1557 4177 Deus
1575 4131 1637 4177 mot
1654 4125 1684 4176 in
1704 4125 1816 4178 Glsrmto

122 4208 214 4262 minus
232 4207 294 4261 libr.
314 4212 338 4262 2.
360 4207 394 4260 de
412 4207 507 4263 concil
525 4224 549 4263 c.
572 4210 957 4277 lineamentarem
984 4210 1117 4262 mundum
1146 4208 1335 4262 reconcilians
1354 4210 1421 4272 sibi,
1451 4210 1499 4261 ahi
1517 4208 1628 4279 (inquit)
1646 4210 1719 4262 sicca
1737 4212 1817 4264 Deus

122 4295 313 4364 coemtionem
339 4310 373 4345 ea
398 4295 434 4346 de
457 4310 488 4346 re
515 4311 660 4362 aspernere
687 4296 760 4348 inter
786 4294 956 4353 Catholicos.
984 4296 1090 4349 dicitur
1108 4311 1168 4348 esse
1185 4296 1215 4347 in
1235 4295 1347 4349 Chresto
1366 4295 1478 4348 ratione
1496 4294 1609 4348 diuinae
1627 4303 1759 4362 amarae,
1776 4296 1817 4348 ita

122 4379 210 4450 Atqui
234 4378 258 4432 si
278 4394 368 4448 papae
384 4379 521 4447 judicium
541 4386 583 4434 est
599 4379 664 4434 fidei
681 4380 861 4450 principium,
887 4382 957 4436 siin
975 4381 1093 4435 vratione
1117 4382 1242 4450 ejusdem
1261 4380 1365 4434 dicetur
1383 4381 1582 4434 reconciliasse
1603 4383 1738 4434 mnndum
1755 4380 1819 4435 sibi.

121 4481 197 4537 papa
223 4463 404 4518 infallibilitas
431 4464 584 4520 formaliter
607 4472 635 4520 et
658 4465 848 4536 principaliter
873 4483 957 4539 quae·
984 4467 1018 4520 In
1035 4467 1151 4520 articulo
1172 4468 1207 4520 de
1226 4467 1360 4520 electione
1378 4466 1563 4521 Bellarminus
1583 4466 1630 4521 lib.
1652 4473 1675 4522 2.
1692 4467 1728 4521 de
1746 4473 1818 4537 grat.

121 4551 223 4613 rende,
252 4550 348 4620 utique
374 4554 480 4604 eertum
504 4566 565 4605 esse
591 4551 687 4617 debet,
720 4553 795 4622 quod
819 4552 855 4607 sit
873 4570 958 4622 supra
984 4558 1012 4605 et
1030 4551 1092 4607 libr.
1110 4551 1191 4608 arbit.
1210 4569 1232 4607 c.
1254 4560 1277 4607 a.
1306 4552 1445 4606 Francisc.
1465 4553 1568 4608 Suarec
1587 4554 1748 4625 etquidem
1768 4553 1817 4607 alii

122 4637 284 4703 concilium,
300 4636 403 4706 quippe
422 4636 468 4690 oui
488 4636 716 4691 infallibilitatem
736 4638 817 4691 unice
834 4637 959 4708 impertit
984 4644 1101 4708 negant,
1126 4639 1413 4706 praedestinationem
1434 4641 1475 4692 acl
1490 4640 1612 4707 plorium
1628 4641 1738 4703 factem
1759 4655 1818 4692 esse

121 4730 152 4780 et
170 4722 364 4778 communicat.
396 4722 425 4777 Si
442 4738 509 4777 vero
523 4723 645 4777 nondum
666 4728 772 4777 cadum
790 4730 838 4788 est,
855 4739 957 4794 papam
985 4741 1017 4777 ea
1037 4724 1177 4794 praecisis
1200 4725 1321 4786 cremitis,
1344 4722 1470 4781 unde'et
1488 4725 1665 4796 distinguunt
1682 4725 1755 4778 inter
1772 4743 1818 4778 vo·

122 4825 184 4866 esse
210 4824 295 4878 supra
318 4808 480 4878 concilium,
508 4810 606 4880 utique
629 4809 766 4878 judicium
790 4826 880 4879 papae
903 4826 957 4864 non
985 4811 1118 4863 luntotem
1133 4809 1393 4880 mactastinantem
1411 4820 1437 4863 et
1455 4818 1651 4881 exsequentem.
1690 4809 1745 4864 Sed
1766 4810 1818 4864 Be·

120 4899 215 4966 potest
230 4911 291 4949 esse
309 4894 475 4965 principium
494 4895 567 4950 fidei.
596 4895 725 4965 Denique
744 4894 867 4965 pontifici
886 4913 958 4950 oom-
985 4912 1071 4950 canus
1101 4895 1129 4948 in
1160 4895 1242 4950 theol.
1273 4895 1403 4952 scholast.
1434 4903 1504 4967 part.
1529 4902 1550 4951 1.
1575 4901 1655 4950 tract.
1683 4902 1704 4950 l.
1731 4912 1754 4950 c.
1778 4903 1817 4951 14.

120 4988 217 5052 petere
249 4996 385 5034 summam
413 4981 635 5048 jurisdictionem
668 4997 701 5035 ac
733 4986 897 5052 potestatem
930 4983 958 5035 in
985 4999 1012 5051 p.
1042 4987 1099 5037 146.
1125 4989 1221 5036 sonna
1245 4981 1410 5036 sententiam
1434 4983 1511 5037 illam
1535 4982 1592 5036 late
1612 4981 1737 5051 disputat
1754 4998 1818 5037 con·

120 5065 321 5136 temporalibus
344 5072 449 5137 negant
475 5065 615 5121 Mamilius
639 5067 792 5121 Patavinus
815 5068 845 5120 in
864 5066 958 5122 defen·
986 5068 1111 5131 eludens,
1134 5069 1229 5121 Deum
1254 5068 1410 5134 efficaciter
1436 5069 1550 5135 elepisse
1572 5068 1685 5135 aliquos
1702 5070 1742 5121 ud
1759 5069 1819 5135 plo·

120 5170 182 5208 sore
200 5152 286 5223 pacis,
307 5159 402 5206 auctor
419 5152 509 5207 oneris
529 5152 663 5206 ecclesiae
683 5170 706 5208 c.
723 5158 764 5208 20.
779 5150 807 5227 §-
822 5160 846 5209 6.
864 5153 959 5209 Alber.
986 5155 1059 5207 riam
1087 5171 1119 5207 ee
1143 5155 1286 5223 praeirisie
1322 5154 1441 5222 meritis,
1477 5170 1510 5208 ac
1539 5171 1590 5223 pro
1615 5153 1668 5207 hac
1690 5154 1819 5224 opinione

120 5240 239 5294 Rosatm
262 5239 290 5292 in
306 5237 394 5292 lexico
412 5239 489 5294 verb.
508 5238 629 5302 Electio.
653 5238 755 5293 Petrus
775 5239 958 5293 Ferrariensis
985 5246 1095 5309 praeter
1115 5239 1244 5309 antiquos
1261 5238 1377 5293 adducit
1394 5238 1539 5310 Pigginm,
1565 5238 1709 5307 Oeorium,
1729 5238 1817 5293 Rusr·

119 5325 149 5379 in
173 5325 262 5379 forma
286 5323 373 5378 libelli
397 5331 450 5378 act.
475 5323 590 5378 confess.
614 5324 687 5379 verb.
706 5326 831 5395 plenem,
859 5325 958 5379 Petrus
986 5325 1064 5392 dum,
1083 5324 1260 5391 Driedonem,
1283 5324 1407 5392 Eccium,
1425 5325 1603 5393 Turrianum,
1621 5325 1820 5395 Stapletonnm,

119 5410 156 5464 ds
174 5410 271 5465 Vincis
289 5409 470 5464 cancellarius
490 5408 625 5463 Friderici
636 5409 757 5464 Secundi
776 5409 805 5462 in
825 5410 956 5480 epistolis,
984 5410 1092 5465 Ludos.
1110 5410 1259 5479 Molinam,
1283 5411 1450 5482 Gregorium
1469 5411 1503 5465 de
1523 5410 1666 5474 Valentia.
1689 5411 1818 5482 Vasquss

119 5495 242 5552 Micha'dl
267 5496 446 5553 Ulcurunnns
469 5495 690 5565 Pampilonensis
714 5497 743 5551 in
762 5503 842 5552 tract.
862 5498 897 5552 de
916 5514 957 5553 re·
984 5503 1037 5553 ate.
1065 5497 1149 5551 Anno
1170 5502 1243 5554 ibit.
1264 5496 1324 5554 lac.
1342 5497 1489 5553 Hacksrrn
1507 5497 1647 5569 professor
1663 5497 1820 5569 theologiae

120 5581 188 5654 gin.
211 5582 308 5638 mundi
331 5582 368 5637 ad
389 5582 483 5653 imper.
501 5582 590 5637 Carol.
611 5582 646 5639 V.
680 5582 793 5638 Hieron
814 5582 955 5639 Vendere·
984 5583 1013 5639 in
1036 5583 1181 5639 academia
1203 5583 1385 5655 Friburgensi
1409 5583 1499 5641 edidit
1522 5589 1671 5641 nnumin
1688 5583 1725 5639 de
1741 5599 1819 5653 prse-
