4004 6022
781 224 784 229 '
833 217 886 274 DE
906 215 1099 277 semusta.
1753 235 1814 293 493

115 375 152 430 de
169 390 203 431 ec
220 391 257 430 ue
275 371 329 447 γρύ
344 374 456 445 quidem
467 379 559 428 emtat
577 373 652 445 apud
667 373 800 445 Optatam
821 375 865 430 val
884 375 953 429 ahos
979 373 1104 444 Septimo
1117 373 1230 429 undem
1242 373 1407 445 producitur
1419 377 1486 444 Lea,
1499 377 1548 448 qui
1560 384 1673 446 asssm,
1688 378 1718 431 in
1731 380 1817 434 Petro
1828 393 1921 433 isonis.

57 465 100 505 ¹³¹·
114 477 149 515 ex
173 459 324 516 veteribus.
359 459 442 515 Serto
461 459 624 531 producitur
641 459 831 530 Augustinus,
857 460 953 530 quiin
980 461 1182 529 Apostolorum
1206 462 1327 515 omnnem
1356 478 1462 517 nmmo
1480 464 1710 532 praedicationis
1734 482 1818 521 man·

115 546 235 601 acclama
277 546 403 601 Romarm
442 546 617 616 apostolicae
659 547 810 599 cathedrae
844 562 955 615 semper
980 546 1265 615 peliisccramentum
1280 548 1479 617 principaliter
1492 567 1511 601 a
1527 546 1638 604 Olrsirto
1651 551 1819 607 collocatum

114 632 237 701 ripense
255 631 449 701 principatum
465 636 607 702 agnoscat.
645 631 869 701 Respondemus:
896 631 954 686 Au·
981 650 1052 701 esse,
1078 641 1107 685 ut
1133 635 1168 688 al>
1190 635 1254 702 ipsa
1277 634 1352 687 celest
1378 633 1470 702 capite
1495 636 1574 687 άοηα
1596 653 1649 688 ersa
1670 638 1700 690 in
1716 655 1820 707 corpus

114 717 244 788 gmdnus
265 715 369 770 ibidem
387 721 492 783 merit,
512 717 633 787 reliquas
651 716 782 772 ecclesias
795 734 846 787 per
859 716 954 771 literas
965 756 968 787 ,
981 735 1060 772 omne
1080 720 1260 788 diffunderet,
1282 729 1313 774 ut
1324 728 1457 774 exsortem
1470 736 1500 772 se
1513 722 1640 788 repetenti
1651 723 1820 790 intellipsret

114 801 372 857 communicatorias
401 808 467 856 hunc
490 802 623 872 temporis
644 818 707 856 cum
725 803 852 857 &mana
869 802 955 857 uuus
966 798 968 857 Ϊ
981 806 1080 872 divini,
1102 806 1152 874 qui
1170 823 1257 859 amus
1274 807 1376 870 urbest
1394 825 1413 859 a
1426 806 1508 860 Petri
1520 807 1665 861 soliditate
1678 811 1819 865 recedere:

114 891 292 961 conjunctas,
316 890 367 944 sed
384 887 468 944 hodie
486 906 536 959 per
554 889 730 960 tyrannicam
747 889 955 960 oppressionem
979 890 1205 960 Respondemnsr
1232 891 1309 946 idem
1329 891 1387 948 Leo
1405 909 1486 947 serm.
1508 896 1530 951 1.
1550 892 1579 946 in
1598 899 1654 946 nat
1672 899 1761 964 apost
1782 894 1817 948 de

114 975 169 1030 sihi
194 992 288 1030 omnes
312 976 390 1046 cupit
410 992 471 1031 esse
489 976 644 1046 subjectas,
671 975 745 1045 quod
765 992 815 1030 uec
832 978 895 1046 jure
914 975 953 1028 di·
980 976 1063 1031 Petro
1094 982 1122 1031 at
1149 976 1237 1032 Paulo
1261 977 1300 1031 sic
1324 976 1459 1048 loquitur:
1496 977 1560 1030 Hos
1582 980 1679 1045 pratia
1707 980 1766 1032 Dei
1787 982 1818 1032 in

115 1062 181 1115 rino
200 1078 363 1132 congruum,
382 1076 434 1116 nec
455 1061 654 1116 cousuetudine
674 1060 783 1116 illerum
797 1067 953 1130 temporum
980 1070 1088 1115 matum
1114 1064 1223 1131 apicem
1247 1064 1321 1117 inter
1341 1065 1435 1117 omnia
1455 1064 1587 1117 ccclesias
1608 1065 1731 1117 membro
1746 1082 1816 1133 pro-

116 1153 273 1218 receptum,
305 1147 381 1202 unde
407 1153 483 1202 recte
511 1145 610 1200 scribit
635 1146 782 1201 Zabarella
806 1146 956 1201 cardinalis
979 1149 1063 1216 emit,
1090 1157 1121 1202 ut
1146 1166 1193 1203 ecs
1217 1151 1247 1202 in
1271 1167 1404 1219 corpore,
1436 1150 1483 1202 cui
1507 1157 1592 1218 caput
1615 1159 1655 1203 est
1682 1150 1818 1219 Christus,

115 1234 145 1287 in
170 1250 196 1290 c.
217 1233 290 1289 licet
308 1241 387 1289 extra
406 1234 442 1289 de
457 1233 605 1289 electione:
637 1234 724 1302 Papa
740 1233 843 1287 incasit
861 1235 954 1286 omnic
980 1236 1064 1304 quasi
1095 1236 1232 1302 persicum
1259 1237 1437 1288 constitueret
1465 1234 1558 1288 lumen
1590 1236 1748 1300 cadorum,
1781 1238 1818 1290 de

110 1321 185 1389 juro
214 1320 384 1383 inferiorum
412 1320 606 1387 ecclesiarum,
641 1322 714 1373 adeo
744 1327 776 1371 ut
807 1319 955 1385 inferioris
980 1336 1095 1389 quorum
1118 1321 1227 1373 meritis
1250 1329 1276 1374 et
1300 1322 1450 1375 uirtutibus
1470 1321 1543 1374 nihil
1561 1323 1701 1374 dieucum
1717 1324 1818 1376 sentire

57 1407 68 1448 ¹·
82 1405 103 1449 ⁸—
118 1406 230 1459 ordinis
249 1405 381 1475 meelate·
399 1405 564 1475 pronihilo
582 1406 652 1472 sint,
678 1412 704 1458 et
721 1405 779 1458 nisi
796 1408 877 1458 Deus
893 1421 954 1457 suc·
980 1406 1108 1459 memus
1130 1407 1296 1472 dumetum,
1322 1407 1391 1474 quia
1415 1408 1482 1461 illos
1510 1416 1536 1460 et
1560 1408 1659 1461 electio
1680 1424 1769 1478 pares
1791 1417 1818 1462 et

117 1500 229 1555 currat,
254 1492 426 1545 celanentcr
447 1491 665 1559 periclitatum
689 1499 730 1544 est
753 1499 844 1544 dctus
870 1491 955 1544 eccle·
981 1490 1063 1545 labor
1079 1492 1186 1545 similes
1205 1500 1231 1544 et
1247 1492 1314 1556 fius's
1329 1492 1401 1556 fecit
1418 1493 1568 1561 aeqrmles,
1585 1492 1635 1547 ubi
1653 1511 1709 1548 uon
1726 1493 1818 1560 Petro,

117 1578 233 1631 siarum
270 1575 351 1630 Adde
370 1575 446 1647 quod
464 1575 710 1646 Carthaginensem
731 1577 889 1640 ecclesiam,
909 1575 953 1629 cui
980 1577 1030 1631 sed
1056 1576 1166 1632 Christo
1189 1577 1289 1648 capitis
1314 1577 1445 1631 honorem
1465 1585 1493 1633 et
1511 1579 1724 1648 appellationem
1742 1588 1817 1635 recta

116 1662 294 1736 Augustinus
313 1670 381 1717 tunc
401 1667 537 1732 praeerat,
557 1679 612 1717 non
631 1663 719 1718 solum
738 1680 801 1718 cum
820 1662 954 1727 Romana,
979 1662 1085 1718 tribuit.
1128 1664 1217 1719 Multo
1242 1665 1333 1719 minus
1356 1681 1386 1719 se
1406 1665 1497 1734 ipsum
1517 1664 1575 1720 Leo
1593 1683 1643 1736 pro
1664 1667 1758 1736 capite
1774 1682 1817 1721 ec·

118 1750 166 1805 sed
195 1750 280 1805 etiam
303 1764 367 1803 cum
390 1749 489 1803 ceteris
513 1764 563 1818 per
582 1749 842 1804 communicatorias
859 1749 953 1802 literas
981 1748 1082 1804 clesiae
1100 1749 1256 1804 venditavit
1272 1750 1317 1805 rel
1335 1750 1480 1806 venditare
1499 1751 1583 1806 etiam
1601 1753 1705 1821 potuit,
1729 1752 1818 1823 ipsius

117 1835 204 1890 luisse
225 1837 401 1906 conjunctam
420 1834 524 1889 ibidem
542 1842 656 1890 usserat.
690 1834 735 1892 Sic
753 1836 827 1890 enim
844 1833 955 1889 scribit:
978 1840 1051 1890 enim
1074 1843 1199 1906 tempore
1218 1835 1528 1906 constantinopolitana
1550 1837 1629 1893 sedes
1650 1843 1818 1908 potestatem

120 1924 189 1978 Oum
218 1939 248 1976 se
271 1924 378 1976 uideret
404 1923 561 1993 (episcopus
590 1921 777 1980 Caecilianus)
807 1924 953 1976 Ravennae
979 1920 1102 1976 habehat
1123 1938 1219 1991 parem
1244 1923 1304 1977 sedi
1328 1923 1493 1993 antiquioris
1515 1923 1622 1979 Βοωιο
1639 1933 1665 1978 et
1683 1926 1715 1978 in
1732 1925 1817 1980 eccle·

118 2010 262 2076 cedenac,
293 2009 324 2062 in
349 2026 405 2078 quo
428 2027 537 2080 semper
562 2009 736 2078 apostolicae
758 2009 893 2062 ecclesiae
915 2006 954 2060 oi·
980 2009 1104 2061 eiecticis
1126 2009 1246 2075 nepotiis
1271 2024 1360 2078 aeque
1384 2011 1616 2077 mcpniticabatur
1634 2011 1717 2080 juxta
1736 2027 1816 2066 canc

117 2097 179 2165 quit
192 2095 386 2165 principatus,
405 2103 432 2149 et
450 2096 551 2149 ceteris
570 2097 667 2164 terris,
692 2097 768 2149 unde
781 2095 954 2165 eoonpelr'um
980 2109 1043 2148 nem
1055 2093 1165 2148 concilii
1178 2093 1411 2165 carthaginensis,
1429 2095 1477 2166 qui
1490 2102 1581 2150 exstat
1592 2111 1616 2152 e.
1640 2096 1817 2153 Renorantes

119 2184 160 2235 ad
181 2182 273 2251 ipsam
303 2181 433 2250 Africam
457 2182 546 2249 uenit,
567 2198 622 2250 per
640 2179 904 2234 communicatorias
920 2180 954 2232 li·
981 2180 1101 2235 distinct
1122 2185 1163 2237 22.
1183 2197 1265 2252 quem
1283 2188 1376 2236 tamen
1394 2197 1528 2236 canonem
1544 2181 1661 2236 Romani
1677 2183 1817 2254 pontificis

119 2277 193 2322 teras
218 2283 277 2322 esee
300 2268 484 2337 conjunctum.
525 2266 655 2322 Ceterum
680 2267 755 2339 quod
778 2267 954 2338 Augustinus
980 2272 1164 2320 maentatcres
1188 2273 1286 2336 postea
1309 2266 1505 2336 depravarunt.
1549 2267 1605 2323 Ubi
1629 2269 1703 2322 enim
1723 2278 1818 2339 patras

119 2353 334 2425 haudquaquam
356 2369 514 2424 supremam
537 2352 567 2407 in
586 2352 708 2424 reliquas
726 2352 857 2407 ecclesias
870 2352 954 2423 juris
981 2351 1277 2421 comeantincpclitani
1301 2351 1399 2406 dicunt
1422 2350 1565 2424 liptccpss,
1592 2356 1751 2421 definimus,
1777 2354 1818 2409 illi

120 2440 267 2495 dicionem
299 2439 424 2495 Romano
452 2439 581 2510 episcopo
613 2439 792 2508 concesserit,
822 2452 856 2491 ex
884 2438 955 2492 actis
981 2437 1184 2493 substituerunt
1202 2439 1344 2506 petimus,·
1373 2438 1428 2494 ubi·
1450 2438 1748 2511 constantinopolitani
1777 2439 1819 2494 di·

120 2527 228 2581 concilii
250 2525 478 2597 Carthaginensis
503 2525 680 2581 manifestum
702 2530 752 2579 cst.
792 2524 863 2580 Cum
882 2523 954 2579 enirn
981 2530 1049 2579 cunt
1079 2530 1107 2580 et
1137 2524 1168 2577 in
1194 2524 1389 2577 ecclesiasticis
1418 2541 1504 2593 aeque
1535 2527 1744 2592 nupciarum,
1775 2523 1818 2579 illl

119 2612 252 2683 Apiarius
276 2611 312 2667 ab
333 2611 469 2682 episcopis
487 2611 627 2665 Africanis
645 2612 808 2682 episcopatu
827 2627 878 2665 suc
897 2609 955 2665 Sic-
981 2610 1184 2665 substituerunt
1205 2628 1262 2664 non
1286 2619 1379 2664 tamen
1404 2610 1435 2663 in
1455 2611 1654 2665 ecclesiasticis
1672 2612 1755 2665 relus
1771 2626 1819 2665 oe·

120 2698 196 2754 censi
221 2698 346 2769 dejectus
371 2697 407 2751 ad
432 2697 593 2767 episcopum
616 2698 772 2752 Romanum
793 2696 955 2768 appellaret,
982 2697 1259 2765 que'mapm'ficetur,
1279 2712 1362 2767 quarn
1380 2695 1532 2751 falsitatem
1551 2697 1663 2768 ipsimet
1680 2695 1819 2759 Pontificil

120 2785 168 2857 qui
193 2801 256 2840 eum
275 2782 474 2838 absolvendum
495 2789 524 2837 et
540 2782 740 2838 restituendum
762 2782 895 2838 ecclesiae
910 2783 955 2853 ju·
981 2782 1071 2836 coacti
1091 2786 1157 2836 sunt
1176 2796 1340 2853 agnoscere,
1361 2781 1389 2835 in
1409 2782 1530 2838 editione
1552 2783 1626 2837 enirn
1643 2782 1819 2852 Gregorisna

121 2869 249 2938 dicabat,
270 2869 344 2940 quod
364 2868 469 2922 iactum
487 2885 567 2923 suum
586 2868 683 2924 fictitio
700 2870 820 2940 quodam
839 2867 954 2924 Nicaeni
981 2884 1032 2938 pro
1059 2884 1116 2921 con
1144 2875 1236 2921 tamen
1263 2868 1413 2938 repositum
1442 2874 1556 2923 estnec
1580 2887 1645 2923 nan.
1690 2868 1819 2923 (letemur

120 2955 231 3011 concilii
255 2971 362 3010 canone
380 2954 537 3020 muniebat,
560 2954 686 3010 Africam
703 2955 739 3009 ad
757 2955 955 3025 patriarchales
982 2953 1057 3023 quod
1082 2952 1140 3007 Iseo
1166 2953 1289 3009 nondum
1308 2953 1459 3008 obtinuerit
1476 2955 1681 3009 monarchicam
1700 2960 1820 3024 potesta·

120 3043 202 3097 sedes
220 3041 452 3105 Alexandrinam,
478 3039 809 3113 Consammcpolitanarn
829 3049 857 3097 et
875 3042 955 3096 Anti·
981 3046 1045 3106 tem,
1064 3045 1142 3108 patet
1162 3055 1195 3094 ex
1213 3055 1255 3107 ec,
1275 3039 1350 3109 quod
1370 3040 1450 3109 epist
1472 3047 1513 3095 tu.
1549 3039 1714 3095 Pulcheriae
1731 3055 1819 3111 auga·

120 3129 255 3185 ochenam
277 3128 387 3183 nuntios
412 3126 596 3199 ablegabaut,
620 3127 669 3199 qui
689 3127 856 3198 exemplaria
874 3144 955 3182 cano·
981 3132 1040 3180 stae
1057 3125 1206 3195 supplicat,
1225 3132 1258 3178 ut
1274 3125 1396 3192 mandet,
1417 3124 1601 3195 Eutychetem
1620 3125 1649 3179 in
1668 3126 1816 3180 remotiora

119 3234 187 3272 num
212 3216 397 3272 Nicaencrum
425 3230 458 3268 ex
482 3212 602 3268 archivis
628 3214 736 3268 illenim
759 3214 884 3268 Africam
908 3213 954 3269 de·
981 3211 1043 3267 loca
1068 3210 1200 3282 relegari3
1225 3211 1308 3282 ‘quod
1338 3211 1418 3281 epist.
1444 3217 1487 3267 ta.
1515 3216 1554 3266 rt.
1580 3217 1620 3266 tu.
1655 3211 1817 3265 Anatolium

119 3304 240 3372 ferrent,
266 3302 315 3357 sed
334 3300 363 3354 in
382 3300 438 3355 illis
455 3316 544 3354 canon
563 3301 597 3354 de
615 3300 781 3370 appellando
800 3301 836 3354 ad
855 3300 954 3355 Roma·
981 3295 1315 3366 Constantinopolitanum
1331 3303 1413 3351 vocat
1424 3313 1505 3350 suum
1520 3299 1727 3366 cctpsscopum5
1742 3295 1817 3368 quod

119 3407 186 3444 num
209 3386 369 3459 pontificem
390 3403 444 3442 non
468 3385 674 3453 inveniebatur,
701 3385 776 3440 unde
793 3386 821 3440 in
839 3386 955 3441 concilio
981 3383 1060 3454 epist.
1081 3388 1122 3440 tt.
1136 3382 1297 3452 imperatori
1315 3382 1463 3453 supplicat,
1483 3388 1516 3437 ut
1531 3383 1678 3437 concilium
1690 3382 1720 3437 in
1733 3382 1817 3437 Italia
1828 3381 1875 3424 m
1888 3382 1908 3426 9·

119 3475 267 3543 Africano,
304 3473 350 3527 cui
377 3472 553 3544 Augustinus
589 3488 652 3526 cum
679 3471 740 3525 aliis
769 3471 895 3526 ducentis
922 3486 955 3526 ac
981 3470 1101 3538 indicat3
1122 3469 1197 3540 quod
1210 3468 1290 3539 epist
1304 3473 1346 3523 ta.
1359 3468 1518 3539 imperatori
1530 3469 1677 3539 supplicat,
1698 3476 1730 3523 ut
1741 3484 1817 3524 man·

120 3561 230 3617 duobus
246 3560 372 3633 patribus
391 3558 523 3622 interfuit,
539 3559 698 3612 conclusum
717 3558 779 3625 fuit,
800 3559 902 3612 nemini
917 3558 954 3612 ad
982 3558 1029 3611 det
1048 3553 1253 3623 Alerandrinis,
1272 3560 1305 3608 ut
1322 3555 1352 3608 in
1369 3554 1496 3610 Diosccri
1511 3555 1602 3610 locum
1614 3556 1699 3610 alium
1710 3556 1817 3626 episcc'·

119 3647 276 3703 Romanum
305 3645 464 3718 pontificem
494 3660 645 3715 provocare
674 3645 772 3712 licere,
802 3644 856 3698 nisi
884 3643 955 3698 forte
982 3658 1047 3714 pum
1066 3641 1179 3713 eligant.

101 3716 270 3807 disquirat)
288 3734 386 3786 credat
405 3731 559 3802 quaepiam,
583 3731 746 3785 uniatililet
760 3747 844 3800 posse
862 3733 955 3785 Deum
1017 3734 1075 3784 235.
1109 3726 1288 3783 Testimoniis
1305 3734 1416 3797 patrum
1435 3727 1514 3783 addit
1531 3728 1716 3784 Bellarminus
1736 3743 1816 3798 expe-

120 3821 256 3875 ecaminis
278 3819 421 3888 inspirare
440 3818 584 3888 jesetc'tiam
610 3826 636 3870 et
657 3817 908 3871 innumerabilibus
926 3819 955 3870 in
980 3816 1118 3870 mendam.
1168 3813 1299 3868 Videmus
1326 3814 1438 3886 (inquit)
1461 3832 1557 3870 omnes
1582 3816 1652 3870 illas
1677 3816 1817 3884 melesius,

118 3907 240 3962 cenatio
274 3906 452 3975 conprepctis
483 3907 635 3972 decepere,
672 3920 706 3958 ex
745 3918 800 3974 quc
830 3912 955 3974 apparet,
981 3920 1053 3973 meae
1079 3903 1114 3955 oo
1141 3901 1197 3954 isto
1222 3902 1315 3971 capite
1345 3899 1490 3971 (panuliae
1516 3901 1653 3969 Romano)
1672 3919 1702 3955 se
1718 3903 1818 3956 diuise-
1897 3940 1900 3947 -

119 3993 309 4064 Augustinum
336 3998 365 4047 et
391 3990 534 4061 episcopos
561 3988 709 4044 Africam
737 3990 867 4044 unionem
891 4005 954 4044 cnm
981 3995 1062 4055 ruat,
1098 3995 1234 4056 tonqrtam
1264 4003 1358 4040 ramos
1382 3989 1531 4056 praecisos
1561 4006 1580 4040 a
1605 3989 1705 4042 radice
1732 3988 1819 4041 conti

118 4084 242 4135 Romano
266 4077 396 4148 pontifice
417 4083 550 4147 tanquam
567 4092 630 4130 cum
648 4075 740 4146 capite
759 4081 788 4130 et
806 4077 955 4131 monarcha
980 4092 1036 4129 nuo
1054 4075 1173 4129 aruisse.
1202 4073 1283 4127 Oerte
1302 4074 1435 4127 molesios
1448 4073 1595 4127 Adoneae
1608 4081 1636 4126 et
1647 4074 1817 4143 Africanas,

117 4165 231 4221 minime
242 4165 369 4221 coluisse.
402 4164 436 4218 In
449 4162 565 4218 concilio
577 4161 790 4234 Carthaginensi
804 4167 827 4218 3.
840 4179 901 4218 can.
912 4168 953 4222 26.
981 4177 1053 4230 quae
1072 4162 1213 4230 qnondam
1231 4161 1274 4213 ita
1287 4160 1442 4228 florebam,
1459 4169 1491 4213 ut
1507 4161 1736 4213 numerosissima
1753 4177 1816 4214 con·

117 4258 147 4306 et
165 4249 338 4323 Hipponensi
357 4267 416 4305 cau.
436 4256 476 4305 tt.
498 4256 637 4314 statuunt,
660 4250 771 4304 nullum
782 4250 955 4320 'eps'sccpnm
981 4247 1049 4301 cilia
1068 4246 1242 4301 celebrarent
1261 4254 1288 4299 et
1308 4262 1418 4314 semper
1436 4246 1568 4300 labascet
1579 4246 1681 4299 multos
1693 4245 1816 4301 laminas

115 4339 274 4392 occandum
297 4353 354 4390 erse
377 4353 513 4389 summum
537 4337 710 4390 sacerdotem
731 4345 779 4391 ara
794 4337 954 4405 principem
980 4335 1024 4388 cel
1047 4333 1177 4387 doctrina
1200 4332 1244 4386 cel
1267 4333 1416 4386 sanctitate
1439 4333 1484 4387 cel
1502 4341 1620 4402 unoque
1639 4334 1688 4386 dei
1705 4347 1816 4386 munere

118 4425 304 4486 sacerdotum,
325 4438 394 4493 quos
413 4436 532 4476 mannes
548 4421 686 4492 pontificis
704 4421 835 4492 primatui
846 4422 955 4493 opposi·
981 4419 1165 4487 clarissimos,
1183 4419 1219 4472 ol
1238 4433 1270 4470 ec
1282 4426 1415 4487 tempere,
1435 4436 1489 4489 quo
1508 4436 1527 4471 a
1546 4421 1677 4474 Romana
1697 4418 1816 4473 ecclesia

118 4516 163 4564 tos
192 4526 251 4565 esse
282 4523 361 4563 nemo
388 4523 444 4561 non
470 4507 556 4565 videt.
602 4507 676 4570 Quid
701 4508 776 4581 qnod
803 4507 833 4563 in
859 4508 955 4564 eadem
980 4505 1102 4559 schisma
1113 4506 1254 4570 fecerunt,
1271 4504 1354 4558 nullo
1372 4506 1497 4559 coemtio
1517 4505 1703 4575 celebrarunt,
1721 4506 1817 4560 nance

119 4594 237 4666 epistola
261 4600 318 4651 162.
343 4594 370 4647 in
395 4611 451 4667 qua
472 4594 614 4649 Romanae
632 4593 765 4649 ecclesiae
783 4593 956 4665 principatus
981 4593 1137 4646 hahuerunt
1158 4590 1282 4644 homines
1308 4592 1391 4654 foma
1416 4593 1575 4646 sanctitatis
1598 4601 1648 4645 aut
1672 4592 1816 4646 doctrinae

118 4681 268 4736 cathedrae
286 4679 455 4750 apostolicae
472 4679 619 4748 tribuitur,
646 4680 681 4734 de
701 4679 854 4734 Donatistis
871 4679 956 4735 refer·
982 4680 1033 4734 tcti
1057 4677 1121 4732 orii
1143 4685 1224 4731 notos
1247 4684 1273 4730 ct
1291 4694 1363 4732 nunc
1385 4679 1414 4731 in
1434 4694 1542 4731 mmmc
1562 4680 1739 4745 ipnorotr'one
1757 4694 1816 4733 ver·

118 4774 178 4832 tur,
202 4766 323 4837 quadiu
342 4782 430 4820 causa
450 4765 596 4835 Majorini
611 4766 647 4818 ab
664 4767 845 4836 imperatore,
864 4782 920 4820 nan
937 4782 955 4818 a
981 4773 1090 4820 samar.
1112 4762 1241 4823 ”Vide
1258 4779 1368 4836 quoque
1383 4764 1522 4819 lecchum
1540 4765 1703 4820 (dresserum
1721 4765 1756 4819 de
1774 4781 1817 4820 ec·

114 4853 249 4923 pontifice
266 4853 394 4907 Romana
408 4853 536 4922 judicem
553 4853 693 4922 petierint,
713 4854 791 4923 quod
804 4854 956 4922 imperator
982 4851 1069 4907 clesia
1092 4849 1264 4905 meridionali
1288 4857 1317 4905 et
1341 4850 1559 4906 occidentali*
1594 4851 1816 4922 Respondemuss

117 4939 179 4994 illis
197 4938 308 4994 dederit
321 4938 462 5008 judicem,
491 4957 546 4992 non
564 4939 654 4993 solum
674 4941 835 5010 episcopum
852 4940 955 4994 Roma·
985 4945 1007 4994 t.
1027 4938 1061 4993 ds
1080 4943 1155 4992 statu
1173 4936 1359 4992 asiaticarum
1379 4944 1407 4992 et
1425 4936 1618 4992 Africanarum
1637 4938 1817 4995 ecclesiarum

118 5045 197 5091 rrum,
222 5027 274 5079 sed
296 5026 380 5080 etiam
406 5026 480 5078 alios
504 5026 665 5096 episcopos,
691 5028 768 5096 quael
788 5027 824 5079 ab
843 5026 896 5080 loc
912 5024 956 5094 iu·
982 5025 1101 5080 diximus
1118 5024 1245 5094 superins
1264 5019 1293 5097 ξ.
1316 5028 1372 5079 teu.
1392 5024 1466 5094 quod
1487 5024 1593 5079 scilicet
1609 5023 1817 5094 inquibusdam

119 5113 195 5168 dicio
220 5112 366 5185 pontificis
391 5121 416 5166 et
437 5114 632 5182 episcoporum
659 5114 830 5167 Donatistae
852 5131 955 5184 proco·
982 5111 1106 5166 articulis
1130 5110 1269 5181 puriorem
1294 5118 1322 5165 et
1339 5110 1515 5166 sinceriorem
1531 5111 1655 5167 habeant
1670 5110 1737 5167 fidei
1753 5128 1816 5168 cou-

119 5200 214 5253 cariut
230 5202 271 5253 cd
289 5200 487 5269 imperatorem
506 5206 532 5252 et
551 5199 626 5253 alios
638 5199 756 5267 judices
770 5199 956 5272 postularint,
981 5197 1130 5254 fossionem
1147 5212 1231 5268 quam
1248 5195 1387 5267 Romana,
1414 5199 1545 5268 quodque
1562 5197 1719 5263 duratione,
1745 5199 1816 5254 auti·

119 5286 197 5353 qucd
211 5290 366 5356 imperator
384 5285 459 5339 alios
478 5285 539 5338 illis
558 5284 669 5338 dederit
687 5285 807 5352 iudices,
827 5284 877 5353 qui
892 5292 957 5355 pcst
982 5285 1089 5356 quitata
1109 5289 1137 5339 et
1147 5283 1330 5354 amplitudine
1342 5284 1505 5355 nentiquam
1517 5284 1558 5338 illi
1572 5283 1681 5339 cedant.
1713 5284 1777 5341 Lib.
1791 5292 1815 5344 t.

114 5388 224 5440 papam
243 5378 269 5425 et
285 5371 401 5441 priores
421 5371 533 5439 judices
552 5386 665 5423 causam
685 5370 867 5440 discuterent,
885 5387 956 5442 quae
982 5370 1018 5426 de
1035 5369 1145 5425 Christo
1169 5386 1194 5426 c.
1215 5374 1257 5426 tt.
1286 5367 1470 5424 Bellarmium
1488 5370 1585 5426 eadem
1600 5369 1688 5426 ias-me
1705 5372 1816 5443 repetit,

118 5455 212 5512 omnia
242 5455 381 5529 pontificis
417 5454 571 5512 dominatui
603 5461 724 5512 exuens
763 5457 955 5514 adversantur.
982 5456 1056 5527 quod
1076 5455 1194 5511 ecclesia
1217 5455 1331 5510 Graeca
1343 5464 1411 5527 post
1427 5456 1548 5511 schisma
1562 5456 1673 5514 maun
1687 5458 1817 5514 monne
