3998 6024
245 298 303 355 130
831 284 951 343 Locus
969 281 1172 341 vlcasums
1189 282 1333 342 PRIMUS

240 460 302 496 cum
312 443 447 511 ponendo
460 442 665 495 conumsionem
676 441 747 505 tisri,
765 438 969 506 difficillimum
985 446 1027 491 est
1038 438 1078 491 ui·
1105 438 1177 491 taric
1193 447 1234 492 est
1252 437 1424 492 naturaliter
1441 439 1529 509 panis
1545 446 1572 493 et
1590 439 1699 507 moran,
1727 439 1945 496 66666666πωί-

241 529 317 593 clere,
334 526 459 595 qualiter
478 515 543 594 abac
558 526 652 590 faciat
669 525 782 595 aliquid
798 525 839 578 cd
851 524 911 590 lsoc,
930 525 1078 592 66661666-
1104 532 1148 578 ter
1166 540 1268 594 corpus
1287 523 1404 592 cbristi,
1420 541 1581 594 quanquam
1600 523 1694 595 aliqui
1711 524 1833 593 fiam,
1852 525 1948 596 ipsust

238 611 415 684 psssClsristi
429 612 466 665 eit
484 614 515 666 in
526 621 710 668 samcmento.
747 610 884 667 Occsmus
902 610 930 665 in
949 609 1078 679 cantiloq.
1106 627 1164 664 esse
1189 610 1322 664 occidam
1344 611 1404 664 sine
1431 611 1589 664 substantia
1608 611 1732 680 adjecta.
1767 611 1894 666 Finem
1909 612 1947 666 is

243 698 326 754 theol.
344 714 420 753 conc
443 696 490 751 lib.
512 703 536 753 4.
554 716 582 769 q.
601 702 633 752 6:
655 697 844 752 Sssbstantiam
857 697 946 765 panis
958 712 1079 764 manere,
1105 697 1161 749 tius
1179 696 1336 750 6666666666
1353 704 1395 750 est
1414 696 1608 765 blasphemare
1631 696 1662 749 in
1686 697 1794 766 mon,
1822 699 1948 753 nanda

243 784 294 838 boc
318 785 421 851 666666
446 790 486 837 eet
509 783 663 836 minoribus
687 782 869 836 incommodis
888 781 1036 836 obnoxium
1055 788 1081 834 ct
1106 782 1193 836 lirare
1215 789 1341 844 sannas,
1365 798 1420 850 per
1443 781 1619 835 mendacium
1643 782 1808 836 6661666166.
1845 782 1949 840 John.

243 870 334 924 sacris
362 870 518 939 Scriptwis
544 870 636 922 minus
661 885 831 938 repuqnans.
874 867 951 922 Idem
980 866 1027 921 lib.
1055 872 1079 922 4.
1106 866 1189 920 Picus
1212 883 1303 921 comes
1327 865 1539 921 Mnaudulanns
1556 866 1586 921 in
1603 866 1830 923 conclusionibus
1848 885 1948 924 secun

244 961 314 1011 sent
334 954 396 1009 dist
418 959 457 1010 11.
474 970 501 1024 q.
522 959 550 1010 6:
579 955 616 1007 ln
629 961 769 1022 potestate
788 954 846 1007 Dci
863 961 919 1020 est,
943 969 1001 1006 esse
1018 952 1080 1005 sub-
1106 952 1173 1006 dum
1197 951 1310 1008 Scotum
1332 952 1439 1008 Romae
1456 952 1590 1023 superiori
1608 952 1703 1009 seculo
1721 953 1836 1023 publica
1852 953 1947 1025 dispu-

244 1041 379 1095 stantiam
400 1040 451 1093 sub
476 1041 567 1108 specie
585 1041 673 1109 punis
699 1047 725 1094 et
749 1058 806 1094 non
825 1055 891 1093 esse.
928 1038 1004 1108 Ejus
1019 1038 1080 1106 pri·
1105 1037 1173 1091 tatis
1198 1038 1286 1093 conob
1312 1044 1341 1094 2:
1377 1038 1445 1092 Sine
1469 1040 1648 1093 conversim
1669 1040 1758 1110 panis
1789 1040 1820 1094 in
1842 1057 1949 1110 corpus

244 1145 305 1181 mus
320 1128 420 1180 modus
432 1134 527 1194 potest
545 1127 640 1194 teneri,
659 1127 726 1195 quia
747 1144 803 1180 non
821 1132 959 1195 repuqnat
976 1124 1083 1178 rationi
1110 1122 1228 1191 Christi,
1253 1123 1298 1178 ael
1319 1125 1476 1194 pensitatis
1498 1125 1702 1180 annihilatione
1718 1142 1823 1195 corpus
1841 1124 1950 1181 Christi

245 1230 294 1269 nec
313 1213 478 1267 auctoritati
495 1213 622 1279 Bibliae,
639 1220 665 1265 et
683 1220 724 1266 est
742 1211 942 1265 rationabilior
961 1218 987 1263 et
999 1210 1081 1278 saci·
1107 1211 1308 1277 manducatssr,
1333 1218 1471 1278 qumenus
1492 1227 1590 1280 nempe
1619 1227 1812 1281 quamcunque
1838 1220 1949 1267 creatu·
1961 1221 1987 1265 Ι.

245 1300 301 1354 lior
328 1299 370 1352 ad
392 1301 540 1352 tenendum
563 1298 746 1352 interamnae
762 1298 873 1361 modos,
901 1296 971 1365 quia
990 1304 1082 1350 tamen
1108 1311 1171 1348 ram
1193 1295 1274 1348 Deus
1297 1296 1477 1364 sssppositare
1493 1304 1602 1365 potest,
1628 1314 1683 1367 quo
1701 1298 1798 1367 posito
1816 1306 1846 1353 et
1858 1300 1950 1369 pans's

246 1384 441 1440 61616νωί66116
467 1383 602 1438 eramiae
626 1383 656 1437 in
673 1383 845 1437 contrariam
862 1383 984 1448 maistit,
1010 1400 1082 1436 com·
1109 1388 1251 1434 remaneat
1278 1387 1304 1433 et
1322 1397 1424 1456 corpus
1441 1380 1479 1434 sit
1497 1397 1559 1436 cum
1572 1398 1659 1451 pune.
1694 1383 1812 1456 Langus
1828 1383 1950 1456 scriptor

246 1472 365 1526 menter
382 1478 474 1524 tenent
491 1471 635 1538 doctores,
653 1470 730 1539 quod
747 1470 787 1522 ibi
804 1487 860 1523 non
877 1477 1003 1523 remanet
1021 1469 1082 1521 sub-
1109 1465 1272 1523 Pontificius
1290 1472 1319 1522 et
1341 1466 1515 1537 imperatoris
1532 1466 1716 1523 Maximilisni
1733 1469 1771 1524 11.
1790 1469 1949 1526 666ιί616τί-

245 1558 353 1613 stontia
374 1557 460 1627 panis
485 1557 533 1623 (66
553 1555 607 1611 hoc
631 1555 752 1611 Occamo
778 1555 939 1626 pronuntiat
960 1554 1084 1625 Scaliger
1109 1553 1161 1606 alis
1179 1552 1248 1620 fuit,
1263 1552 1298 1607 66
1315 1568 1349 1607 eo
1367 1552 1408 1607 sic
1426 1552 1528 1625 legitur
1544 1553 1574 1608 in
1593 1554 1686 1610 indico
1703 1562 1850 1627 expurgat
1886 1555 1950 1612 Bel·

247 1660 334 1700 66616.
358 1648 416 1699 324.
443 1644 519 1711 quod
541 1643 603 1712 ejus
626 1643 769 1711 inqenium
791 1642 905 1708 inqcnia
930 1642 1024 1695 omnia
1040 1656 1083 1693 ae·
1110 1638 1174 1709 gito
1197 1655 1223 1708 p.
1248 1643 1289 1694 36.
1313 1643 1342 1692 61
1364 1637 1393 1692 16
1412 1637 1470 1693 ind.
1489 1655 1604 1710 expurg.
1622 1639 1739 1710 Hiems.
1762 1645 1826 1697 lib:
1859 1640 1950 1704 Quae·

248 1738 310 1785 tera
337 1728 513 1791 wboerterit,
542 1744 615 1780 noua
641 1730 683 1780 ad
704 1728 821 1781 invictas
842 1727 971 1780 insanias
992 1727 1026 1780 ob
1042 1727 1083 1779 in·
1110 1740 1217 1793 cunque
1243 1725 1358 1793 tanqua
1373 1725 1488 1794 proiice
1504 1726 1575 1778 satis
1592 1727 1629 1779 de
1646 1726 1836 1781 saclas-itlius
1854 1743 1960 1782 tactu·-

248 1813 509 1884 comprelsensibiles
536 1812 706 1867 66616111αέ66
723 1813 884 1880 fabricmit
911 1820 995 1881 atque
1021 1830 1083 1866 con·
1111 1818 1202 1863 mento
1235 1817 1358 1864 recenset
1390 1828 1408 1863 a
1435 1812 1546 1880 paqina
1568 1813 1717 1868 6661661666
1740 1813 1951 1883 upmooesasa

248 1899 413 1967 formarit).
437 1899 537 1954 Petrus
551 1898 587 1952 66
596 1897 706 1952 Alliaco
714 1896 1086 1952 cardinalisCameraciensis
1110 1914 1186 1950 nona
1211 1912 1299 1964 mque
1327 1898 1368 1950 ad
1396 1897 1565 1966 rescriptum
1595 1897 1744 1952 Hadriani
1767 1899 1951 1968 imperatoris

250 1985 279 2040 iu
296 1984 345 2040 lib.
357 1990 382 2041 4.
395 1989 464 2040 seut
478 1984 540 2039 dist.
555 1988 593 2039 11.
608 2000 636 2054 q.
651 1989 674 2038 6.
688 1989 739 2037 art.
755 1989 782 2038 l:
803 1983 901 2036 Tertia
914 1983 1010 2053 opinio
1019 1985 1085 2048 fuit,
1109 2001 1176 2052 paq.
1206 1983 1357 2038 centesima
1387 1983 1571 2052 nonaqesima
1592 2001 1681 2052 nona,
1710 1984 1883 2053 judicamus
1905 1987 1950 2040 66

249 2073 326 2141 quad
342 2071 500 2125 substantia
514 2071 600 2140 panis
620 2077 745 2124 remanet
763 2075 815 2124 etc.
833 2069 975 2140 quidquid
990 2077 1084 2122 tamen
1112 2071 1206 2136 lenda,
1226 2086 1292 2122 nam
1311 2069 1401 2124 666116
1419 2071 1557 2125 continent
1572 2087 1677 2140 parum
1692 2071 1832 2139 reliqicni
1850 2070 1951 2128 conto

248 2158 286 2211 sit
312 2159 348 2211 cle
373 2157 439 2224 boc,
464 2164 560 2227 patet,
590 2157 667 2225 quod
690 2155 740 2211 ille
761 2157 861 2209 modus
880 2155 917 2209 sit
930 2155 1085 2224 potabilis,
1112 2157 1185 2211 licae
1200 2173 1322 2210 consona
1328 2176 1339 2223 ,·
1358 2156 1430 2209 inter
1448 2173 1482 2210 ea
1501 2164 1594 2211 cutem
1610 2158 1688 2212 illud
1699 2166 1742 2212 est
1752 2161 1952 2229 praecipuum,

249 2261 299 2298 nec
314 2251 454 2313 repuqnat
470 2243 586 2310 rationi,
602 2258 653 2296 nec
667 2241 830 2296 auctoritati
842 2241 965 2303 Bibliae,
980 2242 1035 2294 imo
1047 2249 1085 2294 cst
1112 2245 1189 2313 quod
1205 2243 1543 2298 transsubstantiationem
1559 2261 1616 2298 nan
1633 2246 1770 2313 aqnoscit,
1787 2248 1841 2300 ecel
1853 2253 1953 2315 aperte

240 2330 367 2398 facilior
384 2331 426 2382 aa
443 2328 653 2396 intelliqendum
671 2335 697 2381 et
710 2328 916 2395 rationabilior,
934 2344 1018 2396 quam
1032 2327 1085 2382 ali·
1111 2330 1265 2395 contendit,
1292 2346 1353 2382 cmo
1380 2345 1499 2398 corpore
1522 2338 1549 2383 et
1571 2331 1709 2400 sanquine
1735 2330 1846 2386 Christi
1861 2348 1952 2386 rema

247 2418 310 2486 quis
327 2416 464 2480 aliorum,
485 2416 535 2484 qui
547 2415 645 2484 ponit,
664 2416 741 2483 qood
758 2415 916 2468 substantia
930 2415 1018 2483 panis
1037 2416 1084 2467 de·
1111 2432 1176 2469 nere
1205 2432 1299 2468 ceram
1327 2415 1415 2484 panis
1438 2423 1465 2468 et
1486 2416 1547 2469 uini
1563 2417 1757 2473 substantiam.
1794 2416 1954 2483 0666661166

247 2511 324 2558 serat
347 2503 508 2557 accidentia
534 2509 560 2555 et
577 2518 633 2554 non
652 2501 809 2554 substantia
826 2502 953 2570 corporis
970 2500 1084 2555 Christi.
1110 2502 1139 2557 in
1162 2500 1279 2558 consult.
1301 2500 1338 2554 ad
1356 2499 1575 2556 Maximiliauum
1590 2502 1628 2557 11.
1647 2503 1683 2559 66
1702 2502 1952 2561 uamnbstantiu

249 2591 288 2643 Et
307 2590 347 2642 sic
365 2608 421 2643 non
434 2588 519 2657 ponit
535 2587 693 2640 accidentia
709 2588 770 2640 sine
787 2589 925 2656 eubjecto,
949 2590 1026 2656 quod
1044 2596 1084 2640 est
1109 2587 1185 2642 tione
1209 2605 1237 2657 p.
1262 2592 1303 2642 66.
1329 2587 1671 2642 transsubstantiationem
1695 2596 1722 2642 et
1744 2589 1856 2643 nomine
1876 2598 1906 2644 et
1920 2608 1953 2645 rs

248 2694 333 2729 unum
352 2677 388 2729 66
407 2673 583 2742 difficilibus,
600 2689 673 2742 quae
691 2672 737 2726 bic
746 2681 897 2742 ponuntur.
923 2671 1011 2728 Gabr.
1024 2672 1085 2729 Biel
1111 2691 1211 2727 nouam
1229 2690 1304 2742 esse,
1329 2679 1417 2727 tutius
1435 2690 1494 2729 esse
1511 2682 1626 2744 patrum
1645 2684 1671 2729 et
1687 2677 1779 2730 verbis
1798 2683 1825 2730 et
1843 2685 1953 2732 senten

249 2760 311 2815 lect.
321 2759 471 2815 4616666,
481 2758 593 2812 missae:
606 2758 748 2820 6166666616
760 2759 801 2812 ibi
811 2759 849 2811 sit
859 2775 962 2828 666666
972 2757 1085 2826 Christi,
1112 2760 1159 2812 tiis
1181 2767 1272 2823 stare,
1300 2776 1332 2813 66
1356 2761 1477 2829 denique
1494 2768 1616 2830 centum,
1644 2770 1675 2815 ut
1692 2765 1736 2816 od
1752 2763 1953 2818 idololatr-iarn

249 2865 287 2900 an
312 2863 366 2916 per
391 2846 596 2902 conversionem
625 2844 750 2913 alicujus
774 2846 804 2898 in
830 2845 937 2912 166666,
966 2862 1004 2898 an
1026 2845 1086 2897 sins
1107 2845 1236 2912 proxime
1258 2847 1431 2914 accedatur5
1455 2845 1520 2901 inda
1541 2847 1602 2916 ipsa
1623 2864 1735 2919 quoque
1757 2848 1787 2902 in
1804 2850 1953 2922 spongiam

250 2933 427 2987 contunsione
459 2931 579 2999 incipiat
609 2930 650 2983 sbi
680 2946 740 2984 esse
767 2946 869 2998 corpus
898 2929 1003 2984 Obristi
1025 2948 1086 2984 cum
1112 2929 1261 2996 incumbit,
1291 2931 1331 2986 sic
1367 2930 1440 2986 enim
1479 2931 1514 2985 66
1544 2949 1577 2988 eo
1610 2932 1692 2988 iudex
1726 2949 1844 3007 expung.
1874 2935 1954 3007 Balg.

245 3036 336 3091 pana,
364 3018 538 3071 manantibus
560 3017 717 3070 substantia
739 3023 765 3068 et
783 3015 975 3070 accidmtibus
989 3017 1085 3085 ponis,
1113 3032 1140 3086 p.
1163 3021 1211 3072 ³6:
1242 3017 1318 3080 Quae
1348 3017 1428 3071 babet
1447 3020 1482 3071 de
1499 3026 1675 3074 senonense
1693 3020 1824 3088 corporis
1842 3029 1870 3076 rt
1889 3039 1954 3076 ean·

249 3122 306 3160 non
323 3104 465 3159 inuenitur
484 3118 643 3172 expressum
663 3103 692 3153 in
710 3117 815 3156 canone
828 3101 951 3160 Bibliae.
976 3102 1010 3156 In
1021 3119 1086 3156 con·
1112 3101 1207 3172 quinis
1228 3101 1347 3170 Ciristi,
1363 3103 1504 3172 pertinent
1521 3106 1563 3158 ad
1581 3104 1716 3158 ecclesiae
1732 3105 1953 3174 noillationm,

250 3187 577 3250 imsioneWaldensium,
596 3187 644 3259 qui
659 3191 719 3258 jam
736 3192 796 3242 tum
813 3181 937 3258 tempore
952 3188 1087 3242 Innocen·
1114 3187 1269 3243 adeantur.
1304 3188 1368 3244 Joh.
1398 3187 1546 3245 1166166666
1573 3189 1611 3246 61.
1634 3188 1759 3245 Roffeus.
1782 3190 1832 3247 lib.
1857 3200 1955 3250 mnus

250 3277 282 3333 tii
304 3277 358 3334 111.
384 3273 700 3330 transsubstantiationis
715 3275 839 3344 patroni,
867 3276 896 3329 in
912 3275 1007 3329 multis
1024 3294 1086 3346 pro·
1113 3279 1185 3344 capt.
1218 3273 1318 3345 Babyl.
1365 3273 1482 3330 Lutheri
1510 3279 1626 3344 latetur,
1659 3291 1692 3329 es
1720 3276 1876 3347 Scriptura
1897 3297 1953 3334 non

250 3362 349 3428 vinciis
373 3361 539 3424 flomeruut,
567 3360 650 3415 etiam
676 3360 728 3414 hoc
751 3360 881 3429 habetur,
909 3364 987 3430 quod
999 3365 1087 3431 panis
1110 3377 1193 3430 posse
1220 3360 1344 3430 probari
1372 3361 1717 3416 transsubstantiationem
1766 3362 1902 3421 munus
1923 3365 1952 3422 in

252 3458 302 3505 aut
332 3449 393 3503 uini
424 3455 543 3514 natura,
574 3455 623 3500 ant
653 3446 808 3500 substantia
836 3447 866 3500 in
889 3466 975 3501 sacra
999 3467 1087 3504 coena
1112 3452 1206 3502 annot.
1230 3444 1333 3502 1.(166,
1353 3453 1423 3517 lp.
1444 3449 1562 3501 36616
1581 3447 1685 3516 emaci
1701 3451 1951 3506 transsubstantia-

251 3537 362 3590 minime
397 3541 529 3601 mutetm,
566 3534 694 3601 quodque
726 3531 832 3587 Obriati
862 3535 946 3587 rerba
978 3536 1088 3590 6611666
1112 3533 1213 3586 tionem
1231 3551 1293 3586 sero
1314 3534 1440 3595 definivit
1458 3533 1585 3603 molesia,
1604 3535 1655 3588 diu
1669 3535 1739 3590 salis
1751 3541 1815 3589 erat
1827 3539 1953 3606 credere

253 3620 459 3674 cessasionem
499 3619 645 3671 inducant.
703 3618 737 3671 In
774 3617 891 3673 concilio
926 3619 1086 3677 Florentino
1112 3618 1169 3671 sios
1190 3619 1242 3671 sub
1255 3629 1332 3688 ponc
1353 3627 1524 3688 consecrato,
1540 3621 1597 3674 sios
1613 3637 1777 3691 quocunque
1795 3624 1883 3677 modo
1902 3625 1953 3679 ost

257 3709 330 3761 1438.
355 3720 419 3758 cum
442 3701 543 3758 Graeci
567 3708 595 3757 66
613 3701 707 3757 Latini
724 3702 759 3757 66
777 3703 1087 3762 transsubstantiatione
1112 3720 1171 3758 esse
1189 3721 1284 3758 666666
1303 3705 1408 3761 Christi
1424 3722 1534 3774 corpus.
1571 3704 1739 3762 Benedictus
1763 3707 1849 3764 Arias
1866 3709 1952 3766 itant

253 3789 400 3847 convenire
424 3806 479 3844 non
504 3794 631 3859 possent,
655 3793 687 3841 ut
707 3787 736 3842 in
757 3789 817 3858 ejus
836 3789 906 3843 actis
923 3792 1088 3860 continetur,
1112 3789 1336 3858 inhumati,
1357 3797 1383 3844 r'.
1404 3797 1446 3846 ta:
1476 3792 1539 3845 Hoc
1557 3800 1596 3845 ert
1614 3809 1716 3862 corpses
1732 3809 1840 3863 meson,
1858 3798 1893 3850 id
1914 3803 1954 3851 est

253 3895 308 3933 non
338 3876 402 3936 ideo
431 3874 522 3929 minus
547 3874 614 3930 uuio
642 3873 714 3929 inter
736 3872 872 3929 Graecam
901 3884 930 3930 et
957 3875 1086 3933 Latinam
1112 3893 1208 3931 oerum
1231 3894 1332 3946 corpses
1354 3893 1444 3930 oscum
1469 3877 1499 3932 in
1522 3878 1573 3932 boc
1590 3886 1768 3934 sacramento
1780 3882 1873 3949 panis
1890 3900 1953 3937 con·

253 3961 399 4019 ecclesiam
424 3961 588 4033 subsignata
614 3968 665 4017 eat.
709 3959 835 4032 urgento
861 3962 934 4016 enim
958 3964 1087 4033 pontifice
1113 3963 1217 4016 timetur
1233 3963 1487 4017 samomcntaliter.
1522 3963 1559 4018 Et
1577 3964 1687 4019 subdit:
1711 3966 1794 4034 cuius
1815 3985 1954 4023 arcanam

253 4048 379 4120 Eugenio
409 4047 458 4104 lv.
490 4052 522 4101 ut
551 4046 586 4101 de
619 4045 713 4100 divina
743 4046 824 4118 panis
851 4049 1088 4120 transmutatione,
1113 4056 1140 4100 et
1168 4049 1307 4116 mysteriis
1334 4050 1550 4111 refertissimam
1573 4051 1712 4106 rationum
1735 4059 1767 4104 ut
1791 4055 1954 4123 replicatio

253 4150 324 4205 quae
342 4133 453 4205 quidem
471 4136 571 4204 quarta
587 4133 712 4204 quaestio
729 4132 795 4197 luis,
819 4132 848 4188 in
868 4135 975 4204 synodo
992 4153 1087 4208 agere·
1113 4151 1172 4188 rem
1202 4136 1322 4189 labeant
1354 4134 1525 4203 Clsrsbtiani,
1563 4137 1644 4191 dabit
1672 4137 1832 4207 aliquando
1864 4142 1954 4197 Deus.

253 4226 311 4289 tur,
331 4219 433 4276 Graeci
451 4219 593 4280 dixerunt,
617 4236 646 4273 66
663 4219 723 4274 sine
743 4220 827 4274 totius
845 4221 979 4275 ecclesiae
998 4224 1087 4277 orien-
1113 4220 1239 4285 (Usitata
1256 4236 1323 4292 argo
1341 4221 1376 4275 66
1396 4221 1705 4278 transsubstantiatione
1722 4222 1853 4281 doomm
1867 4206 1954 4298 iusim

253 4305 320 4361 talis
350 4305 517 4359 auctoritate
546 4306 734 4373 quaestionem
761 4305 852 4360 aliam
879 4315 1005 4362 tractore
1031 4327 1087 4363 non
1114 4306 1300 4363 conscientiae
1325 4324 1381 4362 uon
1405 4306 1557 4375 antefecit.)
1592 4308 1737 4365 Tanusius
1757 4309 1787 4364 in
1807 4313 1953 4384 compend.

249 4409 341 4463 posse.
362 4390 442 4447 Tom.
456 4396 480 4444 3.
493 4390 610 4445 concilio
622 4408 649 4461 p.
661 4396 719 4446 414.
732 4388 891 4459 Gereonius,
906 4394 1087 4450 cancellarius
1114 4392 1247 4448 relatione
1271 4393 1369 4465 colloq.
1393 4392 1498 4449 Ratisb.
1523 4402 1595 4466 part
1622 4399 1646 4452 2.
1668 4411 1691 4449 c.
1711 4400 1727 4451 6
1754 4413 1782 4466 p.
1802 4401 1846 4452 37.
1864 4405 1953 4454 trans

251 4476 417 4534 Parisiensis
440 4476 471 4530 in
495 4481 574 4530 tract.
600 4475 635 4530 66
655 4492 752 4530 comm.
774 4475 827 4530 sub
847 4493 903 4532 uns
921 4478 1014 4550 specie
1032 4481 1086 4535 dis-
1113 4478 1373 4534 substantiationem
1396 4479 1481 4535 refert
1500 4480 1573 4535 inter
1589 4497 1636 4551 ea,
1660 4499 1733 4550 quae
1751 4481 1782 4536 in
1801 4485 1953 4555 Scrs'ptum

252 4569 346 4635 putat,
362 4563 390 4616 si
405 4562 490 4617 laicis
503 4562 554 4614 sub
565 4569 685 4630 utraque
696 4562 788 4630 specie
801 4580 889 4616 coena
903 4567 994 4634 detstr,
1007 4569 1086 4635 peri·
1112 4565 1175 4620 sola
1199 4584 1255 4619 non
1281 4567 1467 4630 continentur,
1491 4583 1542 4621 nec
1559 4582 1592 4621 ee
1609 4584 1645 4622 ea
1660 4567 1725 4622 sola
1741 4570 1888 4624 euidenter
1907 4571 1952 4625 de·

252 4652 345 4706 culum
362 4665 429 4713 esee,
447 4665 482 4702 ne
498 4655 609 4702 acescat
626 4649 728 4703 einum.
764 4649 863 4722 (Atqui
879 4651 903 4705 ai
922 4650 961 4706 ibi
978 4658 1086 4709 tantum
1113 4652 1260 4706 clamatur.

252 4736 355 4793 Christi
373 4734 487 4807 sanguis
505 4741 534 4789 66
552 4752 628 4790 mera
646 4734 703 4789 riui
723 4734 887 4801 accidentis,
907 4738 1013 4794 nullum
1034 4742 1086 4797 erit
1150 4742 1204 4792 133.
1229 4736 1375 4793 Hactenus
1392 4744 1514 4793 nostram
1532 4737 1754 4795 confirmavimus
1771 4741 1991 4812 nntmssmos

252 4822 340 4879 acoris
359 4821 531 4894 pericnlum.)
568 4820 651 4875 Anno
674 4824 747 4874 1³20.
766 4819 908 4877 lohannes
921 4823 1085 4882 Parisiensis
1111 4822 1255 4878 videamus
1266 4823 1326 4893 jsm
1343 4823 1661 4880 transsubstantiationis
1673 4823 1818 4898 anginam,
1832 4804 1991 4901 mulien-²

253 4910 348 4966 doctor
358 4907 504 4978 theologus
512 4905 682 4976 professione
691 4905 899 4976 Dominicanus,
908 4910 1021 4979 publice
1031 4912 1085 4966 dis·
1111 4907 1214 4963 tionem
1226 4912 1255 4962 ct
1266 4906 1456 4964 fundamenta.
1491 4909 1562 4966 Cum
1576 4909 1605 4964 in
1619 4911 1800 4981 scriptoribus
1810 4904 1991 4971 umoribus*

251 4995 368 5065 putavit,
383 5011 488 5065 panem
499 5010 554 5062 per
566 4995 801 5047 consecrationem
812 5012 868 5048 non
878 4999 1085 5053 transsubstan·
1111 5009 1164 5048 vox
1175 4992 1335 5048 1116181101ῑί8
1347 5011 1380 5048 60
1391 5001 1546 5061 μετουσίας,
1555 4997 1718 5067 praesertim
1726 5014 1792 5054 vero
1800 5006 1950 5073 peranolq·

252 5081 333 5149 tiari,
357 5081 393 5135 66
410 5096 465 5152 quo
482 5086 510 5134 66
527 5076 629 5132 librum
645 5076 810 5148 conscripsit
826 5078 949 5136 Gnidoni
967 5082 1002 5138 66
1018 5083 1084 5139 Per·
1112 5093 1155 5138 ott
1171 5079 1247 5149 apud
1265 5078 1471 5136 Damastenum
1487 5081 1535 5138 lib.
1556 5089 1580 5138 4.
1597 5081 1669 5137 orth-
1686 5082 1734 5140 fid.
1754 5101 1777 5140 6.
1801 5091 1839 5142 14.
1858 5094 1951 5143 16666-

251 5165 364 5236 piniano
381 5165 545 5222 Carmelitae
557 5163 725 5235 nonnosum.
750 5166 1087 5228 66661316161666666
1112 5165 1287 5220 6166661616
1316 5167 1392 5238 apud
1418 5167 1662 5239 'theophylactum
1686 5170 1716 5223 in
1739 5187 1764 5227 6.
1795 5177 1836 5228 14.
1861 5171 1951 5230 Marsi

252 5251 389 5307 Wicleius
413 5252 442 5307 in
466 5251 611 5307 academia
635 5248 785 5307 Oxoniensi
808 5251 927 5325 theolog.
949 5240 1274 5326 professor‘oocuneret,
1297 5253 1471 5309 Lambardns
1489 5253 1617 5310 Gratiani
1636 5255 1723 5312 irater
1741 5257 1770 5311 in
1788 5273 1874 5328 opere
1890 5276 1954 5316 ssu·

252 5336 358 5406 floruit,
379 5338 402 5391 is
421 5337 497 5409 apud
515 5336 655 5393 Guilielm.
691 5337 901 5408 Widefordum,
925 5341 974 5412 qni
990 5349 1086 5398 canna
1110 5338 1260 5394 tentiamm
1278 5339 1353 5395 circa
1371 5357 1473 5395 annum
1485 5339 1589 5396 Christi
1609 5348 1681 5399 11111.
1699 5342 1775 5398 edita
1789 5342 1837 5399 lib.
1851 5351 1877 5400 4.
1888 5345 1953 5401 dist.

251 5440 314 5479 aum
336 5422 454 5493 scripsit,
472 5424 512 5479 sic
530 5423 664 5495 loquitur:
691 5425 789 5478 Manet
803 5426 890 5494 panis
907 5435 933 5480 et
949 5428 1100 5489 rinisub·;
1115 5431 1154 5482 10.
1184 5424 1225 5480 lit
1259 5425 1296 5481 D.
1329 5442 1451 5482 66666666
1478 5426 1584 5499 coepit,
1614 5428 1801 5483 submants‘mn
1816 5431 1907 5499 panis
1922 5432 1954 5486 in
1986 5422 1991 5434 ⁴

250 5509 364 5575 mantia,
378 5517 442 5577 poet
459 5516 518 5572 6166
535 5511 776 5567 comem-ationem.
813 5498 1214 5581 86666666666661-1666666
1236 5511 1347 5581 uinique
1371 5511 1555 5567 suaromton
1581 5513 1611 5566 in
1634 5515 1800 5585 sanqsanem
1818 5519 1955 5575 conmrtt
