3998 6024
822 238 874 296 DE
890 237 1084 301 scomma
1732 251 1792 311 291

100 386 209 457 virtu),
226 386 267 442 illi
286 404 342 443 non
358 389 498 460 pertinent
516 391 552 446 sd
570 407 672 463 corpus
685 393 843 463 mysticum,
861 380 952 478 quodi
965 396 1065 450 decem
1087 395 1340 466 Ooasmiom'stae:
1368 397 1461 466 pransu
1484 397 1595 452 nslhen
1619 413 1680 453 esee
1693 414 1795 468 pecca*

101 480 146 529 est
162 473 294 544 ecclesia,
314 482 425 546 patrum
442 477 518 532 dicta
530 478 689 549 paulopost
702 478 893 550 subjicientur,
906 476 935 554 ᾖ.
963 489 1020 534 tam
1042 500 1095 536 saa
1120 491 1226 537 actara
1247 482 1372 551 eenmk,
1399 484 1452 536 sed
1472 485 1567 537 omnia
1586 501 1644 539 esse
1660 485 1797 540 nonalia

100 559 208 615 scilicet
226 566 268 617 78.
963 568 1193 638 conaemnatis
1210 577 1302 623 caum
1321 585 1354 622 ec
1371 570 1430 622 Dei
1447 570 1653 637 momordic,
1670 570 1721 641 qai
1737 587 1796 626 crs

10 653 74 692 lths·
137 652 178 701 bi.
206 646 392 703 Bellarminus
414 648 463 706 lib.
482 654 511 704 3,
527 649 561 704 dc
577 649 696 706 ecclesia
718 668 742 706 c.
762 657 786 708 2.
805 650 934 705 definitu·
963 656 1090 709 dentibsss
1109 673 1143 710 ea
1161 674 1217 710 non
1235 657 1368 725 imputat,
1391 673 1447 726 quea
1461 656 1493 709 s'n
1510 665 1593 724 parte
1613 660 1739 712 conemit
1756 658 1796 713 sa

10 704 73 795 32}ss
99 748 147 785 rus
160 733 304 789 ecclesiam
316 751 350 790 ac
361 743 528 803 ostensurus,
540 737 653 808 quinam
667 736 704 791 ad
717 736 861 792 ecclesiam
873 753 934 807 per·
962 756 1024 794 eam
1045 742 1219 810 Pelaps'aaie.
1256 741 1482 812 Respondemus:
1509 741 1553 798 De
1569 749 1629 798 tcta
1644 742 1697 799 hac
1716 759 1746 799 re
1764 743 1795 799 in

98 819 224 888 tineent,
253 821 376 893 quinque
394 823 557 888 sententias,
583 840 652 894 quas
670 824 827 877 baereticae
845 829 935 887 vocet,
960 831 1083 882 macmtu
1110 828 1290 898 deposcatis
1317 829 1472 884 actualibus
1495 829 1552 884 lats
1569 827 1624 884 fuit
1642 829 1748 884 dictum
1766 835 1796 885 et

99 905 189 974 primo
211 906 272 962 loco
291 914 424 973 recenset,
442 908 542 980 quibus
559 926 646 978 suam,
666 926 750 980 qnam
767 909 935 962 catholicam
961 920 1084 968 nostram
1112 915 1278 970 sententiam
1309 931 1326 969 a
1352 915 1568 987 Pelagianorum
1598 914 1706 972 haemi
1735 921 1794 972 mco

99 992 237 1063 appellat,
256 1001 355 1064 postea
372 994 524 1067 subjungit.
561 996 638 1051 Inter
654 995 808 1051 haereticas
826 1001 935 1050 senten·
961 1000 1038 1054 coelo
1062 999 1165 1055 distare
1190 1001 1414 1059 demonstratum.
1451 1002 1581 1068 Smaadc
1600 1001 1631 1055 in
1650 1001 1794 1072 Apolopia

97 1079 153 1133 tias
171 1079 289 1150 primam
308 1081 387 1151 ponit
406 1097 482 1147 earn,
501 1085 579 1151 qaod
595 1083 712 1136 ecclesia
729 1083 766 1134 sit
784 1096 934 1149 concrepa·
963 1085 1155 1153 (Jonsessionic
1180 1088 1308 1154 docetur,
1330 1095 1496 1156 peccatores
1516 1104 1574 1140 non
1591 1088 1735 1156 pertinere
1753 1090 1795 1142 ad

97 1166 139 1220 tio
156 1174 265 1220 mam
279 1169 570 1238 praedestinatorum,
596 1185 680 1240 qnam
699 1167 796 1222 tribuit
813 1164 935 1222 Wicleio
960 1171 1108 1225 ecelesiam
1137 1172 1196 1225 nisi
1214 1173 1342 1241 nomine,
1373 1189 1430 1241 quse
1451 1172 1481 1225 s'a
1500 1180 1585 1241 parte
1606 1172 1708 1228 derum
1732 1189 1794 1228 mm

98 1260 129 1307 et
146 1251 254 1322 Hnsso3
276 1254 399 1308 secunda
422 1260 480 1323 est,
504 1255 582 1324 qaod
601 1255 721 1308 ecclesie
737 1255 775 1307 sit
794 1253 935 1306 bominum
961 1257 1128 1326 Pelaps‘am's
1143 1276 1146 1294 ·
1164 1258 1234 1328 ipsis
1269 1259 1402 1315 convenit.
1456 1260 1555 1327 Neque
1591 1259 1664 1313 enim
1694 1261 1794 1330 obstat,
1906 1252 1909 1259 '

93 1340 290 1407 perfeceram
309 1347 416 1393 matam
439 1348 466 1392 et
484 1339 593 1393 nudam
610 1348 757 1409 peccatam
775 1339 933 1393 habentium
960 1345 1038 1411 meod
1064 1344 1154 1398 malos
1178 1346 1257 1398 bonis
1282 1346 1422 1399 admistos
1441 1361 1500 1398 esse
1517 1345 1626 1415 ds‘cam,
1652 1363 1718 1399 nam
1737 1346 1797 1415 ipsi

97 1425 262 1494 multitado,
284 1441 368 1497 quam
385 1426 485 1480 tribuit
500 1424 661 1496 Pelagianis
679 1432 708 1480 et
724 1424 933 1496 Anabaptistis3
961 1430 1035 1482 dnos
1058 1430 1336 1499 maenianaque,
1365 1447 1450 1484 mrem
1474 1447 1569 1484 veram
1597 1439 1622 1484 et
1645 1434 1687 1485 ad
1711 1448 1795 1502 qaam

96 1511 181 1567 tertia
205 1518 260 1581 est,
287 1515 365 1581 qaod
387 1512 505 1566 ccclesia
521 1513 559 1564 eit
570 1513 713 1581 jactorum
731 1518 855 1579 tantam,
882 1512 934 1565 tec
956 1516 1102 1584 pertinent
1122 1515 1288 1584 pmvilepia,
1314 1532 1386 1585 queue
1402 1524 1558 1570 narrantes·
1577 1518 1607 1570 ia
1627 1517 1794 1588 Scriptnrie,

99 1605 140 1650 eet
158 1613 268 1666 eonem,
294 1598 344 1668 qai
361 1616 502 1667 mammeam
519 1599 596 1667 lapsi
611 1599 668 1651 sint
689 1598 767 1651 circa
783 1599 853 1663 fidei
870 1615 933 1652 con·
961 1609 987 1655 et
1009 1602 1081 1654 banc
1111 1617 1170 1654 esee
1193 1609 1354 1654 sanderum
1376 1588 1630 1673 concrepationem,
1658 1605 1709 1671 qai
1731 1620 1795 1658 cere

96 1685 265 1753 fusionem,
297 1700 381 1755 quam
402 1683 502 1738 tribuit
528 1683 692 1741 Novatianis
714 1690 743 1738 et
765 1669 934 1754 Donatistis3
961 1688 1079 1740 credmst
1103 1694 1129 1741 et
1154 1687 1287 1757 obediant
1313 1688 1393 1754 Deo,
1419 1694 1446 1740 et
1462 1685 1534 1740 lanc
1553 1705 1610 1740 non
1627 1703 1686 1742 esse
1703 1689 1795 1743 cissis·-

98 1779 200 1842 qum-ts
216 1778 266 1839 est,
283 1774 360 1840 quod
377 1771 495 1825 ecclesia
512 1771 549 1845 sit
567 1771 747 1841 concrepatio
764 1778 934 1836 scamonia,
961 1774 1027 1838 lem,
1047 1773 1105 1826 nisi
1120 1772 1210 1827 oeulis
1228 1773 1314 1843 idm,-
1340 1774 1461 1828 mam
1478 1781 1633 1845 ceteram
1657 1790 1729 1844 quae
1746 1793 1795 1831 nc·

99 1859 150 1927 qni
175 1873 241 1912 cere
270 1860 389 1911 medant
414 1867 440 1912 et
468 1859 598 1912 obedimt
618 1859 697 1927 Deo,
726 1873 810 1929 qnam
838 1855 935 1911 tribuit
960 1859 1033 1913 mine
1052 1868 1159 1914 tantam
1178 1868 1218 1913 est
1238 1860 1370 1928 ecclesio,
1396 1868 1423 1914 et
1440 1861 1513 1914 iane
1531 1877 1589 1914 esee
1606 1863 1796 1930 conprepatic·

98 1941 339 2012 Confessionistis,
365 1942 418 1999 hoc
437 1950 481 1999 est
500 1943 569 2008 iliis,
590 1943 639 2015 qui
655 1944 851 2015 Augustanum
871 1958 934 1996 con·
960 1961 1023 1999 nem
1052 1946 1194 2000 bominum
1223 1946 1442 1999 convenientiam
1468 1947 1499 2000 in
1521 1947 1653 2001 doctrim
1676 1949 1747 2012 fidei
1772 1955 1797 2002 et

99 2029 248 2086 iessicnem
271 2031 490 2102 amplectuntur,
517 2031 615 2101 quinta
638 2035 693 2099 est,
718 2031 796 2099 qaod
816 2028 934 2083 ecclesia
961 2049 1014 2086 usa
1035 2039 1275 2086 sememonten-am
1299 2039 1328 2085 et
1351 2032 1382 2084 in
1399 2032 1452 2085 isac
1469 2033 1553 2087 bonos
1570 2040 1598 2086 et
1615 2034 1706 2087 malos
1724 2035 1797 2089 ince-

100 2125 206 2172 constet
230 2123 273 2171 ec‘
287 2117 358 2171 solis
369 2117 459 2187 justis
471 2117 708 2187 praedestinatis,
737 2132 821 2186 quam
838 2113 938 2168 tribuit
960 2118 1027 2172 nisi.
1061 2119 1163 2188 Itaque
1185 2118 1277 2172 malos
1292 2134 1436 2187 armassem
1452 2118 1548 2173 volant
1565 2135 1624 2173 esse
1638 2129 1739 2190 partes
1755 2134 1797 2175 ec-

101 2201 225 2258 (lalviuo.
261 2203 485 2275 Respondemus:
514 2201 808 2261 alterumalteum
824 2202 853 2255 in
871 2217 933 2255 con·
961 2205 1065 2258 eternae
1091 2206 1137 2260 vel
1160 2207 1194 2259 de
1221 2206 1353 2273 ecclesia,
1383 2207 1437 2259 sed
1462 2205 1561 2259 sudem
1585 2206 1616 2259 ia
1634 2207 1754 2260 ecclesia
1771 2214 1798 2261 et

101 2289 222 2345 imsione
251 2290 419 2362 Augustsna
452 2291 519 2345 satis
552 2290 699 2361 perspicue
733 2286 858 2358 exposita
886 2295 936 2354 cst,
962 2290 1041 2345 tonis
1063 2292 1184 2344 misceri.
1223 2291 1362 2346 melem
1380 2293 1463 2345 etiam
1482 2292 1513 2344 in
1530 2293 1579 2347 lib.
1600 2293 1636 2345 de
1654 2291 1753 2347 concil.
1772 2298 1797 2345 et

101 2376 176 2447 qnod
199 2374 306 2431 scilicet
328 2393 393 2432 vers
416 2383 445 2432 et
469 2376 581 2447 propris
604 2375 644 2430 sic
670 2376 747 2429 dicta
766 2373 883 2429 ecelesia
900 2371 937 2426 sit
962 2378 1080 2431 molesia
1118 2378 1201 2441 dicit,
1239 2377 1385 2430 eeclesiam
1419 2392 1479 2430 esse
1505 2378 1643 2446 poputum
1672 2384 1799 2431 sancmm

101 2465 280 2535 congregatio
303 2470 461 2517 sanctorum
487 2470 516 2517 et
539 2461 808 2529 verecundantium,
833 2459 879 2514 cui
895 2465 936 2513 m·
966 2464 1167 2532 Olristianam,
1193 2471 1219 2516 et
1237 2471 1266 2516 at
1284 2465 1427 2530 ostendat,
1451 2478 1481 2516 se
1499 2463 1578 2531 mque
1595 2465 1631 2516 de
1650 2463 1799 2517 sanctiate

103 2566 165 2604 men
190 2549 221 2603 in
238 2549 291 2603 hac
309 2550 368 2604 vita
385 2548 465 2603 multi
483 2547 647 2619 hypocritae
664 2556 693 2602 et
711 2564 767 2600 non
788 2546 875 2601 sancti
893 2562 937 2600 ex-
962 2551 1139 2618 sinpaloram
1167 2549 1364 2617 membrorum,
1395 2549 1462 2600 inde
1486 2549 1608 2615 probm,
1637 2565 1744 2619 popam
1772 2555 1798 2602 et

103 2640 183 2690 terna
204 2635 337 2690 societate
358 2636 415 2689 sint
432 2634 556 2691 admixti.
597 2633 750 2690 statuimus
767 2632 864 2705 igitur,
887 2631 936 2702 hy·
963 2635 1127 2689 cardinales
1158 2652 1216 2688 non
1242 2650 1302 2687 esse
1330 2637 1365 2687 de
1393 2633 1528 2702 masaa,
1559 2635 1627 2707 qaia
1652 2652 1709 2687 non
1733 2640 1798 2687 sant

103 2720 232 2791 pocritae,
249 2720 357 2791 impios,
378 2720 501 2776 occultos
519 2720 645 2776 infideles
664 2737 697 2774 ac
714 2736 809 2775 omnes
827 2718 937 2773 omnino
963 2722 1062 2775 sanni.
1108 2721 1143 2776 Si
1165 2737 1230 2788 erqo
1253 2720 1309 2774 soli
1326 2720 1403 2788 justi
1420 2727 1598 2788 rumpentes
1613 2736 1697 2773 cerae
1714 2718 1798 2773 eccle

104 2807 249 2878 reprobos,
274 2808 408 2878 quamdiu
433 2807 503 2863 teies
527 2813 593 2862 sunt
610 2815 639 2863 et
656 2812 782 2874 manent,
805 2822 861 2859 non
878 2820 938 2859 esse
963 2809 1072 2861 siccet
1091 2807 1186 2861 omnia
1196 2814 1329 2875 peccata,
1347 2806 1525 2875 quamam
1546 2805 1634 2872 heia,
1652 2812 1717 2860 caat
1731 2820 1798 2876 pec·

104 2910 169 2948 vera
185 2909 269 2948 verae
287 2894 418 2949 ecclesiae
435 2894 572 2963 membra,
594 2894 720 2966 quamvis
737 2893 856 2948 exterius
875 2907 938 2946 esn-
964 2901 1030 2947 cata
1055 2893 1190 2947 meridia
1211 2901 1238 2947 et
1261 2894 1373 2957 faciant
1392 2893 1529 2946 bominem
1548 2893 1691 2961 injustam,
1709 2893 1799 2961 sequt-

106 2979 167 3037 dern
184 2997 247 3035 cnm
266 2982 369 3036 sanctis
387 2980 472 3035 iidem
490 2980 672 3052 profiteantur
691 2987 720 3034 et
738 2978 836 3034 iisdem
848 2993 938 3033 sacra
965 2987 1024 3044 tar,
1051 2979 1127 3034 solos
1147 2980 1293 3048 perfectos
1316 2985 1342 3031 et
1363 2979 1439 3032 omni
1458 2985 1575 3047 peccato
1597 2985 1724 3031 carentes
1740 2994 1799 3032 esee

106 3067 204 3122 mentis
227 3073 355 3135 utantur3
393 3067 423 3120 in
447 3071 559 3122 externo
585 3065 720 3121 ecclesiae
741 3072 822 3120 coetu
846 3065 939 3119 locum
966 3067 1002 3119 de
1026 3066 1159 3130 ecclesia,
1188 3080 1261 3133 qaae
1283 3071 1344 3117 erm
1370 3064 1465 3133 opinio
1483 3063 1711 3132 Pelopiamsam.
1745 3063 1799 3119 Re

107 3152 159 3207 illis
183 3153 352 3224 quandoque
377 3152 496 3224 relinqui
517 3152 705 3220 concedimus,
733 3151 783 3206 sed
802 3150 838 3205 ad
856 3151 940 3205 inter·
967 3149 1149 3223 spondemus:
1177 3165 1355 3221 nequaquam
1385 3148 1533 3204 statuimus
1563 3149 1633 3204 duas
1662 3150 1801 3219 ecclesias,

106 3254 169 3293 nam
194 3246 224 3293 et
246 3238 419 3308 spiritualem
443 3237 577 3294 ccclesiae
601 3237 712 3308 proprie
730 3237 771 3291 sic
789 3237 880 3293 dictae
899 3252 940 3290 so·
967 3253 1050 3292 unam
1067 3252 1160 3292 veram
1179 3244 1208 3291 et
1225 3236 1371 3294 internam,
1390 3235 1506 3291 alteram
1522 3236 1689 3291 nominalem
1707 3243 1736 3292 et
1755 3252 1801 3291 en·

106 3325 233 3381 cietstem
252 3341 299 3379 eos
314 3324 453 3394 pertinere
472 3338 614 3394 negamus.
653 3329 675 3378 2.
688 3322 760 3377 Cum
772 3322 941 3393 Pelagianis,
967 3332 1082 3388 ternam,
1099 3322 1149 3378 scd
1166 3321 1293 3391 dicimus,
1310 3322 1456 3377 ecclesiam
1472 3338 1558 3378 unam
1576 3323 1747 3394 eandemque
1759 3329 1801 3378 tc·

107 3410 273 3474 Donatistis,
303 3410 466 3466 Novatianis
493 3415 522 3464 et
549 3408 742 3479 anabaptistis
765 3407 836 3463 nihil
860 3408 940 3463 nobis
968 3417 1027 3464 tum
1045 3409 1152 3464 scilicet
1166 3413 1276 3463 coetum
1290 3414 1451 3463 vocatorum
1462 3408 1612 3479 dupliciter
1624 3409 1801 3476 considerari,

107 3513 250 3551 commune
298 3501 356 3559 est,
403 3504 436 3551 ut
484 3495 572 3567 probe
610 3500 721 3550 constat
764 3494 940 3551 Bellarmino.
967 3497 1075 3550 iocose
1091 3494 1197 3549 scilicet
1214 3499 1242 3548 et
1259 3493 1371 3561 ἔξωθεν,
1390 3493 1448 3549 sive
1465 3502 1593 3565 respectu
1609 3495 1803 3551 vocationism

108 3589 131 3640 3.
148 3581 268 3648 Quando
289 3582 403 3652 quidam
421 3591 577 3637 nostrorum
597 3581 702 3651 dicunt,
720 3582 867 3636 ecclesiam
883 3598 941 3635 esse
967 3590 1096 3639 externae
1114 3580 1254 3636 societatis
1271 3580 1301 3634 in
1320 3579 1386 3635 fidei
1404 3581 1576 3651 professione
1594 3577 1623 3636 ei
1639 3598 1692 3636 usu
1710 3598 1801 3638 sacm-

107 3680 211 3724 ceetnm
229 3670 509 3739 praedestinatorum
530 3670 587 3724 sice
608 3670 771 3736 electorum,
799 3674 866 3723 tnnc
884 3673 940 3723 ter·
967 3676 1119 3724 mentorum
1137 3666 1322 3735 consistentis,
1340 3683 1375 3720 ac
1393 3673 1522 3738 respectu
1538 3667 1800 3741 interiorisregene-

106 3757 177 3810 mino
195 3755 244 3810 illo
261 3771 318 3810 non
337 3760 455 3809 utuntur
472 3755 583 3826 proprie
601 3760 630 3810 et
647 3755 742 3809 stricte
760 3772 812 3825 pro
830 3754 895 3810 solis
912 3754 940 3807 in
966 3755 1095 3818 rasonis,
1128 3760 1156 3809 ct
1183 3752 1308 3808 internae
1334 3752 1475 3807 societatis
1496 3753 1525 3807 in
1551 3754 1662 3809 vinculo
1681 3754 1801 3826 Spiritus

105 3840 158 3898 ide
186 3842 429 3913 perseverantibus
462 3841 498 3895 ad
524 3839 607 3896 finem
629 3857 718 3911 usque
736 3840 827 3909 vitae,
859 3847 941 3911 prout
965 3841 1154 3911 consistentis,
1181 3840 1267 3911 priori
1295 3840 1377 3894 modo
1400 3856 1433 3895 ac
1456 3847 1585 3912 respectu
1608 3840 1691 3895 etiam
1714 3841 1802 3913 hypo

105 3927 248 4000 Smiptura
276 3929 379 3984 electos
407 3926 519 3998 propris
546 3927 586 3980 sic
612 3926 701 3981 dictos
732 3922 843 3991 definit,
888 3942 939 3981 nec
966 3930 1049 3984 critas
1067 3935 1096 3983 et
1116 3935 1307 3983 non-sanctos
1326 3927 1362 3981 sd
1380 3927 1525 3982 ecclesiam
1546 3929 1686 3999 pertinere
1704 3944 1802 3984 conce-

104 4019 220 4071 utuntur
236 4032 270 4071 eo
287 4031 338 4085 pro
356 4013 452 4070 electis
468 4013 598 4069 absolute
615 4013 736 4084 quodam
747 4011 801 4066 Dei
820 4013 940 4079 decreto,
966 4015 1071 4084 dimus,
1097 4014 1146 4070 sed
1168 4014 1314 4086 posteriori
1337 4014 1419 4069 modo
1443 4031 1477 4068 ac
1501 4022 1630 4083 respectu
1647 4014 1720 4069 solos
1737 4029 1802 4071 sere

104 4108 185 4171 prout
211 4100 366 4157 Gsldniani
389 4102 495 4157 electos
519 4099 669 4170 definiunt,
695 4099 744 4154 scd
768 4098 825 4154 late
845 4107 873 4154 et
890 4098 939 4154 im·
966 4103 1111 4157 credentes
1147 4108 1176 4156 et
1206 4107 1316 4156 sanctos
1345 4100 1383 4155 ad
1412 4115 1473 4154 eam
1504 4099 1642 4170 pertinere
1675 4099 1802 4166 dicimus,

104 4188 215 4258 proprie
241 4204 293 4258 pro
324 4187 450 4242 omnibns
472 4186 745 4255 recendentibus,
775 4187 882 4240 smmis
905 4202 939 4238 ac
966 4206 1038 4260 quae
1059 4189 1153 4243 omnia
1176 4205 1210 4243 ex
1235 4187 1416 4259 sequentibus
1439 4186 1603 4257 praesertim
1626 4203 1660 4241 ex
1676 4186 1800 4258 disputa·

104 4277 223 4337 mactes,
247 4281 276 4329 et
295 4274 334 4327 sic
354 4273 462 4329 nullum
481 4280 524 4328 est
544 4273 692 4327 discrimen
710 4272 783 4327 inter
800 4272 851 4327 has
869 4272 939 4326 duas
965 4274 1041 4331 donc
1067 4274 1102 4328 de
1124 4273 1287 4329 visibilitate
1310 4278 1338 4329 et
1361 4272 1554 4327 invisibilitate
1573 4272 1708 4328 ecclesiae
1724 4280 1799 4344 post·

104 4361 269 4424 sententias,
295 4360 370 4430 quod
388 4359 506 4414 ecelesia
522 4362 560 4414 sit
584 4359 763 4430 congregabo
782 4364 939 4413 sanctorum
967 4362 1078 4415 modum
1102 4366 1185 4415 erunt
1204 4359 1330 4415 clariora.
1367 4357 1506 4414 Distincte
1523 4359 1610 4429 igitur
1629 4360 1664 4414 de
1683 4360 1801 4415 ecclesis

104 4456 132 4503 et
148 4446 225 4519 quod
239 4445 358 4501 ecclesia
370 4446 512 4501 sitcoetns
524 4446 802 4516 praedestinatorum.
826 4445 939 4502 aldem
966 4445 1116 4517 loquimur,
1144 4462 1208 4500 cum
1234 4445 1294 4514 ipse
1312 4443 1431 4515 Spiritus
1457 4462 1479 4498 s.
1499 4442 1528 4497 in
1546 4444 1698 4515 Scripturis
1715 4446 1801 4501 sacris

101 4533 238 4604 judicium
267 4538 310 4588 est
334 4532 370 4587 de
393 4530 628 4602 appellationibus
647 4533 786 4601 justorum
809 4538 836 4586 et
851 4531 939 4602 perfe-
967 4531 1096 4586 distinme
1123 4531 1158 4586 de
1181 4547 1214 4586 ca
1236 4531 1379 4602 loquamur,
1406 4529 1546 4585 interdum
1570 4530 1643 4585 enim
1666 4530 1802 4602 accipitur

104 4627 226 4682 ctornm,
251 4634 323 4688 quae
342 4617 438 4671 itidem
457 4632 513 4671 non
532 4618 708 4689 accipiuntur
726 4617 838 4672 anobis
857 4633 939 4672 seusu
966 4634 1066 4672 nomen
1089 4617 1224 4673 ecclesiae
1249 4632 1300 4687 pro
1318 4622 1377 4672 toto
1395 4623 1477 4672 coetu
1494 4623 1676 4688 vocatorum,
1698 4618 1728 4671 in
1746 4632 1801 4689 quo

104 4703 271 4776 Pelagiano,
291 4703 460 4769 Novatiauo,
477 4701 652 4779 Donatistico
671 4710 700 4759 et
716 4702 940 4773 Anabaptistim,
967 4721 1076 4774 omncs,
1104 4704 1152 4776 qui
1180 4712 1294 4761 externa
1315 4702 1485 4774 professione
1510 4718 1573 4758 sese
1590 4712 1745 4774 aggregant
1764 4702 1801 4759 sd

105 4793 154 4847 sed
193 4798 275 4864 prout
304 4791 448 4862 Scriptura
480 4793 572 4861 justos
606 4798 634 4846 et
665 4789 805 4861 periectos
835 4788 940 4858 definit,
966 4791 1092 4845 auditum
1111 4790 1188 4846 verbi
1207 4800 1235 4846 et
1254 4807 1335 4844 usum
1347 4778 1587 4853 sacramentorum,
1606 4806 1655 4859 pro
1669 4789 1802 4845 ecclesiae

104 4878 166 4934 illos
183 4878 303 4941 scilicet,
330 4877 378 4948 qui
397 4894 463 4932 vera
486 4877 542 4931 tide
561 4877 687 4947 justitiae
704 4875 808 4931 Christi
828 4875 941 4946 partici—
967 4877 1040 4932 illius
1067 4875 1197 4932 membris
1225 4875 1376 4944 habentur;
1407 4874 1545 4930 interdum
1573 4890 1639 4930 vero
1666 4875 1803 4946 accipitur

104 4981 154 5035 pes
178 4963 246 5018 facti
269 4968 298 5017 et
315 4978 366 5033 per
385 4961 518 5033 Spiritum
535 4971 661 5017 sanctum
679 4963 799 5034 regeniti
814 4961 940 5033 justitiae
968 4980 1017 5032 pro
1036 4970 1117 5018 coetu
1138 4978 1204 5017 sere
1218 4960 1343 5015 fidelium
1362 4967 1391 5017 et
1408 4967 1576 5029 sanctorum,
1599 4960 1647 5032 qui
1665 4978 1731 5016 vera
1745 4959 1802 5018 fide

104 5067 220 5123 opernm
256 5049 370 5104 student
404 5055 490 5119 atque
522 5048 560 5102 sd
589 5047 785 5119 periecnonem
817 5048 941 5120 quotidie
968 5049 1058 5103 cordis
1084 5055 1113 5103 ct
1135 5047 1259 5102 interiori
1283 5047 1494 5118 regeneratione
1508 5054 1572 5101 sunt
1591 5047 1699 5112 donati,
1724 5049 1802 5120 atqui

104 5137 291 5200 contendunt,
317 5134 418 5191 tabum
435 5134 521 5205 igitur
542 5143 596 5199 est,
625 5135 700 5206 quod
718 5144 818 5190 noma
835 5143 942 5188 senten-
967 5136 997 5188 hi
1015 5135 1068 5205 ipsi
1086 5150 1142 5188 uon
1161 5141 1227 5188 sunt
1243 5139 1325 5188 extra
1342 5140 1451 5189 costum
1468 5141 1644 5201 vocatam,
1670 5139 1702 5188 ut
1719 5150 1802 5204 pecn-

106 5227 149 5280 tis
166 5226 292 5294 conflata
311 5224 348 5275 eie
363 5239 398 5276 ec
418 5221 531 5276 haeresi
548 5221 787 5290 Pelopianoram,
805 5223 942 5276 Nocatie·
968 5222 1064 5276 liuram
1083 5228 1112 5276 et
1129 5225 1286 5291 separatam
1304 5220 1448 5274 sedeciam
1466 5221 1651 5288 constituant,
1669 5220 1718 5275 sed
1736 5227 1803 5277 suut

107 5330 209 5368 mm
232 5319 260 5366 et
282 5310 515 5374 Donatistarum,
543 5313 577 5362 at
600 5306 733 5362 audacter
757 5307 943 5363 Bellarminus
969 5308 1081 5378 inipso
1104 5313 1186 5363 coetu
1209 5313 1385 5370 vocatorum,
1413 5305 1513 5376 quibus
1536 5311 1650 5361 crisma
1670 5308 1803 5364 societate

10 5417 84 5460 mes
107 5398 244 5454 hocloco
259 5395 452 5453 muniatur.
491 5403 515 5451 5.
532 5393 684 5452 Videamus
700 5410 781 5462 sero,
806 5396 944 5466 quomodo
970 5402 1036 5450 sunt
1063 5394 1215 5464 conjuncti.
1264 5392 1333 5447 ideo
1358 5397 1451 5446 autem
1474 5397 1532 5447 tam
1559 5392 1707 5464 diligenter
1731 5395 1804 5450 inter

108 5485 278 5542 calumniam
309 5482 535 5554 suampmbare
558 5487 681 5537 constas.
731 5482 817 5553 Tria,
847 5481 945 5555 inquit,
973 5482 1024 5536 bas
1042 5480 1111 5536 duas
1131 5483 1198 5551 (non
1217 5479 1280 5536 dico
1298 5478 1438 5547 cadmios,
1457 5478 1657 5546 sed)vccabuli
1669 5481 1803 5537 ecclesiae
1837 5554 1840 5558 Δ

1418 5584 1473 5639 19·
