<?xml version="1.0" encoding="UTF-8"?>
<!DOCTYPE html PUBLIC "-//W3C//DTD XHTML 1.0 Transitional//EN"
    "http://www.w3.org/TR/xhtml1/DTD/xhtml1-transitional.dtd">
<html xmlns="http://www.w3.org/1999/xhtml" xml:lang="en" lang="en">
 <head>
  <title>
</title>
<meta http-equiv="Content-Type" content="text/html;charset=utf-8" />
  <meta name='ocr-system' content='tesseract 3.04.00' />
  <meta name='ocr-capabilities' content='ocr_page ocr_carea ocr_par ocr_line ocrx_word'/>
</head>
<body>
  <div class='ocr_page' id='page_1' title='image "./locitheologicit03gerhgoog_0361.png"; bbox 0 0 4004 6022; ppageno 0'>
   <div class='ocr_carea' id='block_1_1' title="bbox 283 279 1415 357">
    <p class='ocr_par' dir='ltr' id='par_1_1' title="bbox 283 279 1415 357">
     <span class='ocr_line' id='line_1_1' title="bbox 283 279 1415 357; baseline -0.018 0"><span class='ocrx_word' id='word_1_1' title='bbox 283 299 343 357; x_wconf 80' lang='grc'><strong>850</strong></span> <span class='ocrx_word' id='word_1_2' title='bbox 850 285 971 344; x_wconf 78' lang='lat' dir='ltr'><strong>Locus</strong></span> <span class='ocrx_word' id='word_1_3' title='bbox 989 279 1193 343; x_wconf 70' lang='lat' dir='ltr'><strong>menemus</strong></span> <span class='ocrx_word' id='word_1_4' title='bbox 1214 282 1415 352; x_wconf 74' lang='lat' dir='ltr'>SECUNDUS</span> 
     </span>
    </p>
   </div>
   <div class='ocr_carea' id='block_1_2' title="bbox 174 432 1991 5595">
    <p class='ocr_par' dir='ltr' id='par_1_2' title="bbox 174 432 1991 5595">
     <span class='ocr_line' id='line_1_2' title="bbox 282 432 1978 508; baseline -0.006 -8"><span class='ocrx_word' id='word_1_5' title='bbox 282 445 441 500; x_wconf 83' lang='lat' dir='ltr'><strong>scbissnatis</strong></span> <span class='ocrx_word' id='word_1_6' title='bbox 466 443 580 498; x_wconf 89' lang='lat' dir='ltr'><strong>dicunt.</strong></span> <span class='ocrx_word' id='word_1_7' title='bbox 632 440 831 497; x_wconf 80' lang='lat' dir='ltr'><strong>Genebrsrdns</strong></span> <span class='ocrx_word' id='word_1_8' title='bbox 864 438 912 494; x_wconf 92' lang='lat' dir='ltr'><strong>lib.</strong></span> <span class='ocrx_word' id='word_1_9' title='bbox 943 447 968 496; x_wconf 84' lang='lat'><strong>4.</strong></span> <span class='ocrx_word' id='word_1_10' title='bbox 996 438 1120 495; x_wconf 87' lang='lat' dir='ltr'><strong>chronol</strong></span> <span class='ocrx_word' id='word_1_11' title='bbox 1147 439 1218 504; x_wconf 84' lang='lat' dir='ltr'><strong>lule,</strong></span> <span class='ocrx_word' id='word_1_12' title='bbox 1243 442 1297 493; x_wconf 84' lang='lat' dir='ltr'><strong>sed</strong></span> <span class='ocrx_word' id='word_1_13' title='bbox 1318 439 1414 508; x_wconf 77' lang='lat' dir='ltr'><strong>quoad</strong></span> <span class='ocrx_word' id='word_1_14' title='bbox 1437 435 1493 490; x_wconf 76' lang='lat' dir='ltr'><strong>clla</strong></span> <span class='ocrx_word' id='word_1_15' title='bbox 1516 434 1576 488; x_wconf 90' lang='lat' dir='ltr'><strong>tria</strong></span> <span class='ocrx_word' id='word_1_16' title='bbox 1597 448 1670 503; x_wconf 72' lang='lat' dir='ltr'><strong>psas</strong></span> <span class='ocrx_word' id='word_1_17' title='bbox 1688 432 1832 501; x_wconf 61' lang='lat' dir='ltr'><strong>Mass,</strong></span> <span class='ocrx_word' id='word_1_18' title='bbox 1858 435 1935 502; x_wconf 66' lang='lat' dir='ltr'><strong>qood</strong></span> <span class='ocrx_word' id='word_1_19' title='bbox 1947 441 1978 489; x_wconf 74' lang='lat' dir='ltr'><strong>ss</strong></span> 
     </span>
     <span class='ocr_line' id='line_1_3' title="bbox 279 517 1978 603; baseline -0.008 -17"><span class='ocrx_word' id='word_1_20' title='bbox 279 548 307 603; x_wconf 91' lang='lat' dir='ltr'><strong>p.</strong></span> <span class='ocrx_word' id='word_1_21' title='bbox 327 535 394 587; x_wconf 81' lang='lat' dir='ltr'><strong>sot:</strong></span> <span class='ocrx_word' id='word_1_22' title='bbox 412 527 504 584; x_wconf 86' lang='lat' dir='ltr'><strong>Multi</strong></span> <span class='ocrx_word' id='word_1_23' title='bbox 515 543 614 598; x_wconf 86' lang='lat' dir='ltr'><strong>papas</strong></span> <span class='ocrx_word' id='word_1_24' title='bbox 625 526 922 596; x_wconf 75' lang='lat' dir='ltr'><strong>fasmatapostatici.</strong></span> <span class='ocrx_word' id='word_1_25' title='bbox 957 523 1120 580; x_wconf 82' lang='lat' dir='ltr'><strong>Ambrosius</strong></span> <span class='ocrx_word' id='word_1_26' title='bbox 1146 525 1234 594; x_wconf 87' lang='lat' dir='ltr'><strong>idem,</strong></span> <span class='ocrx_word' id='word_1_27' title='bbox 1258 542 1293 579; x_wconf 88' lang='lat' dir='ltr'><strong>ac</strong></span> <span class='ocrx_word' id='word_1_28' title='bbox 1316 542 1343 578; x_wconf 85' lang='lat' dir='ltr'><strong>ss</strong></span> <span class='ocrx_word' id='word_1_29' title='bbox 1338 524 1528 584; x_wconf 85' lang='lat' dir='ltr'><strong>&#39;diceremus,</strong></span> <span class='ocrx_word' id='word_1_30' title='bbox 1554 536 1602 575; x_wconf 89' lang='lat' dir='ltr'><strong>cos</strong></span> <span class='ocrx_word' id='word_1_31' title='bbox 1619 537 1676 594; x_wconf 82' lang='lat' dir='ltr'><strong>noa</strong></span> <span class='ocrx_word' id='word_1_32' title='bbox 1696 517 1848 588; x_wconf 79' lang='lat' dir='ltr'><strong>quidsor‘</strong></span> <span class='ocrx_word' id='word_1_33' title='bbox 1833 536 1867 571; x_wconf 81' lang='lat' dir='ltr'><strong>sss</strong></span> <span class='ocrx_word' id='word_1_34' title='bbox 1885 535 1915 572; x_wconf 85' lang='lat' dir='ltr'><strong>sc</strong></span> <span class='ocrx_word' id='word_1_35' title='bbox 1931 534 1978 573; x_wconf 91' lang='lat' dir='ltr'><strong>ssss</strong></span> 
     </span>
     <span class='ocr_line' id='line_1_4' title="bbox 281 602 1977 682; baseline -0.008 -11"><span class='ocrx_word' id='word_1_36' title='bbox 281 614 420 672; x_wconf 83' lang='lat' dir='ltr'><strong>Gathar.</strong></span> <span class='ocrx_word' id='word_1_37' title='bbox 411 631 480 668; x_wconf 89' lang='lat' dir='ltr'><strong>ruo.</strong></span> <span class='ocrx_word' id='word_1_38' title='bbox 498 619 523 670; x_wconf 98' lang='grc'><strong>2.</strong></span> <span class='ocrx_word' id='word_1_39' title='bbox 542 611 650 668; x_wconf 82' lang='lat' dir='ltr'><strong>Galat:</strong></span> <span class='ocrx_word' id='word_1_40' title='bbox 667 614 715 666; x_wconf 91' lang='lat' dir='ltr'><strong>De</strong></span> <span class='ocrx_word' id='word_1_41' title='bbox 733 612 856 682; x_wconf 80' lang='lat' dir='ltr'><strong>qrsolibct</strong></span> <span class='ocrx_word' id='word_1_42' title='bbox 872 610 933 665; x_wconf 86' lang='lat' dir='ltr'><strong>alio</strong></span> <span class='ocrx_word' id='word_1_43' title='bbox 942 627 1023 681; x_wconf 88' lang='lat' dir='ltr'><strong>papa</strong></span> <span class='ocrx_word' id='word_1_44' title='bbox 1032 627 1119 680; x_wconf 90' lang='lat' dir='ltr'><strong>prae·</strong></span> <span class='ocrx_word' id='word_1_45' title='bbox 1145 627 1225 665; x_wconf 87' lang='lat' dir='ltr'><strong>ueros</strong></span> <span class='ocrx_word' id='word_1_46' title='bbox 1250 611 1410 681; x_wconf 89' lang='lat' dir='ltr'><strong>episcopas,</strong></span> <span class='ocrx_word' id='word_1_47' title='bbox 1436 609 1489 662; x_wconf 87' lang='lat' dir='ltr'><strong>sed</strong></span> <span class='ocrx_word' id='word_1_48' title='bbox 1512 614 1604 660; x_wconf 68' lang='lat' dir='ltr'><strong>mnes</strong></span> <span class='ocrx_word' id='word_1_49' title='bbox 1628 607 1718 659; x_wconf 59' lang='lat' dir='ltr'><strong>mace</strong></span> <span class='ocrx_word' id='word_1_50' title='bbox 1734 620 1796 673; x_wconf 90' lang='lat' dir='ltr'><strong>pro</strong></span> <span class='ocrx_word' id='word_1_51' title='bbox 1817 602 1924 657; x_wconf 85' lang='lat' dir='ltr'><strong>talibus</strong></span> <span class='ocrx_word' id='word_1_52' title='bbox 1939 605 1977 658; x_wconf 79' lang='lat' dir='ltr'><strong>is</strong></span> 
     </span>
     <span class='ocr_line' id='line_1_5' title="bbox 282 688 1980 766; baseline -0.006 -10"><span class='ocrx_word' id='word_1_53' title='bbox 282 709 324 756; x_wconf 83' lang='lat' dir='ltr'><strong>ter</strong></span> <span class='ocrx_word' id='word_1_54' title='bbox 347 703 456 755; x_wconf 83' lang='lat' dir='ltr'><strong>beatum</strong></span> <span class='ocrx_word' id='word_1_55' title='bbox 480 701 597 753; x_wconf 87' lang='lat' dir='ltr'><strong>Petrum</strong></span> <span class='ocrx_word' id='word_1_56' title='bbox 620 697 956 752; x_wconf 68' lang='lat' dir='ltr'><strong>carmelanensis</strong></span> <span class='ocrx_word' id='word_1_57' title='bbox 981 696 1119 766; x_wconf 85' lang='lat' dir='ltr'><strong>probibet,</strong></span> <span class='ocrx_word' id='word_1_58' title='bbox 1146 698 1242 750; x_wconf 72' lang='lat' dir='ltr'><strong>teum</strong></span> <span class='ocrx_word' id='word_1_59' title='bbox 1271 697 1308 749; x_wconf 88' lang='lat' dir='ltr'><strong>ab</strong></span> <span class='ocrx_word' id='word_1_60' title='bbox 1334 695 1465 760; x_wconf 76' lang='lat' dir='ltr'><strong>sedecia,</strong></span> <span class='ocrx_word' id='word_1_61' title='bbox 1491 690 1589 746; x_wconf 82' lang='lat' dir='ltr'><strong>deberi</strong></span> <span class='ocrx_word' id='word_1_62' title='bbox 1613 689 1675 745; x_wconf 84' lang='lat' dir='ltr'><strong>illis</strong></span> <span class='ocrx_word' id='word_1_63' title='bbox 1693 688 1903 759; x_wconf 68' lang='lat' dir='ltr'><strong>obedientiam,</strong></span> <span class='ocrx_word' id='word_1_64' title='bbox 1927 707 1980 745; x_wconf 71' lang='lat' dir='ltr'><strong>css</strong></span> 
     </span>
     <span class='ocr_line' id='line_1_6' title="bbox 279 775 1978 857; baseline -0.005 -17"><span class='ocrx_word' id='word_1_65' title='bbox 279 803 388 857; x_wconf 88' lang='lat' dir='ltr'><strong>papam</strong></span> <span class='ocrx_word' id='word_1_66' title='bbox 413 800 513 839; x_wconf 88' lang='lat' dir='ltr'><strong>errore</strong></span> <span class='ocrx_word' id='word_1_67' title='bbox 541 784 626 837; x_wconf 84' lang='lat' dir='ltr'><strong>etium</strong></span> <span class='ocrx_word' id='word_1_68' title='bbox 650 784 762 850; x_wconf 87' lang='lat' dir='ltr'><strong>infide</strong></span> <span class='ocrx_word' id='word_1_69' title='bbox 786 800 822 837; x_wconf 93' lang='lat' dir='ltr'><strong>ac</strong></span> <span class='ocrx_word' id='word_1_70' title='bbox 847 783 979 848; x_wconf 56' lang='lat' dir='ltr'><strong>dertona</strong></span> <span class='ocrx_word' id='word_1_71' title='bbox 1009 781 1121 834; x_wconf 87' lang='lat' dir='ltr'><strong>etiamsi</strong></span> <span class='ocrx_word' id='word_1_72' title='bbox 1146 781 1315 835; x_wconf 88' lang='lat' dir='ltr'><strong>conscientia</strong></span> <span class='ocrx_word' id='word_1_73' title='bbox 1340 781 1425 834; x_wconf 85' lang='lat' dir='ltr'><strong>etiarn</strong></span> <span class='ocrx_word' id='word_1_74' title='bbox 1447 792 1568 832; x_wconf 87' lang='lat' dir='ltr'><strong>erronea</strong></span> <span class='ocrx_word' id='word_1_75' title='bbox 1591 776 1712 845; x_wconf 65' lang='lat' dir='ltr'><strong>oblipstr</strong></span> <span class='ocrx_word' id='word_1_76' title='bbox 1736 775 1806 829; x_wconf 85' lang='lat' dir='ltr'><strong>itsss</strong></span> <span class='ocrx_word' id='word_1_77' title='bbox 1832 781 1926 830; x_wconf 71' lang='lat' dir='ltr'><strong>unsre</strong></span> <span class='ocrx_word' id='word_1_78' title='bbox 1940 793 1978 831; x_wconf 87' lang='lat' dir='ltr'><strong>cos</strong></span> 
     </span>
     <span class='ocr_line' id='line_1_7' title="bbox 282 861 1980 941; baseline -0.005 -16"><span class='ocrx_word' id='word_1_79' title='bbox 282 871 394 941; x_wconf 70' lang='lat' dir='ltr'><strong>quidem</strong></span> <span class='ocrx_word' id='word_1_80' title='bbox 411 869 513 925; x_wconf 80' lang='lat' dir='ltr'><strong>novitii</strong></span> <span class='ocrx_word' id='word_1_81' title='bbox 529 869 681 939; x_wconf 67' lang='lat' dir='ltr'><strong>scriptores</strong></span> <span class='ocrx_word' id='word_1_82' title='bbox 698 869 764 921; x_wconf 88' lang='lat' dir='ltr'><strong>ausi</strong></span> <span class='ocrx_word' id='word_1_83' title='bbox 774 875 838 921; x_wconf 85' lang='lat' dir='ltr'><strong>sssnt</strong></span> <span class='ocrx_word' id='word_1_84' title='bbox 851 867 1009 937; x_wconf 88' lang='lat' dir='ltr'><strong>oppositum</strong></span> <span class='ocrx_word' id='word_1_85' title='bbox 1021 867 1118 931; x_wconf 83' lang='lat' dir='ltr'><strong>defea-</strong></span> <span class='ocrx_word' id='word_1_86' title='bbox 1145 867 1237 921; x_wconf 87' lang='lat' dir='ltr'><strong>locum</strong></span> <span class='ocrx_word' id='word_1_87' title='bbox 1263 866 1369 923; x_wconf 71' lang='lat' dir='ltr'><strong>Christi</strong></span> <span class='ocrx_word' id='word_1_88' title='bbox 1388 867 1425 918; x_wconf 90' lang='lat' dir='ltr'><strong>de</strong></span> <span class='ocrx_word' id='word_1_89' title='bbox 1446 865 1539 928; x_wconf 79' lang='lat' dir='ltr'><strong>sacto,</strong></span> <span class='ocrx_word' id='word_1_90' title='bbox 1562 880 1620 917; x_wconf 81' lang='lat' dir='ltr'><strong>nos</strong></span> <span class='ocrx_word' id='word_1_91' title='bbox 1641 863 1677 916; x_wconf 90' lang='lat' dir='ltr'><strong>dc</strong></span> <span class='ocrx_word' id='word_1_92' title='bbox 1692 861 1779 930; x_wconf 75' lang='lat' dir='ltr'><strong>jusu,</strong></span> <span class='ocrx_word' id='word_1_93' title='bbox 1803 878 1872 915; x_wconf 70' lang='lat' dir='ltr'><strong>mssa</strong></span> <span class='ocrx_word' id='word_1_94' title='bbox 1893 862 1980 931; x_wconf 82' lang='lat' dir='ltr'><strong>rsipss</strong></span> 
     </span>
     <span class='ocr_line' id='line_1_8' title="bbox 282 947 1979 1026; baseline -0.006 -15"><span class='ocrx_word' id='word_1_95' title='bbox 282 958 349 1012; x_wconf 86' lang='lat' dir='ltr'><strong>dere</strong></span> <span class='ocrx_word' id='word_1_96' title='bbox 363 963 481 1026; x_wconf 88' lang='lat' dir='ltr'><strong>praeter</strong></span> <span class='ocrx_word' id='word_1_97' title='bbox 498 970 667 1009; x_wconf 69' lang='lat' dir='ltr'><strong>summosses</strong></span> <span class='ocrx_word' id='word_1_98' title='bbox 685 970 794 1007; x_wconf 86' lang='lat' dir='ltr'><strong>sensum</strong></span> <span class='ocrx_word' id='word_1_99' title='bbox 806 956 958 1007; x_wconf 75' lang='grc' dir='ltr'><strong>ἀοοιοηιπι</strong></span> <span class='ocrx_word' id='word_1_100' title='bbox 986 950 1118 1006; x_wconf 86' lang='lat' dir='ltr'><strong>Erasmus</strong></span> <span class='ocrx_word' id='word_1_101' title='bbox 1141 953 1280 1023; x_wconf 86' lang='lat' dir='ltr'><strong>populum</strong></span> <span class='ocrx_word' id='word_1_102' title='bbox 1302 951 1408 1007; x_wconf 75' lang='lat' dir='ltr'><strong>Christi</strong></span> <span class='ocrx_word' id='word_1_103' title='bbox 1423 949 1534 1003; x_wconf 76' lang='lat' dir='ltr'><strong>nemim</strong></span> <span class='ocrx_word' id='word_1_104' title='bbox 1552 955 1671 1016; x_wconf 65' lang='lat' dir='ltr'><strong>repantf</strong></span> <span class='ocrx_word' id='word_1_105' title='bbox 1691 947 1817 1016; x_wconf 65' lang='lat' dir='ltr'><strong>deniw</strong></span> <span class='ocrx_word' id='word_1_106' title='bbox 1833 964 1893 1001; x_wconf 83' lang='lat' dir='ltr'><strong>non</strong></span> <span class='ocrx_word' id='word_1_107' title='bbox 1904 964 1979 1016; x_wconf 82' lang='lat' dir='ltr'><strong>posss</strong></span> 
     </span>
     <span class='ocr_line' id='line_1_9' title="bbox 281 1033 1980 1110; baseline -0.004 -15"><span class='ocrx_word' id='word_1_108' title='bbox 281 1040 310 1095; x_wconf 90' lang='lat' dir='ltr'><strong>in</strong></span> <span class='ocrx_word' id='word_1_109' title='bbox 334 1045 459 1096; x_wconf 88' lang='lat' dir='ltr'><strong>annotat.</strong></span> <span class='ocrx_word' id='word_1_110' title='bbox 486 1046 509 1096; x_wconf 94' lang='grc'><strong>1.</strong></span> <span class='ocrx_word' id='word_1_111' title='bbox 529 1038 592 1095; x_wconf 83' lang='lat' dir='ltr'><strong>(lor.</strong></span> <span class='ocrx_word' id='word_1_112' title='bbox 613 1045 637 1095; x_wconf 80' lang='lat'><strong>7.</strong></span> <span class='ocrx_word' id='word_1_113' title='bbox 654 1055 683 1110; x_wconf 90' lang='lat' dir='ltr'><strong>p.</strong></span> <span class='ocrx_word' id='word_1_114' title='bbox 703 1043 769 1095; x_wconf 81' lang='lat'><strong>327:</strong></span> <span class='ocrx_word' id='word_1_115' title='bbox 798 1039 833 1093; x_wconf 79' lang='lat' dir='ltr'><strong>Si</strong></span> <span class='ocrx_word' id='word_1_116' title='bbox 851 1054 944 1092; x_wconf 69' lang='lat' dir='ltr'><strong>cuum</strong></span> <span class='ocrx_word' id='word_1_117' title='bbox 964 1045 1017 1100; x_wconf 85' lang='lat' dir='ltr'><strong>est,</strong></span> <span class='ocrx_word' id='word_1_118' title='bbox 1042 1039 1120 1107; x_wconf 77' lang='lat' dir='ltr'><strong>pssod</strong></span> <span class='ocrx_word' id='word_1_119' title='bbox 1145 1041 1180 1092; x_wconf 90' lang='lat' dir='ltr'><strong>ab</strong></span> <span class='ocrx_word' id='word_1_120' title='bbox 1206 1038 1266 1092; x_wconf 86' lang='lat' dir='ltr'><strong>illis</strong></span> <span class='ocrx_word' id='word_1_121' title='bbox 1291 1037 1438 1090; x_wconf 71' lang='lat' dir='ltr'><strong>sectatam</strong></span> <span class='ocrx_word' id='word_1_122' title='bbox 1466 1034 1575 1104; x_wconf 71' lang='lat' dir='ltr'><strong>decipi,</strong></span> <span class='ocrx_word' id='word_1_123' title='bbox 1603 1051 1666 1087; x_wconf 72' lang='lat' dir='ltr'><strong>mm</strong></span> <span class='ocrx_word' id='word_1_124' title='bbox 1687 1033 1811 1088; x_wconf 76' lang='lat' dir='ltr'><strong>ecclcn&#39;a</strong></span> <span class='ocrx_word' id='word_1_125' title='bbox 1828 1035 1980 1103; x_wconf 76' lang='lat' dir='ltr'><strong>nospoui</strong></span> 
     </span>
     <span class='ocr_line' id='line_1_10' title="bbox 281 1118 1979 1196; baseline -0.003 -16"><span class='ocrx_word' id='word_1_126' title='bbox 281 1127 398 1196; x_wconf 74' lang='lat' dir='ltr'><strong>puidam</strong></span> <span class='ocrx_word' id='word_1_127' title='bbox 416 1133 585 1192; x_wconf 84' lang='lat' dir='ltr'><strong>asseverant,</strong></span> <span class='ocrx_word' id='word_1_128' title='bbox 600 1124 763 1195; x_wconf 65' lang='lat' dir='ltr'><strong>pontificem</strong></span> <span class='ocrx_word' id='word_1_129' title='bbox 781 1125 940 1178; x_wconf 81' lang='lat' dir='ltr'><strong>Romanum</strong></span> <span class='ocrx_word' id='word_1_130' title='bbox 957 1139 1056 1177; x_wconf 87' lang='lat' dir='ltr'><strong>errore</strong></span> <span class='ocrx_word' id='word_1_131' title='bbox 1072 1123 1117 1190; x_wconf 78' lang='lat' dir='ltr'><strong>ju·</strong></span> <span class='ocrx_word' id='word_1_132' title='bbox 1144 1138 1251 1177; x_wconf 88' lang='lat' dir='ltr'><strong>errare.</strong></span> <span class='ocrx_word' id='word_1_133' title='bbox 1291 1120 1370 1176; x_wconf 85' lang='lat' dir='ltr'><strong>Haeo</strong></span> <span class='ocrx_word' id='word_1_134' title='bbox 1399 1119 1492 1174; x_wconf 86' lang='lat' dir='ltr'><strong>omnia</strong></span> <span class='ocrx_word' id='word_1_135' title='bbox 1516 1118 1712 1173; x_wconf 85' lang='lat' dir='ltr'><strong>Bellarnrinus.</strong></span> <span class='ocrx_word' id='word_1_136' title='bbox 1754 1118 1849 1190; x_wconf 81' lang='lat' dir='ltr'><strong>Atqui</strong></span> <span class='ocrx_word' id='word_1_137' title='bbox 1871 1135 1909 1173; x_wconf 81' lang='lat' dir='ltr'><strong>sn</strong></span> <span class='ocrx_word' id='word_1_138' title='bbox 1930 1136 1979 1175; x_wconf 86' lang='lat' dir='ltr'><strong>non</strong></span> 
     </span>
     <span class='ocr_line' id='line_1_11' title="bbox 281 1203 1977 1280; baseline -0.004 -14"><span class='ocrx_word' id='word_1_139' title='bbox 281 1208 1130 1280; x_wconf 72' lang='lat' dir='ltr'><strong>dicialinonposseunquamnrare,puidopuspeneralibsur</strong></span> <span class='ocrx_word' id='word_1_140' title='bbox 1143 1209 1188 1264; x_wconf 87' lang='lat' dir='ltr'><strong>hic</strong></span> <span class='ocrx_word' id='word_1_141' title='bbox 1213 1212 1255 1264; x_wconf 91' lang='lat' dir='ltr'><strong>est</strong></span> <span class='ocrx_word' id='word_1_142' title='bbox 1280 1207 1398 1262; x_wconf 88' lang='lat' dir='ltr'><strong>circulus</strong></span> <span class='ocrx_word' id='word_1_143' title='bbox 1420 1203 1598 1273; x_wconf 72' lang='lat' dir='ltr'><strong>mmiiestus,</strong></span> <span class='ocrx_word' id='word_1_144' title='bbox 1621 1203 1740 1259; x_wconf 76' lang='lat' dir='ltr'><strong>sonnis</strong></span> <span class='ocrx_word' id='word_1_145' title='bbox 1758 1221 1819 1261; x_wconf 92' lang='lat' dir='ltr'><strong>non</strong></span> <span class='ocrx_word' id='word_1_146' title='bbox 1837 1211 1928 1275; x_wconf 82' lang='lat' dir='ltr'><strong>potest</strong></span> <span class='ocrx_word' id='word_1_147' title='bbox 1942 1221 1977 1260; x_wconf 88' lang='lat' dir='ltr'><strong>er·</strong></span> 
     </span>
     <span class='ocr_line' id='line_1_12' title="bbox 282 1289 1977 1364; baseline -0.003 -12"><span class='ocrx_word' id='word_1_148' title='bbox 282 1296 430 1351; x_wconf 70' lang='lat' dir='ltr'><strong>conciliis!</strong></span> <span class='ocrx_word' id='word_1_149' title='bbox 443 1296 588 1349; x_wconf 86' lang='lat' dir='ltr'><strong>curdatas</strong></span> <span class='ocrx_word' id='word_1_150' title='bbox 597 1293 1219 1364; x_wconf 74' lang='lat' dir='ltr'><strong>appellationilocususlodspaodumtrare,</strong></span> <span class='ocrx_word' id='word_1_151' title='bbox 1252 1294 1319 1364; x_wconf 88' lang='lat' dir='ltr'><strong>quia</strong></span> <span class='ocrx_word' id='word_1_152' title='bbox 1349 1290 1473 1362; x_wconf 89' lang='lat' dir='ltr'><strong>episcopi</strong></span> <span class='ocrx_word' id='word_1_153' title='bbox 1498 1307 1555 1345; x_wconf 93' lang='lat' dir='ltr'><strong>non</strong></span> <span class='ocrx_word' id='word_1_154' title='bbox 1583 1295 1700 1360; x_wconf 88' lang='lat' dir='ltr'><strong>possunt</strong></span> <span class='ocrx_word' id='word_1_155' title='bbox 1728 1305 1840 1356; x_wconf 69' lang='lat' dir='ltr'><strong>enarer</strong></span> <span class='ocrx_word' id='word_1_156' title='bbox 1867 1289 1977 1347; x_wconf 77' lang='lat' dir='ltr'><strong>vicissim</strong></span> 
     </span>
     <span class='ocr_line' id='line_1_13' title="bbox 282 1374 1978 1450; baseline -0.002 -15"><span class='ocrx_word' id='word_1_157' title='bbox 282 1382 327 1437; x_wconf 87' lang='lat' dir='ltr'><strong>cel</strong></span> <span class='ocrx_word' id='word_1_158' title='bbox 335 1382 376 1435; x_wconf 89' lang='lat' dir='ltr'><strong>ad</strong></span> <span class='ocrx_word' id='word_1_159' title='bbox 384 1383 501 1435; x_wconf 86' lang='lat' dir='ltr'><strong>eundem</strong></span> <span class='ocrx_word' id='word_1_160' title='bbox 512 1381 616 1434; x_wconf 84' lang='lat' dir='ltr'><strong>rectius</strong></span> <span class='ocrx_word' id='word_1_161' title='bbox 629 1380 776 1433; x_wconf 73' lang='lat' dir='ltr'><strong>edoctum?</strong></span> <span class='ocrx_word' id='word_1_162' title='bbox 789 1383 840 1434; x_wconf 86' lang='lat' dir='ltr'><strong>etc.</strong></span> <span class='ocrx_word' id='word_1_163' title='bbox 857 1379 909 1447; x_wconf 75' lang='lat' dir='ltr'><strong>oui</strong></span> <span class='ocrx_word' id='word_1_164' title='bbox 919 1380 952 1444; x_wconf 78' lang='lat' dir='ltr'><strong>fit</strong></span> <span class='ocrx_word' id='word_1_165' title='bbox 964 1385 995 1432; x_wconf 91' lang='lat' dir='ltr'><strong>ut</strong></span> <span class='ocrx_word' id='word_1_166' title='bbox 1003 1379 1118 1449; x_wconf 82' lang='lat' dir='ltr'><strong>pontifi·</strong></span> <span class='ocrx_word' id='word_1_167' title='bbox 1142 1378 1266 1450; x_wconf 79' lang='lat' dir='ltr'><strong>episcopi</strong></span> <span class='ocrx_word' id='word_1_168' title='bbox 1283 1393 1339 1432; x_wconf 93' lang='lat' dir='ltr'><strong>non</strong></span> <span class='ocrx_word' id='word_1_169' title='bbox 1357 1379 1474 1447; x_wconf 76' lang='lat' dir='ltr'>possunt</span> <span class='ocrx_word' id='word_1_170' title='bbox 1491 1391 1591 1441; x_wconf 88' lang='lat' dir='ltr'><strong>errare,</strong></span> <span class='ocrx_word' id='word_1_171' title='bbox 1609 1374 1676 1446; x_wconf 87' lang='lat' dir='ltr'><strong>quia</strong></span> <span class='ocrx_word' id='word_1_172' title='bbox 1688 1374 1812 1431; x_wconf 71' lang='lat' dir='ltr'><strong>occlmia</strong></span> <span class='ocrx_word' id='word_1_173' title='bbox 1824 1391 1883 1431; x_wconf 88' lang='lat' dir='ltr'><strong>non</strong></span> <span class='ocrx_word' id='word_1_174' title='bbox 1895 1382 1978 1448; x_wconf 85' lang='lat' dir='ltr'><strong>potest</strong></span> 
     </span>
     <span class='ocr_line' id='line_1_14' title="bbox 283 1462 1252 1536; baseline -0.003 -16"><span class='ocrx_word' id='word_1_175' title='bbox 283 1468 323 1521; x_wconf 88' lang='lat' dir='ltr'><strong>cis</strong></span> <span class='ocrx_word' id='word_1_176' title='bbox 337 1467 421 1536; x_wconf 83' lang='lat' dir='ltr'><strong>bajas</strong></span> <span class='ocrx_word' id='word_1_177' title='bbox 439 1468 552 1520; x_wconf 88' lang='lat' dir='ltr'><strong>decreta</strong></span> <span class='ocrx_word' id='word_1_178' title='bbox 563 1471 691 1536; x_wconf 83' lang='lat' dir='ltr'><strong>papnent</strong></span> <span class='ocrx_word' id='word_1_179' title='bbox 709 1481 771 1517; x_wconf 88' lang='lat' dir='ltr'><strong>cam</strong></span> <span class='ocrx_word' id='word_1_180' title='bbox 789 1464 910 1517; x_wconf 70' lang='lat' dir='ltr'><strong>masse</strong></span> <span class='ocrx_word' id='word_1_181' title='bbox 921 1464 1022 1518; x_wconf 71' lang='lat' dir='ltr'><strong>illius?</strong></span> <span class='ocrx_word' id='word_1_182' title='bbox 1043 1462 1118 1526; x_wconf 85' lang='lat' dir='ltr'><strong>Quid</strong></span> <span class='ocrx_word' id='word_1_183' title='bbox 1141 1464 1252 1520; x_wconf 83' lang='lat' dir='ltr'><strong>errare?</strong></span> 
     </span>
     <span class='ocr_line' id='line_1_15' title="bbox 284 1545 1977 1624; baseline -0.002 -17"><span class='ocrx_word' id='word_1_184' title='bbox 284 1552 358 1622; x_wconf 89' lang='lat' dir='ltr'><strong>quod</strong></span> <span class='ocrx_word' id='word_1_185' title='bbox 375 1551 436 1624; x_wconf 88' lang='lat' dir='ltr'><strong>ipse</strong></span> <span class='ocrx_word' id='word_1_186' title='bbox 452 1549 637 1606; x_wconf 87' lang='lat' dir='ltr'><strong>Bollarminns</strong></span> <span class='ocrx_word' id='word_1_187' title='bbox 656 1547 795 1619; x_wconf 84' lang='lat' dir='ltr'><strong>disputat,</strong></span> <span class='ocrx_word' id='word_1_188' title='bbox 812 1565 851 1601; x_wconf 89' lang='lat' dir='ltr'><strong>an</strong></span> <span class='ocrx_word' id='word_1_189' title='bbox 863 1565 947 1618; x_wconf 88' lang='lat' dir='ltr'><strong>papa</strong></span> <span class='ocrx_word' id='word_1_190' title='bbox 963 1549 1118 1602; x_wconf 65' lang='lat' dir='ltr'><strong>baeretms</strong></span> <span class='ocrx_word' id='word_1_191' title='bbox 1179 1556 1237 1606; x_wconf 83' lang='grc'><strong>101.</strong></span> <span class='ocrx_word' id='word_1_192' title='bbox 1273 1548 1401 1620; x_wconf 87' lang='lat' dir='ltr'><strong>Seposita</strong></span> <span class='ocrx_word' id='word_1_193' title='bbox 1419 1548 1505 1620; x_wconf 88' lang='lat' dir='ltr'><strong>igitur</strong></span> <span class='ocrx_word' id='word_1_194' title='bbox 1524 1547 1666 1618; x_wconf 71' lang='lat' dir='ltr'><strong>paulisper</strong></span> <span class='ocrx_word' id='word_1_195' title='bbox 1685 1545 1820 1616; x_wconf 87' lang='lat' dir='ltr'><strong>opinione</strong></span> <span class='ocrx_word' id='word_1_196' title='bbox 1836 1547 1977 1603; x_wconf 82' lang='lat' dir='ltr'><strong>Pontificis</strong></span> 
     </span>
     <span class='ocr_line' id='line_1_16' title="bbox 283 1631 1977 1708; baseline -0.002 -16"><span class='ocrx_word' id='word_1_197' title='bbox 283 1637 390 1708; x_wconf 84' lang='lat' dir='ltr'><strong>deponi</strong></span> <span class='ocrx_word' id='word_1_198' title='bbox 406 1639 500 1707; x_wconf 87' lang='lat' dir='ltr'><strong>possit</strong></span> <span class='ocrx_word' id='word_1_199' title='bbox 523 1636 573 1692; x_wconf 90' lang='lat' dir='ltr'><strong>lib.</strong></span> <span class='ocrx_word' id='word_1_200' title='bbox 597 1641 622 1691; x_wconf 91' lang='grc'><strong>2.</strong></span> <span class='ocrx_word' id='word_1_201' title='bbox 645 1634 680 1690; x_wconf 90' lang='lat' dir='ltr'><strong>de</strong></span> <span class='ocrx_word' id='word_1_202' title='bbox 704 1634 802 1705; x_wconf 83' lang='lat' dir='ltr'><strong>pontif.</strong></span> <span class='ocrx_word' id='word_1_203' title='bbox 824 1651 849 1689; x_wconf 91' lang='lat' dir='ltr'><strong>c.</strong></span> <span class='ocrx_word' id='word_1_204' title='bbox 868 1636 909 1689; x_wconf 86' lang='grc'><strong>30.</strong></span> <span class='ocrx_word' id='word_1_205' title='bbox 929 1634 978 1689; x_wconf 90' lang='lat' dir='ltr'><strong>nbi</strong></span> <span class='ocrx_word' id='word_1_206' title='bbox 996 1634 1118 1706; x_wconf 87' lang='lat' dir='ltr'><strong>quinque</strong></span> <span class='ocrx_word' id='word_1_207' title='bbox 1142 1640 1265 1690; x_wconf 87' lang='lat' dir='ltr'><strong>nostram</strong></span> <span class='ocrx_word' id='word_1_208' title='bbox 1288 1635 1318 1688; x_wconf 88' lang='lat' dir='ltr'><strong>in</strong></span> <span class='ocrx_word' id='word_1_209' title='bbox 1343 1634 1398 1690; x_wconf 92' lang='lat' dir='ltr'><strong>hac</strong></span> <span class='ocrx_word' id='word_1_210' title='bbox 1424 1634 1586 1705; x_wconf 70' lang='lat' dir='ltr'><strong>quaestione</strong></span> <span class='ocrx_word' id='word_1_211' title='bbox 1604 1631 1773 1687; x_wconf 83' lang='lat' dir='ltr'><strong>sententiam</strong></span> <span class='ocrx_word' id='word_1_212' title='bbox 1791 1631 1873 1703; x_wconf 89' lang='lat' dir='ltr'><strong>prius</strong></span> <span class='ocrx_word' id='word_1_213' title='bbox 1890 1631 1977 1688; x_wconf 75' lang='lat' dir='ltr'><strong>confir</strong></span> 
     </span>
     <span class='ocr_line' id='line_1_17' title="bbox 283 1717 1991 1793; baseline -0.003 -15"><span class='ocrx_word' id='word_1_214' title='bbox 283 1722 427 1793; x_wconf 89' lang='lat' dir='ltr'><strong>opiniones</strong></span> <span class='ocrx_word' id='word_1_215' title='bbox 445 1721 649 1778; x_wconf 78' lang='lat' dir='ltr'><strong>catholicorum</strong></span> <span class='ocrx_word' id='word_1_216' title='bbox 669 1725 820 1786; x_wconf 75' lang='lat' dir='ltr'>enumerat,</span> <span class='ocrx_word' id='word_1_217' title='bbox 836 1721 909 1776; x_wconf 90' lang='lat' dir='ltr'><strong>inter</strong></span> <span class='ocrx_word' id='word_1_218' title='bbox 928 1737 1000 1791; x_wconf 87' lang='lat' dir='ltr'><strong>quas</strong></span> <span class='ocrx_word' id='word_1_219' title='bbox 1015 1720 1118 1791; x_wconf 88' lang='lat' dir='ltr'><strong>ample·</strong></span> <span class='ocrx_word' id='word_1_220' title='bbox 1143 1722 1288 1784; x_wconf 87' lang='lat' dir='ltr'><strong>mabimus,</strong></span> <span class='ocrx_word' id='word_1_221' title='bbox 1307 1720 1356 1775; x_wconf 88' lang='lat' dir='ltr'><strong>nbi</strong></span> <span class='ocrx_word' id='word_1_222' title='bbox 1376 1720 1432 1774; x_wconf 87' lang='lat' dir='ltr'><strong>duo</strong></span> <span class='ocrx_word' id='word_1_223' title='bbox 1451 1719 1530 1775; x_wconf 89' lang='lat' dir='ltr'><strong>nobis</strong></span> <span class='ocrx_word' id='word_1_224' title='bbox 1544 1717 1762 1773; x_wconf 84' lang='lat' dir='ltr'><strong>demonstranda</strong></span> <span class='ocrx_word' id='word_1_225' title='bbox 1774 1725 1868 1775; x_wconf 76' lang='lat' dir='ltr'><strong>erunt.</strong></span> <span class='ocrx_word' id='word_1_226' title='bbox 1898 1718 1991 1774; x_wconf 71' lang='lat' dir='ltr'><strong>tlic-</strong></span> 
     </span>
     <span class='ocr_line' id='line_1_18' title="bbox 282 1804 1975 1877; baseline -0.001 -15"><span class='ocrx_word' id='word_1_227' title='bbox 282 1808 367 1862; x_wconf 90' lang='lat' dir='ltr'><strong>ctitur</strong></span> <span class='ocrx_word' id='word_1_228' title='bbox 385 1823 455 1871; x_wconf 88' lang='lat' dir='ltr'><strong>eam,</strong></span> <span class='ocrx_word' id='word_1_229' title='bbox 474 1821 545 1877; x_wconf 87' lang='lat' dir='ltr'><strong>quae</strong></span> <span class='ocrx_word' id='word_1_230' title='bbox 565 1806 670 1875; x_wconf 84' lang='lat' dir='ltr'><strong>statuit,</strong></span> <span class='ocrx_word' id='word_1_231' title='bbox 685 1823 795 1875; x_wconf 87' lang='lat' dir='ltr'><strong>papam</strong></span> <span class='ocrx_word' id='word_1_232' title='bbox 812 1806 981 1860; x_wconf 77' lang='lat' dir='ltr'><strong>haereticam</strong></span> <span class='ocrx_word' id='word_1_233' title='bbox 997 1807 1118 1871; x_wconf 75' lang='lat' dir='ltr'><strong>nicaise-</strong></span> <span class='ocrx_word' id='word_1_234' title='bbox 1142 1806 1254 1862; x_wconf 76' lang='lat' dir='ltr'><strong>clerium</strong></span> <span class='ocrx_word' id='word_1_235' title='bbox 1271 1804 1438 1860; x_wconf 77' lang='lat' dir='ltr'><strong>catholicam</strong></span> <span class='ocrx_word' id='word_1_236' title='bbox 1457 1809 1544 1858; x_wconf 86' lang='lat' dir='ltr'><strong>totam</strong></span> <span class='ocrx_word' id='word_1_237' title='bbox 1556 1820 1699 1875; x_wconf 84' lang='lat' dir='ltr'><strong>nunquam</strong></span> <span class='ocrx_word' id='word_1_238' title='bbox 1710 1804 1869 1873; x_wconf 81' lang='lat' dir='ltr'><strong>itaerrsre,</strong></span> <span class='ocrx_word' id='word_1_239' title='bbox 1886 1809 1975 1861; x_wconf 89' lang='lat' dir='ltr'><strong>utnon</strong></span> 
     </span>
     <span class='ocr_line' id='line_1_19' title="bbox 282 1889 1975 1963; baseline 0.001 -17"><span class='ocrx_word' id='word_1_240' title='bbox 282 1901 355 1946; x_wconf 85' lang='lat' dir='ltr'><strong>stum</strong></span> <span class='ocrx_word' id='word_1_241' title='bbox 369 1908 423 1961; x_wconf 90' lang='lat' dir='ltr'><strong>per</strong></span> <span class='ocrx_word' id='word_1_242' title='bbox 442 1908 472 1945; x_wconf 91' lang='lat' dir='ltr'><strong>se</strong></span> <span class='ocrx_word' id='word_1_243' title='bbox 490 1891 618 1945; x_wconf 73' lang='lat' dir='ltr'><strong>desinere</strong></span> <span class='ocrx_word' id='word_1_244' title='bbox 634 1907 692 1945; x_wconf 87' lang='lat' dir='ltr'><strong>esse</strong></span> <span class='ocrx_word' id='word_1_245' title='bbox 702 1908 813 1960; x_wconf 86' lang='lat' dir='ltr'><strong>papam</strong></span> <span class='ocrx_word' id='word_1_246' title='bbox 830 1899 857 1946; x_wconf 93' lang='lat' dir='ltr'><strong>et</strong></span> <span class='ocrx_word' id='word_1_247' title='bbox 875 1899 976 1963; x_wconf 90' lang='lat' dir='ltr'><strong>caput;</strong></span> <span class='ocrx_word' id='word_1_248' title='bbox 999 1891 1077 1962; x_wconf 85' lang='lat' dir='ltr'><strong>atqui</strong></span> <span class='ocrx_word' id='word_1_249' title='bbox 1094 1891 1118 1946; x_wconf 91' lang='lat' dir='ltr'><strong>si</strong></span> <span class='ocrx_word' id='word_1_250' title='bbox 1143 1892 1282 1963; x_wconf 77' lang='lat' dir='ltr'><strong><em>supersint</em></strong></span> <span class='ocrx_word' id='word_1_251' title='bbox 1299 1890 1394 1962; x_wconf 79' lang='lat' dir='ltr'>aliqui,</span> <span class='ocrx_word' id='word_1_252' title='bbox 1411 1891 1460 1961; x_wconf 90' lang='lat' dir='ltr'><strong>qui</strong></span> <span class='ocrx_word' id='word_1_253' title='bbox 1477 1889 1630 1959; x_wconf 78' lang='lat' dir='ltr'><strong>simplicem</strong></span> <span class='ocrx_word' id='word_1_254' title='bbox 1641 1889 1720 1945; x_wconf 88' lang='lat' dir='ltr'><strong>verbi</strong></span> <span class='ocrx_word' id='word_1_255' title='bbox 1738 1891 1860 1947; x_wconf 86' lang='lat' dir='ltr'><strong>ductum</strong></span> <span class='ocrx_word' id='word_1_256' title='bbox 1869 1908 1975 1963; x_wconf 61' lang='lat' dir='ltr'><strong>aequm</strong></span> 
     </span>
     <span class='ocr_line' id='line_1_20' title="bbox 282 1975 1975 2049; baseline 0.001 -17"><span class='ocrx_word' id='word_1_257' title='bbox 282 1993 358 2048; x_wconf 87' lang='lat' dir='ltr'><strong>papa</strong></span> <span class='ocrx_word' id='word_1_258' title='bbox 384 1981 476 2047; x_wconf 88' lang='lat' dir='ltr'><strong>potest</strong></span> <span class='ocrx_word' id='word_1_259' title='bbox 499 1977 558 2033; x_wconf 88' lang='lat' dir='ltr'><strong>fieri</strong></span> <span class='ocrx_word' id='word_1_260' title='bbox 581 1976 736 2032; x_wconf 87' lang='lat' dir='ltr'><strong>haereticus</strong></span> <span class='ocrx_word' id='word_1_261' title='bbox 754 1975 932 2045; x_wconf 84' lang='lat' dir='ltr'><strong>manifestus,</strong></span> <span class='ocrx_word' id='word_1_262' title='bbox 960 1977 1008 2031; x_wconf 90' lang='lat' dir='ltr'><strong>nbi</strong></span> <span class='ocrx_word' id='word_1_263' title='bbox 1026 1981 1120 2032; x_wconf 83' lang='lat' dir='ltr'><strong>manet</strong></span> <span class='ocrx_word' id='word_1_264' title='bbox 1142 1986 1185 2034; x_wconf 91' lang='lat' dir='ltr'><strong>tes</strong></span> <span class='ocrx_word' id='word_1_265' title='bbox 1203 1977 1322 2049; x_wconf 84' lang='lat' dir='ltr'><strong>Spiritus</strong></span> <span class='ocrx_word' id='word_1_266' title='bbox 1344 1977 1433 2031; x_wconf 88' lang='lat' dir='ltr'><strong>sancti</strong></span> <span class='ocrx_word' id='word_1_267' title='bbox 1453 1975 1604 2032; x_wconf 87' lang='lat' dir='ltr'><strong>directione</strong></span> <span class='ocrx_word' id='word_1_268' title='bbox 1622 1975 1651 2029; x_wconf 93' lang='lat' dir='ltr'><strong>in</strong></span> <span class='ocrx_word' id='word_1_269' title='bbox 1670 1976 1791 2032; x_wconf 81' lang='lat' dir='ltr'><strong>veritate</strong></span> <span class='ocrx_word' id='word_1_270' title='bbox 1807 1982 1838 2033; x_wconf 88' lang='lat' dir='ltr'><strong>et</strong></span> <span class='ocrx_word' id='word_1_271' title='bbox 1856 1977 1975 2034; x_wconf 85' lang='lat' dir='ltr'><strong>iidessn·</strong></span> 
     </span>
     <span class='ocr_line' id='line_1_21' title="bbox 282 2061 1974 2133; baseline 0.002 -17"><span class='ocrx_word' id='word_1_272' title='bbox 282 2061 459 2133; x_wconf 77' lang='lat' dir='ltr'><strong>privilegium</strong></span> <span class='ocrx_word' id='word_1_273' title='bbox 483 2061 705 2118; x_wconf 81' lang='lat' dir='ltr'><strong>infallibilitstis?</strong></span> <span class='ocrx_word' id='word_1_274' title='bbox 737 2061 761 2116; x_wconf 89' lang='lat' dir='ltr'><strong>si</strong></span> <span class='ocrx_word' id='word_1_275' title='bbox 785 2079 841 2118; x_wconf 92' lang='lat' dir='ltr'><strong>non</strong></span> <span class='ocrx_word' id='word_1_276' title='bbox 865 2067 957 2133; x_wconf 85' lang='lat' dir='ltr'><strong>potest</strong></span> <span class='ocrx_word' id='word_1_277' title='bbox 978 2061 1038 2118; x_wconf 85' lang='lat' dir='ltr'><strong>fieri</strong></span> <span class='ocrx_word' id='word_1_278' title='bbox 1062 2079 1119 2117; x_wconf 88' lang='lat' dir='ltr'><strong>ma·</strong></span> <span class='ocrx_word' id='word_1_279' title='bbox 1144 2063 1301 2119; x_wconf 87' lang='lat' dir='ltr'><strong>ctificentur</strong></span> <span class='ocrx_word' id='word_1_280' title='bbox 1316 2079 1349 2117; x_wconf 84' lang='lat' dir='ltr'><strong>ao</strong></span> <span class='ocrx_word' id='word_1_281' title='bbox 1367 2067 1574 2130; x_wconf 80' lang='lat' dir='ltr'><strong>conserventur,</strong></span> <span class='ocrx_word' id='word_1_282' title='bbox 1591 2066 1623 2116; x_wconf 91' lang='lat' dir='ltr'><strong>ut</strong></span> <span class='ocrx_word' id='word_1_283' title='bbox 1638 2066 1749 2118; x_wconf 82' lang='lat' dir='ltr'><strong>retento</strong></span> <span class='ocrx_word' id='word_1_284' title='bbox 1767 2063 1870 2119; x_wconf 75' lang='lat' dir='ltr'><strong>edetis</strong></span> <span class='ocrx_word' id='word_1_285' title='bbox 1885 2063 1974 2119; x_wconf 75' lang='lat' dir='ltr'><strong>nnn</strong></span> 
     </span>
     <span class='ocr_line' id='line_1_22' title="bbox 282 2146 1974 2219; baseline 0.002 -17"><span class='ocrx_word' id='word_1_286' title='bbox 282 2147 400 2203; x_wconf 88' lang='lat' dir='ltr'><strong>nifestus</strong></span> <span class='ocrx_word' id='word_1_287' title='bbox 417 2148 581 2216; x_wconf 86' lang='lat' dir='ltr'><strong>haereticus,</strong></span> <span class='ocrx_word' id='word_1_288' title='bbox 599 2147 703 2202; x_wconf 77' lang='lat' dir='ltr'><strong>frustm</strong></span> <span class='ocrx_word' id='word_1_289' title='bbox 720 2148 869 2219; x_wconf 85' lang='lat' dir='ltr'><strong>quaeritur,</strong></span> <span class='ocrx_word' id='word_1_290' title='bbox 889 2164 926 2202; x_wconf 86' lang='lat' dir='ltr'><strong>an</strong></span> <span class='ocrx_word' id='word_1_291' title='bbox 942 2148 971 2202; x_wconf 92' lang='lat' dir='ltr'><strong>in</strong></span> <span class='ocrx_word' id='word_1_292' title='bbox 988 2147 1041 2201; x_wconf 90' lang='lat' dir='ltr'><strong>hoc</strong></span> <span class='ocrx_word' id='word_1_293' title='bbox 1054 2165 1120 2202; x_wconf 84' lang='lat' dir='ltr'><strong>casu</strong></span> <span class='ocrx_word' id='word_1_294' title='bbox 1146 2155 1238 2204; x_wconf 87' lang='lat' dir='ltr'><strong>mento</strong></span> <span class='ocrx_word' id='word_1_295' title='bbox 1255 2148 1311 2204; x_wconf 89' lang='lat' dir='ltr'><strong>Dei</strong></span> <span class='ocrx_word' id='word_1_296' title='bbox 1328 2148 1430 2201; x_wconf 90' lang='lat' dir='ltr'><strong>virtute</strong></span> <span class='ocrx_word' id='word_1_297' title='bbox 1448 2146 1591 2218; x_wconf 85' lang='lat' dir='ltr'><strong>perfidem</strong></span> <span class='ocrx_word' id='word_1_298' title='bbox 1602 2147 1798 2203; x_wconf 85' lang='lat' dir='ltr'><strong>custodiantur</strong></span> <span class='ocrx_word' id='word_1_299' title='bbox 1808 2148 1848 2203; x_wconf 86' lang='lat' dir='ltr'><strong>ad</strong></span> <span class='ocrx_word' id='word_1_300' title='bbox 1859 2149 1974 2213; x_wconf 76' lang='lat' dir='ltr'><strong>salutar.</strong></span> 
     </span>
     <span class='ocr_line' id='line_1_23' title="bbox 284 2223 1973 2306; baseline 0.002 -18"><span class='ocrx_word' id='word_1_301' title='bbox 284 2223 331 2288; x_wconf 70' lang='lat' dir='ltr'><strong>ab&#39;</strong></span> <span class='ocrx_word' id='word_1_302' title='bbox 350 2232 467 2288; x_wconf 87' lang='lat' dir='ltr'><strong>ecclesia</strong></span> <span class='ocrx_word' id='word_1_303' title='bbox 494 2232 594 2304; x_wconf 86' lang='lat' dir='ltr'><strong>deponi</strong></span> <span class='ocrx_word' id='word_1_304' title='bbox 621 2233 717 2302; x_wconf 90' lang='lat' dir='ltr'><strong>possit.</strong></span> <span class='ocrx_word' id='word_1_305' title='bbox 756 2232 856 2304; x_wconf 80' lang='grc' dir='ltr'><em>Σοφὸν</em></span> <span class='ocrx_word' id='word_1_306' title='bbox 879 2234 949 2288; x_wconf 90' lang='lat' dir='ltr'><strong>illud</strong></span> <span class='ocrx_word' id='word_1_307' title='bbox 967 2231 1120 2306; x_wconf 77' lang='grc' dir='ltr'><em>φάρμακον</em></span> <span class='ocrx_word' id='word_1_308' title='bbox 1145 2236 1211 2291; x_wconf 87' lang='lat' dir='ltr'><strong>licet</strong></span> <span class='ocrx_word' id='word_1_309' title='bbox 1236 2235 1278 2288; x_wconf 90' lang='lat' dir='ltr'><strong>illi</strong></span> <span class='ocrx_word' id='word_1_310' title='bbox 1303 2234 1470 2304; x_wconf 88' lang='lat' dir='ltr'><strong>quandoque</strong></span> <span class='ocrx_word' id='word_1_311' title='bbox 1495 2233 1577 2302; x_wconf 90' lang='lat' dir='ltr'><strong>pauci</strong></span> <span class='ocrx_word' id='word_1_312' title='bbox 1602 2233 1659 2288; x_wconf 88' lang='lat' dir='ltr'><strong>sint</strong></span> <span class='ocrx_word' id='word_1_313' title='bbox 1682 2238 1712 2288; x_wconf 88' lang='lat' dir='ltr'><strong>et</strong></span> <span class='ocrx_word' id='word_1_314' title='bbox 1736 2234 1973 2303; x_wconf 73' lang='lat' dir='ltr'><strong>pernrmtininis</strong></span> 
     </span>
     <span class='ocr_line' id='line_1_24' title="bbox 282 2316 1972 2389; baseline 0.001 -14"><span class='ocrx_word' id='word_1_315' title='bbox 282 2318 453 2386; x_wconf 83' lang='lat' dir='ltr'><strong>Bellnrmini,</strong></span> <span class='ocrx_word' id='word_1_316' title='bbox 473 2318 547 2389; x_wconf 90' lang='lat' dir='ltr'><strong>quod</strong></span> <span class='ocrx_word' id='word_1_317' title='bbox 560 2335 651 2389; x_wconf 91' lang='lat' dir='ltr'><strong>papa,</strong></span> <span class='ocrx_word' id='word_1_318' title='bbox 669 2319 696 2371; x_wconf 87' lang='lat' dir='ltr'><strong>si</strong></span> <span class='ocrx_word' id='word_1_319' title='bbox 706 2319 766 2384; x_wconf 78' lang='lat' dir='ltr'><strong>fiat</strong></span> <span class='ocrx_word' id='word_1_320' title='bbox 774 2319 930 2373; x_wconf 71' lang='lat' dir='ltr'><strong>baneticus</strong></span> <span class='ocrx_word' id='word_1_321' title='bbox 943 2321 1121 2388; x_wconf 82' lang='lat' dir='ltr'><strong>manifestus,</strong></span> <span class='ocrx_word' id='word_1_322' title='bbox 1146 2320 1279 2376; x_wconf 85' lang='lat' dir='ltr'><strong>ccclesiae</strong></span> <span class='ocrx_word' id='word_1_323' title='bbox 1292 2319 1463 2389; x_wconf 84' lang='lat' dir='ltr'><strong>temporibus</strong></span> <span class='ocrx_word' id='word_1_324' title='bbox 1474 2319 1587 2385; x_wconf 85' lang='lat' dir='ltr'><strong>lateant,</strong></span> <span class='ocrx_word' id='word_1_325' title='bbox 1606 2323 1638 2372; x_wconf 91' lang='lat' dir='ltr'><strong>ut</strong></span> <span class='ocrx_word' id='word_1_326' title='bbox 1648 2316 1761 2388; x_wconf 87' lang='lat' dir='ltr'><strong>publice</strong></span> <span class='ocrx_word' id='word_1_327' title='bbox 1772 2334 1871 2375; x_wconf 83' lang='lat' dir='ltr'><strong>coram</strong></span> <span class='ocrx_word' id='word_1_328' title='bbox 1881 2321 1972 2377; x_wconf 85' lang='lat' dir='ltr'><strong>munds</strong></span> 
     </span>
     <span class='ocr_line' id='line_1_25' title="bbox 279 2402 1970 2476; baseline 0.002 -16"><span class='ocrx_word' id='word_1_329' title='bbox 279 2422 333 2476; x_wconf 88' lang='lat' dir='ltr'><strong>per</strong></span> <span class='ocrx_word' id='word_1_330' title='bbox 359 2422 389 2459; x_wconf 91' lang='lat' dir='ltr'><strong>se</strong></span> <span class='ocrx_word' id='word_1_331' title='bbox 417 2405 529 2459; x_wconf 59' lang='lat' dir='ltr'><strong>&amp;sinu</strong></span> <span class='ocrx_word' id='word_1_332' title='bbox 555 2420 613 2457; x_wconf 86' lang='lat' dir='ltr'><strong>esse</strong></span> <span class='ocrx_word' id='word_1_333' title='bbox 628 2421 724 2474; x_wconf 91' lang='lat' dir='ltr'><strong>papa,</strong></span> <span class='ocrx_word' id='word_1_334' title='bbox 751 2410 794 2459; x_wconf 90' lang='lat' dir='ltr'><strong>cst</strong></span> <span class='ocrx_word' id='word_1_335' title='bbox 811 2405 892 2474; x_wconf 87' lang='lat' dir='ltr'><strong>plane</strong></span> <span class='ocrx_word' id='word_1_336' title='bbox 912 2403 1040 2476; x_wconf 79' lang='grc' dir='ltr'><em>ἄσοφον,</em></span> <span class='ocrx_word' id='word_1_337' title='bbox 1068 2405 1120 2460; x_wconf 86' lang='lat' dir='ltr'><strong>hac</strong></span> <span class='ocrx_word' id='word_1_338' title='bbox 1145 2423 1201 2461; x_wconf 93' lang='lat' dir='ltr'><strong>non</strong></span> <span class='ocrx_word' id='word_1_339' title='bbox 1225 2411 1435 2476; x_wconf 84' lang='lat' dir='ltr'><strong>cognoscantur.</strong></span> <span class='ocrx_word' id='word_1_340' title='bbox 1472 2410 1495 2461; x_wconf 87' lang='grc'><strong>2.</strong></span> <span class='ocrx_word' id='word_1_341' title='bbox 1513 2402 1668 2459; x_wconf 78' lang='lat' dir='ltr'><strong>Ecclesiam</strong></span> <span class='ocrx_word' id='word_1_342' title='bbox 1686 2403 1827 2460; x_wconf 90' lang='lat' dir='ltr'><strong>visibilem</strong></span> <span class='ocrx_word' id='word_1_343' title='bbox 1847 2412 1878 2463; x_wconf 88' lang='lat' dir='ltr'><strong>et</strong></span> <span class='ocrx_word' id='word_1_344' title='bbox 1897 2405 1970 2476; x_wconf 83' lang='lat' dir='ltr'><strong>parti·</strong></span> 
     </span>
     <span class='ocr_line' id='line_1_26' title="bbox 283 2488 1972 2565; baseline -0.001 -16"><span class='ocrx_word' id='word_1_345' title='bbox 283 2492 357 2549; x_wconf 89' lang='lat' dir='ltr'><strong>enirn</strong></span> <span class='ocrx_word' id='word_1_346' title='bbox 375 2491 480 2546; x_wconf 85' lang='lat' dir='ltr'><strong>ratione</strong></span> <span class='ocrx_word' id='word_1_347' title='bbox 499 2491 677 2560; x_wconf 86' lang='lat' dir='ltr'><strong>pronuntiare</strong></span> <span class='ocrx_word' id='word_1_348' title='bbox 694 2506 819 2560; x_wconf 89' lang='lat' dir='ltr'><strong>possem,</strong></span> <span class='ocrx_word' id='word_1_349' title='bbox 840 2507 935 2547; x_wconf 88' lang='lat' dir='ltr'><strong>omnes</strong></span> <span class='ocrx_word' id='word_1_350' title='bbox 952 2508 1034 2547; x_wconf 87' lang='lat' dir='ltr'><strong>verse</strong></span> <span class='ocrx_word' id='word_1_351' title='bbox 1054 2491 1119 2546; x_wconf 88' lang='lat' dir='ltr'><strong>fidei</strong></span> <span class='ocrx_word' id='word_1_352' title='bbox 1145 2493 1268 2546; x_wconf 70' lang='lat' dir='ltr'><strong>cuurern</strong></span> <span class='ocrx_word' id='word_1_353' title='bbox 1292 2490 1417 2562; x_wconf 84' lang='lat' dir='ltr'><strong>quamvis</strong></span> <span class='ocrx_word' id='word_1_354' title='bbox 1439 2489 1586 2545; x_wconf 84' lang='lat' dir='ltr'><strong>ecclesiam</strong></span> <span class='ocrx_word' id='word_1_355' title='bbox 1609 2490 1640 2544; x_wconf 92' lang='lat' dir='ltr'><strong>in</strong></span> <span class='ocrx_word' id='word_1_356' title='bbox 1663 2488 1719 2545; x_wconf 84' lang='lat' dir='ltr'><strong>fide</strong></span> <span class='ocrx_word' id='word_1_357' title='bbox 1741 2507 1838 2547; x_wconf 84' lang='lat' dir='ltr'><strong>errare</strong></span> <span class='ocrx_word' id='word_1_358' title='bbox 1856 2496 1972 2565; x_wconf 79' lang='lat' dir='ltr'><strong>possset</strong></span> 
     </span>
     <span class='ocr_line' id='line_1_27' title="bbox 285 2574 1970 2647; baseline 0 -13"><span class='ocrx_word' id='word_1_359' title='bbox 285 2575 746 2646; x_wconf 79' lang='lat' dir='ltr'><strong>confemoresbabereprivilegium</strong></span> <span class='ocrx_word' id='word_1_360' title='bbox 753 2593 809 2631; x_wconf 91' lang='lat' dir='ltr'><strong>non</strong></span> <span class='ocrx_word' id='word_1_361' title='bbox 817 2577 1120 2647; x_wconf 80' lang='lat' dir='ltr'><strong>errand13quodsimibi</strong></span> <span class='ocrx_word' id='word_1_362' title='bbox 1147 2577 1182 2632; x_wconf 89' lang='lat' dir='ltr'><strong>de</strong></span> <span class='ocrx_word' id='word_1_363' title='bbox 1198 2576 1273 2631; x_wconf 84' lang='lat' dir='ltr'><strong>facto</strong></span> <span class='ocrx_word' id='word_1_364' title='bbox 1291 2575 1441 2647; x_wconf 85' lang='lat' dir='ltr'><strong>aliquando</strong></span> <span class='ocrx_word' id='word_1_365' title='bbox 1457 2590 1575 2643; x_wconf 71' lang='lat' dir='ltr'><strong>masse,</strong></span> <span class='ocrx_word' id='word_1_366' title='bbox 1602 2574 1626 2629; x_wconf 89' lang='lat' dir='ltr'><strong>si</strong></span> <span class='ocrx_word' id='word_1_367' title='bbox 1644 2591 1662 2629; x_wconf 87' lang='lat' dir='ltr'><strong>a</strong></span> <span class='ocrx_word' id='word_1_368' title='bbox 1678 2574 1778 2646; x_wconf 80' lang='lat' dir='ltr'><strong>regula</strong></span> <span class='ocrx_word' id='word_1_369' title='bbox 1795 2576 1877 2633; x_wconf 88' lang='lat' dir='ltr'><strong>verbi</strong></span> <span class='ocrx_word' id='word_1_370' title='bbox 1895 2577 1970 2634; x_wconf 73' lang='lat' dir='ltr'><strong>coslo</strong></span> 
     </span>
     <span class='ocr_line' id='line_1_28' title="bbox 174 2660 1971 2734; baseline 0.001 -15"><span class='ocrx_word' id='word_1_371' title='bbox 174 2667 211 2708; x_wconf 86' lang='lat'><strong>¹1·</strong></span> <span class='ocrx_word' id='word_1_372' title='bbox 226 2663 269 2706; x_wconf 76' lang='lat'><strong>¹⁵²·</strong></span> <span class='ocrx_word' id='word_1_373' title='bbox 284 2663 459 2734; x_wconf 86' lang='lat' dir='ltr'><strong>objiceretur,</strong></span> <span class='ocrx_word' id='word_1_374' title='bbox 477 2662 578 2717; x_wconf 89' lang='lat' dir='ltr'><strong>multos</strong></span> <span class='ocrx_word' id='word_1_375' title='bbox 596 2677 677 2716; x_wconf 88' lang='lat' dir='ltr'><strong>verae</strong></span> <span class='ocrx_word' id='word_1_376' title='bbox 694 2661 759 2716; x_wconf 87' lang='lat' dir='ltr'><strong>fidei</strong></span> <span class='ocrx_word' id='word_1_377' title='bbox 777 2662 946 2718; x_wconf 66' lang='lat' dir='ltr'><strong>confusores</strong></span> <span class='ocrx_word' id='word_1_378' title='bbox 960 2662 1021 2717; x_wconf 87' lang='lat' dir='ltr'><strong>fieri</strong></span> <span class='ocrx_word' id='word_1_379' title='bbox 1032 2662 1118 2717; x_wconf 89' lang='lat' dir='ltr'><strong>mani·</strong></span> <span class='ocrx_word' id='word_1_380' title='bbox 1145 2663 1195 2717; x_wconf 89' lang='lat' dir='ltr'><strong>stis</strong></span> <span class='ocrx_word' id='word_1_381' title='bbox 1222 2662 1319 2727; x_wconf 86' lang='lat' dir='ltr'><strong>abeat,</strong></span> <span class='ocrx_word' id='word_1_382' title='bbox 1346 2679 1364 2716; x_wconf 85' lang='lat' dir='ltr'><strong>a</strong></span> <span class='ocrx_word' id='word_1_383' title='bbox 1388 2679 1442 2733; x_wconf 90' lang='lat' dir='ltr'><strong>quo</strong></span> <span class='ocrx_word' id='word_1_384' title='bbox 1466 2661 1577 2717; x_wconf 88' lang='lat' dir='ltr'><strong>errandi</strong></span> <span class='ocrx_word' id='word_1_385' title='bbox 1603 2660 1729 2731; x_wconf 88' lang='lat' dir='ltr'><strong>periculo</strong></span> <span class='ocrx_word' id='word_1_386' title='bbox 1751 2678 1807 2718; x_wconf 90' lang='lat' dir='ltr'><strong>nec</strong></span> <span class='ocrx_word' id='word_1_387' title='bbox 1827 2662 1971 2721; x_wconf 75' lang='lat' dir='ltr'><strong>Romarm</strong></span> 
     </span>
     <span class='ocr_line' id='line_1_29' title="bbox 282 2746 1972 2819; baseline 0.002 -15"><span class='ocrx_word' id='word_1_388' title='bbox 282 2749 369 2804; x_wconf 86' lang='lat' dir='ltr'><strong>festos</strong></span> <span class='ocrx_word' id='word_1_389' title='bbox 389 2746 542 2803; x_wconf 86' lang='lat' dir='ltr'><strong>haereticos</strong></span> <span class='ocrx_word' id='word_1_390' title='bbox 565 2752 594 2801; x_wconf 92' lang='lat' dir='ltr'><strong>et</strong></span> <span class='ocrx_word' id='word_1_391' title='bbox 615 2747 652 2802; x_wconf 90' lang='lat' dir='ltr'><strong>ab</strong></span> <span class='ocrx_word' id='word_1_392' title='bbox 677 2747 794 2803; x_wconf 88' lang='lat' dir='ltr'><strong>ecclesis</strong></span> <span class='ocrx_word' id='word_1_393' title='bbox 811 2749 1055 2819; x_wconf 86' lang='lat' dir='ltr'><strong>excommunicari,</strong></span> <span class='ocrx_word' id='word_1_394' title='bbox 1077 2765 1118 2804; x_wconf 81' lang='lat' dir='ltr'><strong>re</strong></span> <span class='ocrx_word' id='word_1_395' title='bbox 1145 2749 1298 2818; x_wconf 87' lang='lat' dir='ltr'><strong>ecclesium,</strong></span> <span class='ocrx_word' id='word_1_396' title='bbox 1318 2765 1336 2803; x_wconf 90' lang='lat' dir='ltr'><strong>a</strong></span> <span class='ocrx_word' id='word_1_397' title='bbox 1353 2764 1409 2819; x_wconf 88' lang='lat' dir='ltr'><strong>qus</strong></span> <span class='ocrx_word' id='word_1_398' title='bbox 1425 2747 1486 2802; x_wconf 86' lang='lat' dir='ltr'><strong>sola</strong></span> <span class='ocrx_word' id='word_1_399' title='bbox 1504 2753 1649 2818; x_wconf 69' lang='lat' dir='ltr'><strong>untopers</strong></span> <span class='ocrx_word' id='word_1_400' title='bbox 1665 2746 1735 2801; x_wconf 89' lang='lat' dir='ltr'><strong>illud</strong></span> <span class='ocrx_word' id='word_1_401' title='bbox 1752 2748 1865 2806; x_wconf 84' lang='lat' dir='ltr'><strong>amoliri</strong></span> <span class='ocrx_word' id='word_1_402' title='bbox 1883 2767 1972 2807; x_wconf 72' lang='lat' dir='ltr'><strong>conn-</strong></span> 
     </span>
     <span class='ocr_line' id='line_1_30' title="bbox 283 2831 1970 2907; baseline 0.002 -18"><span class='ocrx_word' id='word_1_403' title='bbox 283 2833 419 2904; x_wconf 91' lang='lat' dir='ltr'><strong>spondere</strong></span> <span class='ocrx_word' id='word_1_404' title='bbox 437 2848 547 2903; x_wconf 89' lang='lat' dir='ltr'><strong>possem</strong></span> <span class='ocrx_word' id='word_1_405' title='bbox 563 2831 662 2887; x_wconf 91' lang='lat' dir='ltr'><strong>eodern</strong></span> <span class='ocrx_word' id='word_1_406' title='bbox 682 2832 772 2900; x_wconf 89' lang='lat' dir='ltr'><strong>modo,</strong></span> <span class='ocrx_word' id='word_1_407' title='bbox 789 2832 859 2888; x_wconf 86' lang='lat' dir='ltr'><strong>tales</strong></span> <span class='ocrx_word' id='word_1_408' title='bbox 875 2849 927 2903; x_wconf 90' lang='lat' dir='ltr'><strong>per</strong></span> <span class='ocrx_word' id='word_1_409' title='bbox 945 2851 975 2889; x_wconf 90' lang='lat' dir='ltr'><strong>se</strong></span> <span class='ocrx_word' id='word_1_410' title='bbox 993 2834 1119 2891; x_wconf 86' lang='lat' dir='ltr'><strong><em>desinere</em></strong></span> <span class='ocrx_word' id='word_1_411' title='bbox 1144 2840 1203 2900; x_wconf 89' lang='lat' dir='ltr'><strong>tur,</strong></span> <span class='ocrx_word' id='word_1_412' title='bbox 1231 2834 1392 2905; x_wconf 86' lang='lat' dir='ltr'><strong>excipimus.</strong></span> <span class='ocrx_word' id='word_1_413' title='bbox 1432 2833 1514 2888; x_wconf 85' lang='lat' dir='ltr'><strong>Prius</strong></span> <span class='ocrx_word' id='word_1_414' title='bbox 1544 2849 1600 2888; x_wconf 91' lang='lat' dir='ltr'><strong>non</strong></span> <span class='ocrx_word' id='word_1_415' title='bbox 1625 2832 1733 2905; x_wconf 79' lang='lat' dir='ltr'><strong>indiget</strong></span> <span class='ocrx_word' id='word_1_416' title='bbox 1757 2833 1848 2907; x_wconf 84' lang='lat' dir='ltr'><strong>longa</strong></span> <span class='ocrx_word' id='word_1_417' title='bbox 1870 2837 1970 2894; x_wconf 85' lang='lat' dir='ltr'><strong>demon·</strong></span> 
     </span>
     <span class='ocr_line' id='line_1_31' title="bbox 283 2915 1972 2991; baseline 0.003 -16"><span class='ocrx_word' id='word_1_418' title='bbox 283 2934 344 2975; x_wconf 88' lang='lat' dir='ltr'><strong>esse</strong></span> <span class='ocrx_word' id='word_1_419' title='bbox 367 2933 449 2973; x_wconf 91' lang='lat' dir='ltr'><strong>verae</strong></span> <span class='ocrx_word' id='word_1_420' title='bbox 470 2915 536 2971; x_wconf 82' lang='lat' dir='ltr'><strong>fidei</strong></span> <span class='ocrx_word' id='word_1_421' title='bbox 555 2915 739 2981; x_wconf 82' lang='lat' dir='ltr'><strong>confessores,</strong></span> <span class='ocrx_word' id='word_1_422' title='bbox 763 2917 881 2989; x_wconf 89' lang='lat' dir='ltr'><strong>ideoque</strong></span> <span class='ocrx_word' id='word_1_423' title='bbox 899 2919 1045 2991; x_wconf 84' lang='lat' dir='ltr'><strong>privilegio</strong></span> <span class='ocrx_word' id='word_1_424' title='bbox 1062 2937 1118 2976; x_wconf 92' lang='lat' dir='ltr'><strong>non</strong></span> <span class='ocrx_word' id='word_1_425' title='bbox 1144 2921 1292 2990; x_wconf 83' lang='lat' dir='ltr'><strong>stratione,</strong></span> <span class='ocrx_word' id='word_1_426' title='bbox 1315 2938 1379 2976; x_wconf 92' lang='lat' dir='ltr'><strong>curn</strong></span> <span class='ocrx_word' id='word_1_427' title='bbox 1406 2920 1443 2975; x_wconf 87' lang='lat' dir='ltr'><strong>ab</strong></span> <span class='ocrx_word' id='word_1_428' title='bbox 1467 2919 1633 2975; x_wconf 88' lang='lat' dir='ltr'><strong>adversariis</strong></span> <span class='ocrx_word' id='word_1_429' title='bbox 1657 2919 1836 2977; x_wconf 77' lang='lat' dir='ltr'><strong>concedatur.</strong></span> <span class='ocrx_word' id='word_1_430' title='bbox 1877 2928 1899 2980; x_wconf 95' lang='grc'><strong>1.</strong></span> <span class='ocrx_word' id='word_1_431' title='bbox 1915 2923 1972 2979; x_wconf 76' lang='lat' dir='ltr'><strong>Pro</strong></span> 
     </span>
     <span class='ocr_line' id='line_1_32' title="bbox 282 3001 1973 3077; baseline 0.003 -17"><span class='ocrx_word' id='word_1_432' title='bbox 282 3001 392 3060; x_wconf 81' lang='lat' dir='ltr'><strong>emundi</strong></span> <span class='ocrx_word' id='word_1_433' title='bbox 416 3021 450 3060; x_wconf 86' lang='lat' dir='ltr'><strong>ex</strong></span> <span class='ocrx_word' id='word_1_434' title='bbox 468 3019 500 3059; x_wconf 96' lang='lat' dir='ltr'><strong>eo</strong></span> <span class='ocrx_word' id='word_1_435' title='bbox 519 3002 589 3057; x_wconf 88' lang='lat' dir='ltr'><strong>nihil</strong></span> <span class='ocrx_word' id='word_1_436' title='bbox 606 3002 749 3060; x_wconf 88' lang='lat' dir='ltr'><strong><em>decedere.</em></strong></span> <span class='ocrx_word' id='word_1_437' title='bbox 787 3003 911 3067; x_wconf 83' lang='lat' dir='ltr'><strong>Quilibet</strong></span> <span class='ocrx_word' id='word_1_438' title='bbox 929 3024 994 3062; x_wconf 90' lang='lat' dir='ltr'><strong>vero</strong></span> <span class='ocrx_word' id='word_1_439' title='bbox 1012 3014 1119 3063; x_wconf 89' lang='lat' dir='ltr'><strong>mature</strong></span> <span class='ocrx_word' id='word_1_440' title='bbox 1144 3007 1238 3062; x_wconf 89' lang='lat' dir='ltr'><strong>missio</strong></span> <span class='ocrx_word' id='word_1_441' title='bbox 1262 3005 1365 3062; x_wconf 82' lang='lat' dir='ltr'><strong>Christi</strong></span> <span class='ocrx_word' id='word_1_442' title='bbox 1382 3006 1481 3062; x_wconf 84' lang='lat' dir='ltr'><strong>Matth.</strong></span> <span class='ocrx_word' id='word_1_443' title='bbox 1503 3012 1549 3073; x_wconf 84' lang='lat' dir='ltr'><strong>lb,</strong></span> <span class='ocrx_word' id='word_1_444' title='bbox 1570 3023 1597 3060; x_wconf 95' lang='lat' dir='ltr'><strong>v.</strong></span> <span class='ocrx_word' id='word_1_445' title='bbox 1616 3010 1662 3062; x_wconf 82' lang='lat' dir='ltr'><strong>ts:</strong></span> <span class='ocrx_word' id='word_1_446' title='bbox 1689 3008 1798 3063; x_wconf 84' lang='lat' dir='ltr'><strong>Portas</strong></span> <span class='ocrx_word' id='word_1_447' title='bbox 1821 3008 1973 3077; x_wconf 62' lang='lat' dir='ltr'><strong>isffcroruss</strong></span> 
     </span>
     <span class='ocr_line' id='line_1_33' title="bbox 283 3087 1973 3165; baseline 0.004 -21"><span class='ocrx_word' id='word_1_448' title='bbox 283 3088 419 3160; x_wconf 87' lang='lat' dir='ltr'><strong>dispiciat,</strong></span> <span class='ocrx_word' id='word_1_449' title='bbox 437 3105 474 3143; x_wconf 85' lang='lat' dir='ltr'><strong>an</strong></span> <span class='ocrx_word' id='word_1_450' title='bbox 490 3087 557 3143; x_wconf 84' lang='lat' dir='ltr'><strong>fidei</strong></span> <span class='ocrx_word' id='word_1_451' title='bbox 574 3105 641 3144; x_wconf 89' lang='lat' dir='ltr'><strong>snae</strong></span> <span class='ocrx_word' id='word_1_452' title='bbox 659 3089 816 3147; x_wconf 87' lang='lat' dir='ltr'><strong>firmitatem</strong></span> <span class='ocrx_word' id='word_1_453' title='bbox 833 3090 947 3148; x_wconf 85' lang='lat' dir='ltr'><strong>arbitrio</strong></span> <span class='ocrx_word' id='word_1_454' title='bbox 960 3092 1034 3147; x_wconf 92' lang='lat' dir='ltr'><strong>illius</strong></span> <span class='ocrx_word' id='word_1_455' title='bbox 1047 3111 1117 3149; x_wconf 89' lang='lat' dir='ltr'><strong>com-</strong></span> <span class='ocrx_word' id='word_1_456' title='bbox 1142 3112 1199 3148; x_wconf 86' lang='lat' dir='ltr'><strong>non</strong></span> <span class='ocrx_word' id='word_1_457' title='bbox 1212 3094 1418 3165; x_wconf 80' lang='lat' dir='ltr'><strong>praevalebunt</strong></span> <span class='ocrx_word' id='word_1_458' title='bbox 1439 3096 1577 3148; x_wconf 85' lang='lat' dir='ltr'><strong>adversas</strong></span> <span class='ocrx_word' id='word_1_459' title='bbox 1597 3093 1758 3158; x_wconf 81' lang='lat' dir='ltr'><strong>sedetiam,</strong></span> <span class='ocrx_word' id='word_1_460' title='bbox 1783 3098 1827 3149; x_wconf 88' lang='lat' dir='ltr'><strong>est</strong></span> <span class='ocrx_word' id='word_1_461' title='bbox 1853 3099 1973 3151; x_wconf 73' lang='lat' dir='ltr'><strong>extsrm</strong></span> 
     </span>
     <span class='ocr_line' id='line_1_34' title="bbox 282 3176 1973 3249; baseline 0.002 -16"><span class='ocrx_word' id='word_1_462' title='bbox 282 3179 390 3234; x_wconf 85' lang='lat' dir='ltr'><strong>mittere</strong></span> <span class='ocrx_word' id='word_1_463' title='bbox 411 3176 489 3246; x_wconf 89' lang='lat' dir='ltr'><strong>velit,</strong></span> <span class='ocrx_word' id='word_1_464' title='bbox 516 3176 629 3249; x_wconf 88' lang='lat' dir='ltr'><strong>dequo</strong></span> <span class='ocrx_word' id='word_1_465' title='bbox 654 3194 690 3231; x_wconf 90' lang='lat' dir='ltr'><strong>ne</strong></span> <span class='ocrx_word' id='word_1_466' title='bbox 707 3176 749 3232; x_wconf 90' lang='lat' dir='ltr'><strong>illi</strong></span> <span class='ocrx_word' id='word_1_467' title='bbox 767 3177 879 3249; x_wconf 88' lang='lat' dir='ltr'><strong>quidem</strong></span> <span class='ocrx_word' id='word_1_468' title='bbox 898 3178 968 3235; x_wconf 87' lang='lat' dir='ltr'><strong>certi</strong></span> <span class='ocrx_word' id='word_1_469' title='bbox 986 3185 1064 3245; x_wconf 89' lang='lat' dir='ltr'><strong>sunt,</strong></span> <span class='ocrx_word' id='word_1_470' title='bbox 1080 3197 1118 3235; x_wconf 87' lang='lat' dir='ltr'><strong>an</strong></span> <span class='ocrx_word' id='word_1_471' title='bbox 1143 3187 1172 3235; x_wconf 92' lang='lat' dir='ltr'><strong>et</strong></span> <span class='ocrx_word' id='word_1_472' title='bbox 1196 3180 1326 3235; x_wconf 83' lang='lat' dir='ltr'><strong>immotae</strong></span> <span class='ocrx_word' id='word_1_473' title='bbox 1350 3179 1485 3237; x_wconf 87' lang='lat' dir='ltr'><strong>veritatis.</strong></span> <span class='ocrx_word' id='word_1_474' title='bbox 1520 3178 1586 3235; x_wconf 83' lang='lat' dir='ltr'><strong>lam</strong></span> <span class='ocrx_word' id='word_1_475' title='bbox 1608 3195 1674 3235; x_wconf 90' lang='lat' dir='ltr'><strong>vero</strong></span> <span class='ocrx_word' id='word_1_476' title='bbox 1701 3179 1726 3233; x_wconf 91' lang='lat' dir='ltr'><strong>si</strong></span> <span class='ocrx_word' id='word_1_477' title='bbox 1752 3183 1814 3235; x_wconf 87' lang='lat' dir='ltr'><strong>tota</strong></span> <span class='ocrx_word' id='word_1_478' title='bbox 1842 3180 1973 3236; x_wconf 79' lang='lat' dir='ltr'><strong>catholica</strong></span> 
     </span>
     <span class='ocr_line' id='line_1_35' title="bbox 281 3261 1973 3336; baseline 0.004 -18"><span class='ocrx_word' id='word_1_479' title='bbox 281 3263 427 3336; x_wconf 88' lang='lat' dir='ltr'><strong>privilegio</strong></span> <span class='ocrx_word' id='word_1_480' title='bbox 446 3281 502 3318; x_wconf 91' lang='lat' dir='ltr'><strong>non</strong></span> <span class='ocrx_word' id='word_1_481' title='bbox 521 3261 632 3319; x_wconf 70' lang='lat' dir='ltr'><strong>manti</strong></span> <span class='ocrx_word' id='word_1_482' title='bbox 647 3263 799 3320; x_wconf 87' lang='lat' dir='ltr'><strong>instructus</strong></span> <span class='ocrx_word' id='word_1_483' title='bbox 819 3264 864 3333; x_wconf 86' lang='lat' dir='ltr'><strong>sit,</strong></span> <span class='ocrx_word' id='word_1_484' title='bbox 880 3265 928 3335; x_wconf 89' lang='lat' dir='ltr'><strong>qni</strong></span> <span class='ocrx_word' id='word_1_485' title='bbox 944 3263 1072 3321; x_wconf 89' lang='lat' dir='ltr'><strong>absolute</strong></span> <span class='ocrx_word' id='word_1_486' title='bbox 1088 3271 1118 3322; x_wconf 91' lang='lat' dir='ltr'><strong>et</strong></span> <span class='ocrx_word' id='word_1_487' title='bbox 1143 3266 1262 3321; x_wconf 88' lang='lat' dir='ltr'><strong>ecclesia</strong></span> <span class='ocrx_word' id='word_1_488' title='bbox 1285 3265 1472 3321; x_wconf 86' lang='lat' dir='ltr'><strong>involveretur</strong></span> <span class='ocrx_word' id='word_1_489' title='bbox 1496 3264 1638 3320; x_wconf 89' lang='lat' dir='ltr'><strong>erroribus</strong></span> <span class='ocrx_word' id='word_1_490' title='bbox 1654 3270 1751 3320; x_wconf 75' lang='lat' dir='ltr'><strong>conns</strong></span> <span class='ocrx_word' id='word_1_491' title='bbox 1766 3264 1973 3324; x_wconf 80' lang='lat' dir='ltr'><strong>tundamentum</strong></span> 
     </span>
     <span class='ocr_line' id='line_1_36' title="bbox 281 3348 1973 3425; baseline 0.002 -19"><span class='ocrx_word' id='word_1_492' title='bbox 281 3349 442 3422; x_wconf 89' lang='lat' dir='ltr'><strong>simpliciter</strong></span> <span class='ocrx_word' id='word_1_493' title='bbox 478 3365 541 3404; x_wconf 87' lang='lat' dir='ltr'><strong>cum</strong></span> <span class='ocrx_word' id='word_1_494' title='bbox 569 3364 588 3403; x_wconf 90' lang='lat' dir='ltr'><strong>a</strong></span> <span class='ocrx_word' id='word_1_495' title='bbox 616 3349 695 3404; x_wconf 91' lang='lat' dir='ltr'><strong>nobis</strong></span> <span class='ocrx_word' id='word_1_496' title='bbox 723 3348 893 3405; x_wconf 86' lang='lat' dir='ltr'><strong>audiendum</strong></span> <span class='ocrx_word' id='word_1_497' title='bbox 922 3366 982 3406; x_wconf 89' lang='lat' dir='ltr'><strong>esse</strong></span> <span class='ocrx_word' id='word_1_498' title='bbox 1012 3351 1117 3408; x_wconf 78' lang='lat' dir='ltr'><strong>solunt.</strong></span> <span class='ocrx_word' id='word_1_499' title='bbox 1143 3352 1347 3425; x_wconf 79' lang='lat' dir='ltr'><strong>pugnantibus,</strong></span> <span class='ocrx_word' id='word_1_500' title='bbox 1369 3355 1467 3421; x_wconf 82' lang='lat' dir='ltr'><strong>portae</strong></span> <span class='ocrx_word' id='word_1_501' title='bbox 1494 3349 1645 3405; x_wconf 81' lang='lat' dir='ltr'><strong>interorum</strong></span> <span class='ocrx_word' id='word_1_502' title='bbox 1669 3349 1804 3407; x_wconf 83' lang='lat' dir='ltr'><strong>adversus</strong></span> <span class='ocrx_word' id='word_1_503' title='bbox 1823 3368 1887 3407; x_wconf 87' lang='lat' dir='ltr'><strong>eam</strong></span> <span class='ocrx_word' id='word_1_504' title='bbox 1903 3371 1973 3425; x_wconf 81' lang='lat' dir='ltr'><strong>prae</strong></span> 
     </span>
     <span class='ocr_line' id='line_1_37' title="bbox 281 3434 1973 3507; baseline 0.004 -17"><span class='ocrx_word' id='word_1_505' title='bbox 281 3443 307 3495; x_wconf 81' lang='lat' dir='ltr'><strong>l.</strong></span> <span class='ocrx_word' id='word_1_506' title='bbox 334 3435 515 3506; x_wconf 79' lang='lat' dir='ltr'><strong>Expendatur</strong></span> <span class='ocrx_word' id='word_1_507' title='bbox 540 3434 660 3505; x_wconf 90' lang='lat' dir='ltr'><strong>denique</strong></span> <span class='ocrx_word' id='word_1_508' title='bbox 686 3434 770 3490; x_wconf 87' lang='lat' dir='ltr'><strong>etiam</strong></span> <span class='ocrx_word' id='word_1_509' title='bbox 786 3435 877 3504; x_wconf 88' lang='lat' dir='ltr'><strong>istud,</strong></span> <span class='ocrx_word' id='word_1_510' title='bbox 904 3437 977 3507; x_wconf 90' lang='lat' dir='ltr'><strong>qnod</strong></span> <span class='ocrx_word' id='word_1_511' title='bbox 997 3436 1118 3493; x_wconf 89' lang='lat' dir='ltr'><strong>circulus</strong></span> <span class='ocrx_word' id='word_1_512' title='bbox 1144 3440 1276 3495; x_wconf 88' lang='lat' dir='ltr'><strong>valerent.</strong></span> <span class='ocrx_word' id='word_1_513' title='bbox 1316 3445 1340 3494; x_wconf 83' lang='lat'><strong>2.</strong></span> <span class='ocrx_word' id='word_1_514' title='bbox 1359 3437 1428 3493; x_wconf 78' lang='lat' dir='ltr'><strong>(lum</strong></span> <span class='ocrx_word' id='word_1_515' title='bbox 1448 3437 1548 3493; x_wconf 86' lang='lat' dir='ltr'><strong>Matth.</strong></span> <span class='ocrx_word' id='word_1_516' title='bbox 1567 3443 1610 3501; x_wconf 82' lang='grc'><strong>24,</strong></span> <span class='ocrx_word' id='word_1_517' title='bbox 1628 3454 1654 3494; x_wconf 92' lang='lat' dir='ltr'><strong>v.</strong></span> <span class='ocrx_word' id='word_1_518' title='bbox 1672 3443 1715 3494; x_wconf 83' lang='grc'><strong>24.</strong></span> <span class='ocrx_word' id='word_1_519' title='bbox 1734 3438 1925 3496; x_wconf 80' lang='lat' dir='ltr'><strong>tristissimum</strong></span> <span class='ocrx_word' id='word_1_520' title='bbox 1940 3442 1973 3495; x_wconf 87' lang='lat' dir='ltr'><strong>vi·</strong></span> 
     </span>
     <span class='ocr_line' id='line_1_38' title="bbox 282 3520 1974 3595; baseline 0.002 -17"><span class='ocrx_word' id='word_1_521' title='bbox 282 3522 468 3578; x_wconf 77' lang='lat' dir='ltr'><strong>committatur</strong></span> <span class='ocrx_word' id='word_1_522' title='bbox 483 3521 513 3575; x_wconf 92' lang='lat' dir='ltr'><strong>in</strong></span> <span class='ocrx_word' id='word_1_523' title='bbox 525 3520 602 3576; x_wconf 88' lang='lat' dir='ltr'><strong>hisce</strong></span> <span class='ocrx_word' id='word_1_524' title='bbox 613 3521 847 3592; x_wconf 78' lang='lat' dir='ltr'><strong>disputationibus</strong></span> <span class='ocrx_word' id='word_1_525' title='bbox 859 3521 894 3579; x_wconf 90' lang='lat' dir='ltr'><strong>de</strong></span> <span class='ocrx_word' id='word_1_526' title='bbox 905 3523 1051 3595; x_wconf 87' lang='lat' dir='ltr'><strong>privilegio</strong></span> <span class='ocrx_word' id='word_1_527' title='bbox 1061 3541 1117 3579; x_wconf 91' lang='lat' dir='ltr'><strong>non</strong></span> <span class='ocrx_word' id='word_1_528' title='bbox 1143 3525 1232 3579; x_wconf 89' lang='lat' dir='ltr'><strong>sibilis</strong></span> <span class='ocrx_word' id='word_1_529' title='bbox 1254 3522 1389 3580; x_wconf 86' lang='lat' dir='ltr'><strong>ecclesiae</strong></span> <span class='ocrx_word' id='word_1_530' title='bbox 1413 3528 1516 3577; x_wconf 81' lang='lat' dir='ltr'><strong>statum</strong></span> <span class='ocrx_word' id='word_1_531' title='bbox 1536 3521 1670 3592; x_wconf 72' lang='lat' dir='ltr'><strong>Christus¹</strong></span> <span class='ocrx_word' id='word_1_532' title='bbox 1682 3522 1873 3594; x_wconf 81' lang='lat' dir='ltr'><strong>praediceret,</strong></span> <span class='ocrx_word' id='word_1_533' title='bbox 1897 3526 1974 3581; x_wconf 83' lang='lat' dir='ltr'><strong>verbs</strong></span> 
     </span>
     <span class='ocr_line' id='line_1_39' title="bbox 281 3606 1974 3679; baseline 0.003 -18"><span class='ocrx_word' id='word_1_534' title='bbox 281 3608 392 3662; x_wconf 79' lang='lat' dir='ltr'><strong>emundi</strong></span> <span class='ocrx_word' id='word_1_535' title='bbox 403 3607 538 3663; x_wconf 86' lang='lat' dir='ltr'><strong>ecclesiae</strong></span> <span class='ocrx_word' id='word_1_536' title='bbox 549 3606 701 3663; x_wconf 85' lang='lat' dir='ltr'><strong>catholicae</strong></span> <span class='ocrx_word' id='word_1_537' title='bbox 711 3607 853 3663; x_wconf 86' lang='lat' dir='ltr'><strong>Romanae</strong></span> <span class='ocrx_word' id='word_1_538' title='bbox 865 3625 1002 3664; x_wconf 89' lang='lat' dir='ltr'><strong>concesso.</strong></span> <span class='ocrx_word' id='word_1_539' title='bbox 1026 3609 1116 3673; x_wconf 83' lang='lat' dir='ltr'><strong>Quae·</strong></span> <span class='ocrx_word' id='word_1_540' title='bbox 1143 3628 1194 3666; x_wconf 85' lang='lat' dir='ltr'><strong>sua</strong></span> <span class='ocrx_word' id='word_1_541' title='bbox 1216 3610 1346 3666; x_wconf 84' lang='lat' dir='ltr'><strong>formavit</strong></span> <span class='ocrx_word' id='word_1_542' title='bbox 1369 3609 1421 3664; x_wconf 90' lang='lat' dir='ltr'><strong>hoc</strong></span> <span class='ocrx_word' id='word_1_543' title='bbox 1443 3609 1540 3664; x_wconf 89' lang='lat' dir='ltr'><strong>modo:</strong></span> <span class='ocrx_word' id='word_1_544' title='bbox 1572 3609 1694 3679; x_wconf 74' lang='lat' dir='ltr'><strong>serpent</strong></span> <span class='ocrx_word' id='word_1_545' title='bbox 1716 3612 1931 3678; x_wconf 79' lang='lat' dir='ltr'><strong>pseudochristi</strong></span> <span class='ocrx_word' id='word_1_546' title='bbox 1953 3619 1974 3665; x_wconf 87' lang='lat' dir='ltr'><strong>ct</strong></span> 
     </span>
     <span class='ocr_line' id='line_1_40' title="bbox 281 3693 1973 3794; baseline 0.003 -48"><span class='ocrx_word' id='word_1_547' title='bbox 281 3693 364 3757; x_wconf 91' lang='lat' dir='ltr'><strong>ritur,</strong></span> <span class='ocrx_word' id='word_1_548' title='bbox 385 3709 473 3762; x_wconf 76' lang='lat' dir='ltr'><strong>quare</strong></span> <span class='ocrx_word' id='word_1_549' title='bbox 490 3693 607 3746; x_wconf 88' lang='lat' dir='ltr'><strong>ccclesia</strong></span> <span class='ocrx_word' id='word_1_550' title='bbox 623 3711 680 3747; x_wconf 89' lang='lat' dir='ltr'><strong>non</strong></span> <span class='ocrx_word' id='word_1_551' title='bbox 697 3702 786 3762; x_wconf 87' lang='lat' dir='ltr'><strong>erret,</strong></span> <span class='ocrx_word' id='word_1_552' title='bbox 805 3695 955 3765; x_wconf 87' lang='lat' dir='ltr'><strong>respondet</strong></span> <span class='ocrx_word' id='word_1_553' title='bbox 971 3695 1116 3752; x_wconf 87' lang='lat' dir='ltr'><strong>Bellnrrni·</strong></span> <span class='ocrx_word' id='word_1_554' title='bbox 1139 3696 1404 3794; x_wconf 73' lang='lat' dir='ltr'><strong>pseudoprophetae</strong></span> <span class='ocrx_word' id='word_1_555' title='bbox 1429 3704 1455 3748; x_wconf 90' lang='lat' dir='ltr'><strong>ct</strong></span> <span class='ocrx_word' id='word_1_556' title='bbox 1481 3696 1587 3749; x_wconf 74' lang='lat' dir='ltr'><strong>dabam</strong></span> <span class='ocrx_word' id='word_1_557' title='bbox 1609 3696 1693 3766; x_wconf 78' lang='lat' dir='ltr'><strong>sipno</strong></span> <span class='ocrx_word' id='word_1_558' title='bbox 1715 3714 1822 3766; x_wconf 78' lang='lat' dir='ltr'><strong>mapsa</strong></span> <span class='ocrx_word' id='word_1_559' title='bbox 1839 3707 1867 3753; x_wconf 89' lang='lat' dir='ltr'><strong>st</strong></span> <span class='ocrx_word' id='word_1_560' title='bbox 1880 3700 1973 3768; x_wconf 80' lang='lat' dir='ltr'><strong>prodi</strong></span> 
     </span>
     <span class='ocr_line' id='line_1_41' title="bbox 281 3779 1976 3853; baseline 0.003 -21"><span class='ocrx_word' id='word_1_561' title='bbox 281 3796 343 3848; x_wconf 89' lang='lat' dir='ltr'><strong>nus,</strong></span> <span class='ocrx_word' id='word_1_562' title='bbox 362 3779 429 3849; x_wconf 87' lang='lat' dir='ltr'><strong>quia</strong></span> <span class='ocrx_word' id='word_1_563' title='bbox 445 3779 572 3849; x_wconf 87' lang='lat' dir='ltr'><strong>episcopi</strong></span> <span class='ocrx_word' id='word_1_564' title='bbox 587 3796 637 3833; x_wconf 87' lang='lat' dir='ltr'><strong>scu</strong></span> <span class='ocrx_word' id='word_1_565' title='bbox 650 3781 779 3850; x_wconf 84' lang='lat' dir='ltr'><strong>praelati</strong></span> <span class='ocrx_word' id='word_1_566' title='bbox 797 3781 981 3836; x_wconf 72' lang='lat' dir='ltr'><strong>cccloeiadici</strong></span> <span class='ocrx_word' id='word_1_567' title='bbox 998 3801 1054 3837; x_wconf 86' lang='lat' dir='ltr'><strong>non</strong></span> <span class='ocrx_word' id='word_1_568' title='bbox 1072 3799 1115 3836; x_wconf 91' lang='lat' dir='ltr'><strong>sr-</strong></span> <span class='ocrx_word' id='word_1_569' title='bbox 1142 3784 1207 3852; x_wconf 82' lang='lat' dir='ltr'><strong>pia,</strong></span> <span class='ocrx_word' id='word_1_570' title='bbox 1230 3783 1271 3835; x_wconf 90' lang='lat' dir='ltr'><strong>ita</strong></span> <span class='ocrx_word' id='word_1_571' title='bbox 1293 3790 1324 3836; x_wconf 87' lang='lat' dir='ltr'><strong>ut</strong></span> <span class='ocrx_word' id='word_1_572' title='bbox 1348 3783 1378 3834; x_wconf 86' lang='lat' dir='ltr'><strong>s&#39;a</strong></span> <span class='ocrx_word' id='word_1_573' title='bbox 1398 3797 1524 3835; x_wconf 77' lang='lat' dir='ltr'><strong>morsm</strong></span> <span class='ocrx_word' id='word_1_574' title='bbox 1542 3783 1726 3847; x_wconf 85' lang='lat' dir='ltr'><strong>inducantur,</strong></span> <span class='ocrx_word' id='word_1_575' title='bbox 1749 3786 1775 3836; x_wconf 80' lang='lat' dir='ltr'><strong>st</strong></span> <span class='ocrx_word' id='word_1_576' title='bbox 1795 3783 1932 3853; x_wconf 79' lang='lat' dir='ltr'><strong>dureris,</strong></span> <span class='ocrx_word' id='word_1_577' title='bbox 1951 3784 1976 3838; x_wconf 90' lang='lat' dir='ltr'><strong>si</strong></span> 
     </span>
     <span class='ocr_line' id='line_1_42' title="bbox 281 3865 1974 3943; baseline 0.004 -24"><span class='ocrx_word' id='word_1_578' title='bbox 281 3872 357 3920; x_wconf 85' lang='lat' dir='ltr'><strong>rant.</strong></span> <span class='ocrx_word' id='word_1_579' title='bbox 395 3865 544 3932; x_wconf 79' lang='lat' dir='ltr'><strong>Quaeritur</strong></span> <span class='ocrx_word' id='word_1_580' title='bbox 561 3866 685 3930; x_wconf 85' lang='lat' dir='ltr'><strong>ulterius,</strong></span> <span class='ocrx_word' id='word_1_581' title='bbox 702 3884 790 3935; x_wconf 76' lang='lat' dir='ltr'><strong>quare</strong></span> <span class='ocrx_word' id='word_1_582' title='bbox 806 3868 931 3936; x_wconf 80' lang='lat' dir='ltr'><strong>episcopi</strong></span> <span class='ocrx_word' id='word_1_583' title='bbox 943 3886 998 3923; x_wconf 87' lang='lat' dir='ltr'><strong>non</strong></span> <span class='ocrx_word' id='word_1_584' title='bbox 1012 3877 1117 3938; x_wconf 85' lang='lat' dir='ltr'><strong>errant,</strong></span> <span class='ocrx_word' id='word_1_585' title='bbox 1143 3868 1207 3932; x_wconf 78' lang='lat' dir='ltr'><strong>tisri</strong></span> <span class='ocrx_word' id='word_1_586' title='bbox 1224 3874 1332 3937; x_wconf 84' lang='lat' dir='ltr'><strong>posset,</strong></span> <span class='ocrx_word' id='word_1_587' title='bbox 1359 3868 1442 3921; x_wconf 85' lang='lat' dir='ltr'><strong>etiam</strong></span> <span class='ocrx_word' id='word_1_588' title='bbox 1463 3868 1557 3936; x_wconf 87' lang='lat' dir='ltr'><strong>electi,</strong></span> <span class='ocrx_word' id='word_1_589' title='bbox 1584 3885 1639 3938; x_wconf 90' lang='lat' dir='ltr'><strong>quo</strong></span> <span class='ocrx_word' id='word_1_590' title='bbox 1656 3869 1866 3943; x_wconf 71' lang='lat' dir='ltr'><strong>nocrdsopsopoi</strong></span> <span class='ocrx_word' id='word_1_591' title='bbox 1883 3869 1974 3936; x_wconf 82' lang='lat' dir='ltr'><strong>innuit,</strong></span> 
     </span>
     <span class='ocr_line' id='line_1_43' title="bbox 282 3950 1974 4025; baseline 0.001 -18"><span class='ocrx_word' id='word_1_592' title='bbox 282 3950 446 4022; x_wconf 84' lang='lat' dir='ltr'><strong>respondet,</strong></span> <span class='ocrx_word' id='word_1_593' title='bbox 469 3951 535 4021; x_wconf 87' lang='lat' dir='ltr'><strong>quie</strong></span> <span class='ocrx_word' id='word_1_594' title='bbox 552 3952 685 4023; x_wconf 76' lang='lat' dir='ltr'><strong>pontisas</strong></span> <span class='ocrx_word' id='word_1_595' title='bbox 703 3952 849 4007; x_wconf 84' lang='lat' dir='ltr'><strong>Romanus</strong></span> <span class='ocrx_word' id='word_1_596' title='bbox 870 3953 979 4008; x_wconf 80' lang='lat' dir='ltr'><strong>Ctrtsn·</strong></span> <span class='ocrx_word' id='word_1_597' title='bbox 993 3955 1117 4009; x_wconf 66' lang='lat' dir='ltr'><strong>suadas</strong></span> <span class='ocrx_word' id='word_1_598' title='bbox 1143 3953 1266 4009; x_wconf 90' lang='lat' dir='ltr'><strong>Deum</strong></span> <span class='ocrx_word' id='word_1_599' title='bbox 1258 3972 1287 4008; x_wconf 86' lang='grc' dir='ltr'><strong>ιιι</strong></span> <span class='ocrx_word' id='word_1_600' title='bbox 1310 3952 1559 4023; x_wconf 85' lang='lat' dir='ltr'><strong>perturbatissimis</strong></span> <span class='ocrx_word' id='word_1_601' title='bbox 1586 3952 1719 4010; x_wconf 84' lang='lat' dir='ltr'><strong>ecclesiae</strong></span> <span class='ocrx_word' id='word_1_602' title='bbox 1736 3956 1911 4025; x_wconf 87' lang='lat' dir='ltr'><strong>temporibus</strong></span> <span class='ocrx_word' id='word_1_603' title='bbox 1927 3956 1974 4011; x_wconf 90' lang='lat' dir='ltr'><strong>sibi</strong></span> 
     </span>
     <span class='ocr_line' id='line_1_44' title="bbox 284 4037 1974 4110; baseline 0.003 -18"><span class='ocrx_word' id='word_1_604' title='bbox 284 4046 310 4092; x_wconf 91' lang='lat' dir='ltr'><strong>st</strong></span> <span class='ocrx_word' id='word_1_605' title='bbox 323 4038 406 4093; x_wconf 87' lang='lat' dir='ltr'><strong>Petri</strong></span> <span class='ocrx_word' id='word_1_606' title='bbox 416 4054 559 4093; x_wconf 76' lang='lat' dir='ltr'><strong>mccssscr</strong></span> <span class='ocrx_word' id='word_1_607' title='bbox 576 4055 632 4093; x_wconf 86' lang='lat' dir='ltr'><strong>non</strong></span> <span class='ocrx_word' id='word_1_608' title='bbox 650 4046 743 4107; x_wconf 92' lang='lat' dir='ltr'><strong>errat,·</strong></span> <span class='ocrx_word' id='word_1_609' title='bbox 761 4053 795 4092; x_wconf 88' lang='lat' dir='ltr'><strong>eo</strong></span> <span class='ocrx_word' id='word_1_610' title='bbox 814 4037 886 4092; x_wconf 89' lang='lat' dir='ltr'><strong>enirn</strong></span> <span class='ocrx_word' id='word_1_611' title='bbox 904 4039 1017 4096; x_wconf 82' lang='lat' dir='ltr'><strong>tandem</strong></span> <span class='ocrx_word' id='word_1_612' title='bbox 1036 4041 1116 4096; x_wconf 88' lang='lat' dir='ltr'><strong>devs·</strong></span> <span class='ocrx_word' id='word_1_613' title='bbox 1143 4055 1253 4110; x_wconf 89' lang='lat' dir='ltr'><strong>semper</strong></span> <span class='ocrx_word' id='word_1_614' title='bbox 1270 4055 1433 4094; x_wconf 85' lang='lat' dir='ltr'><strong>conservare</strong></span> <span class='ocrx_word' id='word_1_615' title='bbox 1450 4038 1558 4109; x_wconf 85' lang='lat' dir='ltr'><strong>aliquos</strong></span> <span class='ocrx_word' id='word_1_616' title='bbox 1575 4039 1686 4102; x_wconf 90' lang='lat' dir='ltr'><strong>electos,</strong></span> <span class='ocrx_word' id='word_1_617' title='bbox 1706 4038 1755 4110; x_wconf 87' lang='lat' dir='ltr'><strong>qui</strong></span> <span class='ocrx_word' id='word_1_618' title='bbox 1767 4041 1908 4098; x_wconf 86' lang='lat' dir='ltr'><strong>erroribus</strong></span> <span class='ocrx_word' id='word_1_619' title='bbox 1919 4042 1974 4097; x_wconf 80' lang='lat' dir='ltr'><strong>tun</strong></span> 
     </span>
     <span class='ocr_line' id='line_1_45' title="bbox 281 4123 1974 4196; baseline 0.002 -17"><span class='ocrx_word' id='word_1_620' title='bbox 281 4124 427 4194; x_wconf 88' lang='lat' dir='ltr'><strong>niendntn,</strong></span> <span class='ocrx_word' id='word_1_621' title='bbox 451 4131 484 4180; x_wconf 93' lang='lat' dir='ltr'><strong>ut</strong></span> <span class='ocrx_word' id='word_1_622' title='bbox 499 4125 669 4196; x_wconf 86' lang='lat' dir='ltr'><strong>praecedens</strong></span> <span class='ocrx_word' id='word_1_623' title='bbox 688 4123 810 4195; x_wconf 83' lang='lat' dir='ltr'><strong>analysis</strong></span> <span class='ocrx_word' id='word_1_624' title='bbox 828 4124 973 4181; x_wconf 85' lang='lat' dir='ltr'><strong>manifeste</strong></span> <span class='ocrx_word' id='word_1_625' title='bbox 988 4127 1116 4182; x_wconf 86' lang='lat' dir='ltr'><strong>ostendit</strong></span> <span class='ocrx_word' id='word_1_626' title='bbox 1144 4125 1304 4180; x_wconf 78' lang='lat' dir='ltr'><strong>dementum</strong></span> <span class='ocrx_word' id='word_1_627' title='bbox 1323 4124 1421 4179; x_wconf 86' lang='lat' dir='ltr'><strong>salutis</strong></span> <span class='ocrx_word' id='word_1_628' title='bbox 1441 4124 1629 4181; x_wconf 85' lang='lat' dir='ltr'><strong>evertentibus</strong></span> <span class='ocrx_word' id='word_1_629' title='bbox 1646 4141 1702 4180; x_wconf 89' lang='lat' dir='ltr'><strong>non</strong></span> <span class='ocrx_word' id='word_1_630' title='bbox 1719 4125 1912 4195; x_wconf 84' lang='lat' dir='ltr'><strong>involvantur,</strong></span> <span class='ocrx_word' id='word_1_631' title='bbox 1934 4129 1974 4183; x_wconf 86' lang='lat' dir='ltr'><strong>vel</strong></span> 
     </span>
     <span class='ocr_line' id='line_1_46' title="bbox 280 4209 1973 4283; baseline 0.001 -17"><span class='ocrx_word' id='word_1_632' title='bbox 280 4210 345 4266; x_wconf 87' lang='lat' dir='ltr'><strong>Jarn</strong></span> <span class='ocrx_word' id='word_1_633' title='bbox 360 4227 425 4265; x_wconf 89' lang='lat' dir='ltr'><strong>vero</strong></span> <span class='ocrx_word' id='word_1_634' title='bbox 441 4210 489 4266; x_wconf 91' lang='lat' dir='ltr'><strong>lib.</strong></span> <span class='ocrx_word' id='word_1_635' title='bbox 508 4215 532 4265; x_wconf 83' lang='lat'><strong>3.</strong></span> <span class='ocrx_word' id='word_1_636' title='bbox 549 4210 584 4265; x_wconf 90' lang='lat' dir='ltr'><strong>dc</strong></span> <span class='ocrx_word' id='word_1_637' title='bbox 601 4210 698 4265; x_wconf 88' lang='lat' dir='ltr'><strong>eccles.</strong></span> <span class='ocrx_word' id='word_1_638' title='bbox 717 4227 741 4267; x_wconf 91' lang='lat' dir='ltr'><strong>c.</strong></span> <span class='ocrx_word' id='word_1_639' title='bbox 756 4215 794 4266; x_wconf 92' lang='grc'><strong>10.</strong></span> <span class='ocrx_word' id='word_1_640' title='bbox 812 4211 950 4266; x_wconf 88' lang='lat' dir='ltr'><strong>contrario</strong></span> <span class='ocrx_word' id='word_1_641' title='bbox 961 4212 1043 4268; x_wconf 88' lang='lat' dir='ltr'><strong>modo</strong></span> <span class='ocrx_word' id='word_1_642' title='bbox 1053 4230 1115 4283; x_wconf 89' lang='lat' dir='ltr'><strong>pro·</strong></span> <span class='ocrx_word' id='word_1_643' title='bbox 1142 4217 1216 4266; x_wconf 87' lang='lat' dir='ltr'><strong>certe</strong></span> <span class='ocrx_word' id='word_1_644' title='bbox 1233 4210 1354 4266; x_wconf 88' lang='lat' dir='ltr'><strong>finaliter</strong></span> <span class='ocrx_word' id='word_1_645' title='bbox 1369 4210 1399 4264; x_wconf 92' lang='lat' dir='ltr'><strong>in</strong></span> <span class='ocrx_word' id='word_1_646' title='bbox 1410 4209 1466 4264; x_wconf 89' lang='lat' dir='ltr'><strong>illis</strong></span> <span class='ocrx_word' id='word_1_647' title='bbox 1478 4226 1533 4264; x_wconf 93' lang='lat' dir='ltr'><strong>non</strong></span> <span class='ocrx_word' id='word_1_648' title='bbox 1544 4215 1729 4281; x_wconf 85' lang='lat' dir='ltr'><strong>perseverent,</strong></span> <span class='ocrx_word' id='word_1_649' title='bbox 1744 4210 1811 4266; x_wconf 90' lang='lat' dir='ltr'><strong>licet</strong></span> <span class='ocrx_word' id='word_1_650' title='bbox 1821 4229 1928 4271; x_wconf 86' lang='lat' dir='ltr'><strong>errores</strong></span> <span class='ocrx_word' id='word_1_651' title='bbox 1939 4214 1973 4269; x_wconf 90' lang='lat' dir='ltr'><strong>illi</strong></span> 
     </span>
     <span class='ocr_line' id='line_1_47' title="bbox 282 4295 1973 4368; baseline 0.001 -17"><span class='ocrx_word' id='word_1_652' title='bbox 282 4295 363 4363; x_wconf 89' lang='lat' dir='ltr'><strong>cedit,</strong></span> <span class='ocrx_word' id='word_1_653' title='bbox 381 4296 525 4366; x_wconf 87' lang='lat' dir='ltr'><strong>episcopos</strong></span> <span class='ocrx_word' id='word_1_654' title='bbox 543 4297 649 4352; x_wconf 89' lang='lat' dir='ltr'><strong>scilicet</strong></span> <span class='ocrx_word' id='word_1_655' title='bbox 665 4312 720 4351; x_wconf 93' lang='lat' dir='ltr'><strong>non</strong></span> <span class='ocrx_word' id='word_1_656' title='bbox 734 4313 835 4364; x_wconf 86' lang='lat' dir='ltr'><strong>errare,</strong></span> <span class='ocrx_word' id='word_1_657' title='bbox 854 4296 1116 4368; x_wconf 87' lang='lat' dir='ltr'><strong>quiaecclssianon</strong></span> <span class='ocrx_word' id='word_1_658' title='bbox 1143 4297 1304 4368; x_wconf 78' lang='lat' dir='ltr'><strong>cataclysmi</strong></span> <span class='ocrx_word' id='word_1_659' title='bbox 1327 4297 1414 4351; x_wconf 88' lang='lat' dir='ltr'><strong>instar</strong></span> <span class='ocrx_word' id='word_1_660' title='bbox 1435 4295 1554 4350; x_wconf 89' lang='lat' dir='ltr'><strong>visibilis</strong></span> <span class='ocrx_word' id='word_1_661' title='bbox 1579 4296 1712 4353; x_wconf 85' lang='lat' dir='ltr'><strong>ecclesiae</strong></span> <span class='ocrx_word' id='word_1_662' title='bbox 1730 4298 1915 4355; x_wconf 87' lang='lat' dir='ltr'><strong>ministerium</strong></span> <span class='ocrx_word' id='word_1_663' title='bbox 1931 4300 1973 4354; x_wconf 90' lang='lat' dir='ltr'><strong>ob—</strong></span> 
     </span>
     <span class='ocr_line' id='line_1_48' title="bbox 281 4379 1975 4453; baseline 0.005 -19"><span class='ocrx_word' id='word_1_664' title='bbox 281 4387 362 4435; x_wconf 85' lang='lat' dir='ltr'><strong>erret.</strong></span> <span class='ocrx_word' id='word_1_665' title='bbox 397 4379 444 4436; x_wconf 92' lang='lat' dir='ltr'><strong>Sic</strong></span> <span class='ocrx_word' id='word_1_666' title='bbox 466 4382 539 4436; x_wconf 90' lang='lat' dir='ltr'><strong>enim</strong></span> <span class='ocrx_word' id='word_1_667' title='bbox 560 4381 671 4438; x_wconf 69' lang='lat' dir='ltr'><strong>scribite</strong></span> <span class='ocrx_word' id='word_1_668' title='bbox 695 4384 732 4437; x_wconf 84' lang='lat' dir='ltr'><strong>In</strong></span> <span class='ocrx_word' id='word_1_669' title='bbox 754 4384 894 4453; x_wconf 86' lang='lat' dir='ltr'><strong>episcopis</strong></span> <span class='ocrx_word' id='word_1_670' title='bbox 915 4392 1036 4453; x_wconf 86' lang='lat' dir='ltr'><strong>possunt</strong></span> <span class='ocrx_word' id='word_1_671' title='bbox 1058 4387 1115 4438; x_wconf 91' lang='lat' dir='ltr'><strong>duo</strong></span> <span class='ocrx_word' id='word_1_672' title='bbox 1142 4389 1231 4439; x_wconf 83' lang='lat' dir='ltr'><strong>ruent.</strong></span> <span class='ocrx_word' id='word_1_673' title='bbox 1268 4390 1292 4438; x_wconf 87' lang='grc'><strong>3.</strong></span> <span class='ocrx_word' id='word_1_674' title='bbox 1312 4381 1436 4437; x_wconf 81' lang='lat' dir='ltr'><strong>Christus</strong></span> <span class='ocrx_word' id='word_1_675' title='bbox 1453 4381 1606 4452; x_wconf 88' lang='lat' dir='ltr'><strong>promittit,</strong></span> <span class='ocrx_word' id='word_1_676' title='bbox 1623 4398 1654 4437; x_wconf 90' lang='lat' dir='ltr'><strong>se</strong></span> <span class='ocrx_word' id='word_1_677' title='bbox 1674 4381 1828 4438; x_wconf 81' lang='lat' dir='ltr'><strong>affuturum</strong></span> <span class='ocrx_word' id='word_1_678' title='bbox 1846 4387 1975 4442; x_wconf 85' lang='lat' dir='ltr'><strong>ecclesiae</strong></span> 
     </span>
     <span class='ocr_line' id='line_1_49' title="bbox 280 4459 1973 4541; baseline 0.004 -21"><span class='ocrx_word' id='word_1_679' title='bbox 280 4468 464 4521; x_wconf 82' lang='lat' dir='ltr'><strong>considerari.</strong></span> <span class='ocrx_word' id='word_1_680' title='bbox 500 4469 599 4522; x_wconf 88' lang='lat' dir='ltr'><strong>Primo</strong></span> <span class='ocrx_word' id='word_1_681' title='bbox 620 4471 697 4538; x_wconf 77' lang='lat' dir='ltr'><strong>quod</strong></span> <span class='ocrx_word' id='word_1_682' title='bbox 714 4469 806 4523; x_wconf 88' lang='lat' dir='ltr'><strong>locum</strong></span> <span class='ocrx_word' id='word_1_683' title='bbox 826 4469 1072 4541; x_wconf 72' lang='lat' dir='ltr'><strong>Cbristt&#39;tencant,</strong></span> <span class='ocrx_word' id='word_1_684' title='bbox 1090 4479 1117 4526; x_wconf 92' lang='lat' dir='ltr'><strong>et</strong></span> <span class='ocrx_word' id='word_1_685' title='bbox 1141 4486 1228 4539; x_wconf 79' lang='lat' dir='ltr'><strong>usque</strong></span> <span class='ocrx_word' id='word_1_686' title='bbox 1251 4469 1293 4521; x_wconf 89' lang='lat' dir='ltr'><strong>ad</strong></span> <span class='ocrx_word' id='word_1_687' title='bbox 1311 4459 1575 4523; x_wconf 64' lang='lat' dir='ltr'><strong>comminationem</strong></span> <span class='ocrx_word' id='word_1_688' title='bbox 1596 4469 1686 4523; x_wconf 86' lang='lat' dir='ltr'><strong>seculi</strong></span> <span class='ocrx_word' id='word_1_689' title='bbox 1703 4469 1804 4525; x_wconf 80' lang='lat' dir='ltr'><strong>Mntth.</strong></span> <span class='ocrx_word' id='word_1_690' title='bbox 1822 4476 1871 4540; x_wconf 86' lang='grc'><strong>28,</strong></span> <span class='ocrx_word' id='word_1_691' title='bbox 1892 4491 1918 4526; x_wconf 82' lang='lat' dir='ltr'><strong>v.</strong></span> <span class='ocrx_word' id='word_1_692' title='bbox 1936 4478 1973 4527; x_wconf 87' lang='grc'><strong>20.</strong></span> 
     </span>
     <span class='ocr_line' id='line_1_50' title="bbox 280 4553 1974 4630; baseline 0.004 -23"><span class='ocrx_word' id='word_1_693' title='bbox 280 4555 525 4630; x_wconf 79' lang='lat' dir='ltr'><strong>quodpropterea</strong></span> <span class='ocrx_word' id='word_1_694' title='bbox 544 4555 691 4608; x_wconf 82' lang='lat' dir='ltr'><strong>debeamus</strong></span> <span class='ocrx_word' id='word_1_695' title='bbox 707 4555 768 4609; x_wconf 88' lang='lat' dir='ltr'><strong>illis</strong></span> <span class='ocrx_word' id='word_1_696' title='bbox 785 4556 978 4625; x_wconf 86' lang='lat' dir='ltr'><strong>obedientiam,</strong></span> <span class='ocrx_word' id='word_1_697' title='bbox 996 4565 1022 4610; x_wconf 90' lang='lat' dir='ltr'><strong>st</strong></span> <span class='ocrx_word' id='word_1_698' title='bbox 1039 4561 1117 4626; x_wconf 75' lang='lat' dir='ltr'><strong>quod</strong></span> <span class='ocrx_word' id='word_1_699' title='bbox 1142 4573 1175 4610; x_wconf 87' lang='lat' dir='ltr'><strong>ao</strong></span> <span class='ocrx_word' id='word_1_700' title='bbox 1189 4553 1330 4624; x_wconf 87' lang='lat' dir='ltr'><strong>apostolus</strong></span> <span class='ocrx_word' id='word_1_701' title='bbox 1344 4561 1459 4607; x_wconf 86' lang='lat' dir='ltr'><strong>mortem</strong></span> <span class='ocrx_word' id='word_1_702' title='bbox 1469 4555 1592 4608; x_wconf 79' lang='lat' dir='ltr'><strong>Domini</strong></span> <span class='ocrx_word' id='word_1_703' title='bbox 1602 4556 1770 4610; x_wconf 67' lang='lat' dir='ltr'><strong>annumiors</strong></span> <span class='ocrx_word' id='word_1_704' title='bbox 1778 4555 1869 4626; x_wconf 87' lang='lat' dir='ltr'><strong>jubet,</strong></span> <span class='ocrx_word' id='word_1_705' title='bbox 1891 4561 1974 4613; x_wconf 80' lang='lat' dir='ltr'><strong>donst</strong></span> 
     </span>
     <span class='ocr_line' id='line_1_51' title="bbox 279 4639 1974 4711; baseline 0.003 -19"><span class='ocrx_word' id='word_1_706' title='bbox 279 4640 337 4708; x_wconf 82' lang='lat' dir='ltr'><strong>spei</strong></span> <span class='ocrx_word' id='word_1_707' title='bbox 352 4657 408 4695; x_wconf 88' lang='lat' dir='ltr'><strong>non</strong></span> <span class='ocrx_word' id='word_1_708' title='bbox 423 4640 535 4710; x_wconf 81' lang='lat' dir='ltr'><strong>possint</strong></span> <span class='ocrx_word' id='word_1_709' title='bbox 553 4657 604 4695; x_wconf 84' lang='lat' dir='ltr'><strong>nos</strong></span> <span class='ocrx_word' id='word_1_710' title='bbox 622 4642 752 4711; x_wconf 80' lang='lat' dir='ltr'><strong>decipere</strong></span> <span class='ocrx_word' id='word_1_711' title='bbox 765 4642 853 4710; x_wconf 83' lang='lat' dir='ltr'><strong>iniis,</strong></span> <span class='ocrx_word' id='word_1_712' title='bbox 871 4644 1115 4711; x_wconf 72' lang='lat' dir='ltr'><strong>qsmenccsssuria</strong></span> <span class='ocrx_word' id='word_1_713' title='bbox 1142 4641 1341 4710; x_wconf 84' lang='lat' dir='ltr'><strong>adjudicium</strong></span> <span class='ocrx_word' id='word_1_714' title='bbox 1357 4639 1452 4694; x_wconf 82' lang='lat' dir='ltr'><strong>ueniat</strong></span> <span class='ocrx_word' id='word_1_715' title='bbox 1478 4646 1501 4697; x_wconf 95' lang='grc'><strong>1.</strong></span> <span class='ocrx_word' id='word_1_716' title='bbox 1521 4639 1584 4696; x_wconf 79' lang='lat' dir='ltr'><strong>(lor.</strong></span> <span class='ocrx_word' id='word_1_717' title='bbox 1607 4647 1651 4710; x_wconf 83' lang='grc'><strong>11,</strong></span> <span class='ocrx_word' id='word_1_718' title='bbox 1676 4659 1701 4697; x_wconf 82' lang='lat' dir='ltr'><strong>v.</strong></span> <span class='ocrx_word' id='word_1_719' title='bbox 1719 4646 1762 4697; x_wconf 81' lang='lat'><strong>26.</strong></span> <span class='ocrx_word' id='word_1_720' title='bbox 1798 4643 1908 4709; x_wconf 85' lang='lat' dir='ltr'><strong>Quodsi</strong></span> <span class='ocrx_word' id='word_1_721' title='bbox 1929 4643 1974 4699; x_wconf 87' lang='lat' dir='ltr'><strong>ali·</strong></span> 
     </span>
     <span class='ocr_line' id='line_1_52' title="bbox 279 4727 1976 4801; baseline 0.002 -22"><span class='ocrx_word' id='word_1_722' title='bbox 279 4733 343 4779; x_wconf 84' lang='lat' dir='ltr'><strong>sunt</strong></span> <span class='ocrx_word' id='word_1_723' title='bbox 362 4727 548 4782; x_wconf 81' lang='lat' dir='ltr'><strong>adsalutem.</strong></span> <span class='ocrx_word' id='word_1_724' title='bbox 576 4728 706 4783; x_wconf 72' lang='lat' dir='ltr'><strong>Secundo</strong></span> <span class='ocrx_word' id='word_1_725' title='bbox 723 4731 802 4797; x_wconf 76' lang='lat' dir='ltr'><strong>quod</strong></span> <span class='ocrx_word' id='word_1_726' title='bbox 816 4729 937 4783; x_wconf 76' lang='lat' dir='ltr'><strong>babeant</strong></span> <span class='ocrx_word' id='word_1_727' title='bbox 948 4736 1115 4798; x_wconf 87' lang='lat' dir='ltr'><strong>potestatem</strong></span> <span class='ocrx_word' id='word_1_728' title='bbox 1141 4728 1253 4800; x_wconf 84' lang='lat' dir='ltr'><strong>qnando</strong></span> <span class='ocrx_word' id='word_1_729' title='bbox 1272 4727 1350 4782; x_wconf 84' lang='lat' dir='ltr'><strong>nulls</strong></span> <span class='ocrx_word' id='word_1_730' title='bbox 1372 4741 1486 4798; x_wconf 89' lang='lat' dir='ltr'><strong>prorsus</strong></span> <span class='ocrx_word' id='word_1_731' title='bbox 1506 4728 1657 4783; x_wconf 86' lang='lat' dir='ltr'><strong>electorum</strong></span> <span class='ocrx_word' id='word_1_732' title='bbox 1675 4728 1793 4785; x_wconf 82' lang='lat' dir='ltr'><strong>ecclesia</strong></span> <span class='ocrx_word' id='word_1_733' title='bbox 1811 4736 1976 4801; x_wconf 86' lang='lat' dir='ltr'><strong>superesset,</strong></span> 
     </span>
     <span class='ocr_line' id='line_1_53' title="bbox 280 4812 1976 4887; baseline 0.005 -22"><span class='ocrx_word' id='word_1_734' title='bbox 280 4813 391 4866; x_wconf 79' lang='lat' dir='ltr'><strong>ordinis</strong></span> <span class='ocrx_word' id='word_1_735' title='bbox 416 4819 443 4867; x_wconf 91' lang='lat' dir='ltr'><strong>et</strong></span> <span class='ocrx_word' id='word_1_736' title='bbox 465 4812 684 4880; x_wconf 75' lang='lat' dir='ltr'><strong>irsrisdictionis.</strong></span> <span class='ocrx_word' id='word_1_737' title='bbox 722 4812 757 4867; x_wconf 81' lang='lat' dir='ltr'><strong>Si</strong></span> <span class='ocrx_word' id='word_1_738' title='bbox 774 4815 870 4882; x_wconf 87' lang='lat' dir='ltr'><strong>primo</strong></span> <span class='ocrx_word' id='word_1_739' title='bbox 887 4816 972 4868; x_wconf 86' lang='lat' dir='ltr'><strong>modo</strong></span> <span class='ocrx_word' id='word_1_740' title='bbox 990 4818 1115 4871; x_wconf 84' lang='lat' dir='ltr'><strong>conside·</strong></span> <span class='ocrx_word' id='word_1_741' title='bbox 1141 4830 1213 4886; x_wconf 86' lang='lat' dir='ltr'><strong>quae</strong></span> <span class='ocrx_word' id='word_1_742' title='bbox 1230 4813 1443 4868; x_wconf 85' lang='lat' dir='ltr'><strong>fundumentum</strong></span> <span class='ocrx_word' id='word_1_743' title='bbox 1462 4814 1561 4869; x_wconf 87' lang='lat' dir='ltr'><strong>salutis</strong></span> <span class='ocrx_word' id='word_1_744' title='bbox 1574 4815 1712 4882; x_wconf 86' lang='lat' dir='ltr'><strong>retineret,</strong></span> <span class='ocrx_word' id='word_1_745' title='bbox 1730 4815 1976 4887; x_wconf 84' lang='lat' dir='ltr'><strong>interrumperetur</strong></span> 
     </span>
     <span class='ocr_line' id='line_1_54' title="bbox 279 4898 1975 4972; baseline 0.003 -19"><span class='ocrx_word' id='word_1_746' title='bbox 279 4906 385 4967; x_wconf 85' lang='lat' dir='ltr'><strong>rentur,</strong></span> <span class='ocrx_word' id='word_1_747' title='bbox 407 4898 479 4953; x_wconf 85' lang='lat' dir='ltr'><strong>certi</strong></span> <span class='ocrx_word' id='word_1_748' title='bbox 494 4916 589 4953; x_wconf 72' lang='lat' dir='ltr'><strong>mnus</strong></span> <span class='ocrx_word' id='word_1_749' title='bbox 606 4899 774 4953; x_wconf 68' lang='lat' dir='ltr'><strong>contudisse</strong></span> <span class='ocrx_word' id='word_1_750' title='bbox 793 4900 954 4970; x_wconf 80' lang='lat' dir='ltr'><strong>infallibili,</strong></span> <span class='ocrx_word' id='word_1_751' title='bbox 971 4905 1049 4972; x_wconf 75' lang='lat' dir='ltr'><strong>puod</strong></span> <span class='ocrx_word' id='word_1_752' title='bbox 1059 4904 1116 4972; x_wconf 85' lang='lat' dir='ltr'><strong>isti,</strong></span> <span class='ocrx_word' id='word_1_753' title='bbox 1142 4901 1212 4955; x_wconf 85' lang='lat' dir='ltr'><strong>haec</strong></span> <span class='ocrx_word' id='word_1_754' title='bbox 1232 4898 1334 4955; x_wconf 82' lang='lat' dir='ltr'><strong>Christi</strong></span> <span class='ocrx_word' id='word_1_755' title='bbox 1360 4900 1436 4970; x_wconf 85' lang='lat' dir='ltr'><strong>apud</strong></span> <span class='ocrx_word' id='word_1_756' title='bbox 1461 4899 1606 4956; x_wconf 86' lang='lat' dir='ltr'><strong>ecclesiam</strong></span> <span class='ocrx_word' id='word_1_757' title='bbox 1622 4899 1781 4971; x_wconf 80' lang='lat' dir='ltr'><strong>praesentia</strong></span> <span class='ocrx_word' id='word_1_758' title='bbox 1797 4907 1827 4956; x_wconf 88' lang='lat' dir='ltr'><strong>et</strong></span> <span class='ocrx_word' id='word_1_759' title='bbox 1844 4901 1975 4958; x_wconf 77' lang='lat' dir='ltr'><strong>efficada</strong></span> 
     </span>
     <span class='ocr_line' id='line_1_55' title="bbox 279 4985 1975 5058; baseline 0.002 -19"><span class='ocrx_word' id='word_1_760' title='bbox 279 5001 349 5053; x_wconf 75' lang='lat' dir='ltr'><strong>quos</strong></span> <span class='ocrx_word' id='word_1_761' title='bbox 365 4985 506 5051; x_wconf 85' lang='lat' dir='ltr'><strong>uidemus,</strong></span> <span class='ocrx_word' id='word_1_762' title='bbox 530 4985 587 5038; x_wconf 88' lang='lat' dir='ltr'><strong>sint</strong></span> <span class='ocrx_word' id='word_1_763' title='bbox 604 4986 666 5039; x_wconf 86' lang='lat' dir='ltr'><strong>ueri</strong></span> <span class='ocrx_word' id='word_1_764' title='bbox 682 4986 809 5056; x_wconf 68' lang='lat' dir='ltr'><strong>episcopi</strong></span> <span class='ocrx_word' id='word_1_765' title='bbox 824 4994 851 5041; x_wconf 90' lang='lat' dir='ltr'><strong>et</strong></span> <span class='ocrx_word' id='word_1_766' title='bbox 865 4994 998 5056; x_wconf 87' lang='lat' dir='ltr'><strong>pastores</strong></span> <span class='ocrx_word' id='word_1_767' title='bbox 1016 4989 1115 5044; x_wconf 70' lang='lat' dir='ltr'><strong>narni.</strong></span> <span class='ocrx_word' id='word_1_768' title='bbox 1144 4987 1205 5051; x_wconf 90' lang='lat' dir='ltr'><strong>Quo</strong></span> <span class='ocrx_word' id='word_1_769' title='bbox 1224 4986 1365 5057; x_wconf 89' lang='lat' dir='ltr'><strong>pertinent</strong></span> <span class='ocrx_word' id='word_1_770' title='bbox 1382 4987 1486 5044; x_wconf 89' lang='lat' dir='ltr'><strong>similes</strong></span> <span class='ocrx_word' id='word_1_771' title='bbox 1502 4988 1698 5058; x_wconf 89' lang='lat' dir='ltr'><strong>promissiones</strong></span> <span class='ocrx_word' id='word_1_772' title='bbox 1717 4989 1896 5058; x_wconf 88' lang='lat' dir='ltr'><strong>postmodum</strong></span> <span class='ocrx_word' id='word_1_773' title='bbox 1915 5005 1975 5045; x_wconf 91' lang='lat' dir='ltr'><strong>enn-</strong></span> 
     </span>
     <span class='ocr_line' id='line_1_56' title="bbox 277 5062 1976 5146; baseline 0.001 -20"><span class='ocrx_word' id='word_1_774' title='bbox 277 5062 356 5126; x_wconf 82' lang='lat' dir='ltr'><strong>Nam</strong></span> <span class='ocrx_word' id='word_1_775' title='bbox 374 5072 416 5125; x_wconf 87' lang='lat' dir='ltr'><strong>ad</strong></span> <span class='ocrx_word' id='word_1_776' title='bbox 432 5072 484 5126; x_wconf 85' lang='lat' dir='ltr'><strong>boc</strong></span> <span class='ocrx_word' id='word_1_777' title='bbox 500 5089 557 5124; x_wconf 86' lang='lat' dir='ltr'><strong>non</strong></span> <span class='ocrx_word' id='word_1_778' title='bbox 572 5072 730 5140; x_wconf 77' lang='lat' dir='ltr'><strong>requiritur</strong></span> <span class='ocrx_word' id='word_1_779' title='bbox 745 5089 795 5128; x_wconf 88' lang='lat' dir='ltr'><strong>nec</strong></span> <span class='ocrx_word' id='word_1_780' title='bbox 806 5074 893 5141; x_wconf 82' lang='lat' dir='ltr'><strong>fides,</strong></span> <span class='ocrx_word' id='word_1_781' title='bbox 910 5074 1116 5129; x_wconf 71' lang='lat' dir='ltr'><strong>mebaracter</strong></span> <span class='ocrx_word' id='word_1_782' title='bbox 1145 5072 1301 5130; x_wconf 83' lang='lat' dir='ltr'><strong>merendae.</strong></span> <span class='ocrx_word' id='word_1_783' title='bbox 1344 5080 1368 5130; x_wconf 85' lang='grc'><strong>1.</strong></span> <span class='ocrx_word' id='word_1_784' title='bbox 1392 5073 1561 5143; x_wconf 85' lang='lat' dir='ltr'><strong>Ubicunque</strong></span> <span class='ocrx_word' id='word_1_785' title='bbox 1586 5072 1796 5130; x_wconf 82' lang='lat' dir='ltr'><strong>administratur</strong></span> <span class='ocrx_word' id='word_1_786' title='bbox 1824 5074 1976 5146; x_wconf 84' lang='lat' dir='ltr'><strong>baptismus</strong></span> 
     </span>
     <span class='ocr_line' id='line_1_57' title="bbox 280 5157 1977 5231; baseline 0.002 -22"><span class='ocrx_word' id='word_1_787' title='bbox 280 5158 404 5223; x_wconf 88' lang='lat' dir='ltr'><strong>ordinis,</strong></span> <span class='ocrx_word' id='word_1_788' title='bbox 422 5174 472 5212; x_wconf 88' lang='lat' dir='ltr'><strong>nec</strong></span> <span class='ocrx_word' id='word_1_789' title='bbox 491 5157 617 5225; x_wconf 79' lang='lat' dir='ltr'><strong>lepitima</strong></span> <span class='ocrx_word' id='word_1_790' title='bbox 635 5158 748 5227; x_wconf 64' lang='lat' dir='ltr'><strong>muto,</strong></span> <span class='ocrx_word' id='word_1_791' title='bbox 766 5160 818 5212; x_wconf 90' lang='lat' dir='ltr'><strong>sed</strong></span> <span class='ocrx_word' id='word_1_792' title='bbox 835 5157 927 5213; x_wconf 86' lang='lat' dir='ltr'><strong>solum</strong></span> <span class='ocrx_word' id='word_1_793' title='bbox 945 5167 977 5214; x_wconf 89' lang='lat' dir='ltr'><strong>ut</strong></span> <span class='ocrx_word' id='word_1_794' title='bbox 995 5160 1116 5215; x_wconf 82' lang='lat' dir='ltr'><strong>babean-</strong></span> <span class='ocrx_word' id='word_1_795' title='bbox 1142 5166 1172 5215; x_wconf 89' lang='lat' dir='ltr'><strong>et</strong></span> <span class='ocrx_word' id='word_1_796' title='bbox 1195 5159 1288 5231; x_wconf 86' lang='lat' dir='ltr'><strong>capita</strong></span> <span class='ocrx_word' id='word_1_797' title='bbox 1311 5159 1454 5217; x_wconf 85' lang='lat' dir='ltr'><strong>doctrinas</strong></span> <span class='ocrx_word' id='word_1_798' title='bbox 1477 5157 1647 5215; x_wconf 69' lang='lat' dir='ltr'><strong>anchorita</strong></span> <span class='ocrx_word' id='word_1_799' title='bbox 1663 5164 1777 5216; x_wconf 89' lang='lat' dir='ltr'><strong>manent</strong></span> <span class='ocrx_word' id='word_1_800' title='bbox 1792 5159 1917 5231; x_wconf 84' lang='lat' dir='ltr'><strong>reliqua,</strong></span> <span class='ocrx_word' id='word_1_801' title='bbox 1940 5160 1977 5215; x_wconf 91' lang='lat' dir='ltr'><strong>ibi</strong></span> 
     </span>
     <span class='ocr_line' id='line_1_58' title="bbox 278 5243 1977 5319; baseline 0.004 -24"><span class='ocrx_word' id='word_1_802' title='bbox 278 5250 324 5297; x_wconf 88' lang='lat' dir='ltr'><strong>tar</strong></span> <span class='ocrx_word' id='word_1_803' title='bbox 337 5261 395 5312; x_wconf 86' lang='lat' dir='ltr'><strong>pro</strong></span> <span class='ocrx_word' id='word_1_804' title='bbox 414 5244 516 5299; x_wconf 87' lang='lat' dir='ltr'><strong>talibus</strong></span> <span class='ocrx_word' id='word_1_805' title='bbox 533 5245 569 5298; x_wconf 89' lang='lat' dir='ltr'><strong>ab</strong></span> <span class='ocrx_word' id='word_1_806' title='bbox 589 5244 717 5300; x_wconf 69' lang='lat' dir='ltr'><strong>molesia</strong></span> <span class='ocrx_word' id='word_1_807' title='bbox 750 5246 819 5302; x_wconf 69' lang='lat' dir='ltr'><strong>ctam</strong></span> <span class='ocrx_word' id='word_1_808' title='bbox 837 5245 911 5299; x_wconf 65' lang='lat' dir='ltr'><strong>cmm</strong></span> <span class='ocrx_word' id='word_1_809' title='bbox 921 5245 979 5300; x_wconf 87' lang='lat' dir='ltr'><strong>sint</strong></span> <span class='ocrx_word' id='word_1_810' title='bbox 990 5245 1117 5317; x_wconf 83' lang='lat' dir='ltr'><strong>episcopi</strong></span> <span class='ocrx_word' id='word_1_811' title='bbox 1142 5248 1238 5319; x_wconf 91' lang='lat' dir='ltr'><strong>aliqua</strong></span> <span class='ocrx_word' id='word_1_812' title='bbox 1262 5247 1323 5303; x_wconf 91' lang='lat' dir='ltr'><strong>Deo</strong></span> <span class='ocrx_word' id='word_1_813' title='bbox 1348 5246 1489 5319; x_wconf 73' lang='lat' dir='ltr'><strong>colligitur</strong></span> <span class='ocrx_word' id='word_1_814' title='bbox 1512 5243 1643 5315; x_wconf 85' lang='lat' dir='ltr'><strong>ccclesia,</strong></span> <span class='ocrx_word' id='word_1_815' title='bbox 1669 5245 1736 5316; x_wconf 85' lang='lat' dir='ltr'><strong>quia</strong></span> <span class='ocrx_word' id='word_1_816' title='bbox 1761 5246 1919 5317; x_wconf 87' lang='lat' dir='ltr'><strong>baptismus</strong></span> <span class='ocrx_word' id='word_1_817' title='bbox 1939 5250 1977 5302; x_wconf 87' lang='lat' dir='ltr'><strong>est</strong></span> 
     </span>
     <span class='ocr_line' id='line_1_59' title="bbox 276 5327 1977 5404; baseline 0.001 -21"><span class='ocrx_word' id='word_1_818' title='bbox 276 5337 394 5398; x_wconf 85' lang='lat' dir='ltr'><strong>propter</strong></span> <span class='ocrx_word' id='word_1_819' title='bbox 411 5330 565 5399; x_wconf 63' lang='lat' dir='ltr'><strong>uoluunt,</strong></span> <span class='ocrx_word' id='word_1_820' title='bbox 582 5349 639 5387; x_wconf 89' lang='lat' dir='ltr'><strong>non</strong></span> <span class='ocrx_word' id='word_1_821' title='bbox 656 5339 757 5387; x_wconf 86' lang='lat' dir='ltr'><strong>contra</strong></span> <span class='ocrx_word' id='word_1_822' title='bbox 772 5333 855 5386; x_wconf 86' lang='lat' dir='ltr'><strong>Deus</strong></span> <span class='ocrx_word' id='word_1_823' title='bbox 872 5331 982 5388; x_wconf 87' lang='lat' dir='ltr'><strong>assistit</strong></span> <span class='ocrx_word' id='word_1_824' title='bbox 999 5333 1048 5397; x_wconf 87' lang='lat' dir='ltr'><strong>eis,</strong></span> <span class='ocrx_word' id='word_1_825' title='bbox 1067 5335 1116 5402; x_wconf 77' lang='lat' dir='ltr'><strong>oui</strong></span> <span class='ocrx_word' id='word_1_826' title='bbox 1142 5339 1345 5389; x_wconf 84' lang='lat' dir='ltr'><strong>sacramentum</strong></span> <span class='ocrx_word' id='word_1_827' title='bbox 1363 5327 1584 5401; x_wconf 80' lang='lat' dir='ltr'><strong>reponeralionis</strong></span> <span class='ocrx_word' id='word_1_828' title='bbox 1603 5349 1638 5386; x_wconf 92' lang='lat' dir='ltr'><strong>ac</strong></span> <span class='ocrx_word' id='word_1_829' title='bbox 1657 5332 1858 5399; x_wconf 72' lang='lat' dir='ltr'><strong>renotationis,</strong></span> <span class='ocrx_word' id='word_1_830' title='bbox 1876 5332 1977 5404; x_wconf 86' lang='lat' dir='ltr'><strong>Ephes.</strong></span> 
     </span>
     <span class='ocr_line' id='line_1_60' title="bbox 276 5415 1979 5490; baseline 0.006 -26"><span class='ocrx_word' id='word_1_831' title='bbox 276 5429 332 5481; x_wconf 85' lang='lat' dir='ltr'><strong>pro</strong></span> <span class='ocrx_word' id='word_1_832' title='bbox 352 5415 454 5470; x_wconf 85' lang='lat' dir='ltr'><strong>tutibsss</strong></span> <span class='ocrx_word' id='word_1_833' title='bbox 471 5417 617 5487; x_wconf 67' lang='lat' dir='ltr'><strong>babentun</strong></span> <span class='ocrx_word' id='word_1_834' title='bbox 635 5434 671 5473; x_wconf 89' lang='lat' dir='ltr'><strong>ne</strong></span> <span class='ocrx_word' id='word_1_835' title='bbox 691 5425 784 5472; x_wconf 69' lang='lat' dir='ltr'><strong>ensnt</strong></span> <span class='ocrx_word' id='word_1_836' title='bbox 801 5417 832 5471; x_wconf 87' lang='lat' dir='ltr'><strong>in</strong></span> <span class='ocrx_word' id='word_1_837' title='bbox 843 5417 963 5473; x_wconf 78' lang='lat' dir='ltr'><strong>tecleda</strong></span> <span class='ocrx_word' id='word_1_838' title='bbox 975 5419 1114 5475; x_wconf 74' lang='lat' dir='ltr'><strong>dmsndc.</strong></span> <span class='ocrx_word' id='word_1_839' title='bbox 1142 5427 1168 5490; x_wconf 83' lang='lat'><strong>5,</strong></span> <span class='ocrx_word' id='word_1_840' title='bbox 1186 5436 1212 5477; x_wconf 95' lang='lat' dir='ltr'><strong>v.</strong></span> <span class='ocrx_word' id='word_1_841' title='bbox 1230 5423 1272 5477; x_wconf 85' lang='grc'><strong>20.</strong></span> <span class='ocrx_word' id='word_1_842' title='bbox 1306 5418 1364 5477; x_wconf 77' lang='lat' dir='ltr'><strong>&#39;uic</strong></span> <span class='ocrx_word' id='word_1_843' title='bbox 1381 5420 1415 5489; x_wconf 82' lang='grc'><strong>0,</strong></span> <span class='ocrx_word' id='word_1_844' title='bbox 1431 5432 1459 5473; x_wconf 82' lang='lat' dir='ltr'><strong>s.</strong></span> <span class='ocrx_word' id='word_1_845' title='bbox 1477 5421 1503 5471; x_wconf 86' lang='lat' dir='ltr'><strong>b.</strong></span> <span class='ocrx_word' id='word_1_846' title='bbox 1518 5416 1601 5485; x_wconf 75' lang='lat' dir='ltr'><strong>cujus</strong></span> <span class='ocrx_word' id='word_1_847' title='bbox 1618 5417 1772 5490; x_wconf 76' lang='lat' dir='ltr'><strong>magnati</strong></span> <span class='ocrx_word' id='word_1_848' title='bbox 1791 5424 1820 5477; x_wconf 87' lang='lat' dir='ltr'><strong>et</strong></span> <span class='ocrx_word' id='word_1_849' title='bbox 1837 5417 1979 5474; x_wconf 80' lang='lat' dir='ltr'><strong>efficacias</strong></span> 
     </span>
     <span class='ocr_line' id='line_1_61' title="bbox 279 5496 1978 5595; baseline 0.005 -42"><span class='ocrx_word' id='word_1_850' title='bbox 279 5497 382 5568; x_wconf 68' lang='lat' dir='ltr'><strong>Itaque</strong></span> <span class='ocrx_word' id='word_1_851' title='bbox 404 5503 1114 5576; x_wconf 71' lang='lat' dir='ltr'><strong>motilliosricpiscopistpastoresaonsbso-</strong></span> <span class='ocrx_word' id='word_1_852' title='bbox 1140 5505 1212 5563; x_wconf 87' lang='lat' dir='ltr'><strong>nibil</strong></span> <span class='ocrx_word' id='word_1_853' title='bbox 1239 5502 1404 5595; x_wconf 60' lang='grc' dir='ltr'><strong>ςιὶᾱῃψ·</strong></span> <span class='ocrx_word' id='word_1_854' title='bbox 1422 5496 1535 5563; x_wconf 69' lang='lat' dir='ltr'><strong>desedit</strong></span> <span class='ocrx_word' id='word_1_855' title='bbox 1559 5518 1594 5558; x_wconf 79' lang='lat' dir='ltr'><strong>ex</strong></span> <span class='ocrx_word' id='word_1_856' title='bbox 1618 5502 1725 5560; x_wconf 70' lang='lat' dir='ltr'><strong>bsermi</strong></span> <span class='ocrx_word' id='word_1_857' title='bbox 1749 5502 1978 5575; x_wconf 63' lang='lat' dir='ltr'><strong>ominamur</strong></span> 
     </span>
    </p>
   </div>
   <div class='ocr_carea' id='block_1_3' title="bbox 0 0 2006 6020">
    <p class='ocr_par' dir='ltr' id='par_1_3' title="bbox 0 0 2006 6020">
     <span class='ocr_line' id='line_1_62' title="bbox 0 0 2006 6020; baseline 0 0"><span class='ocrx_word' id='word_1_858' title='bbox 0 0 2006 6020; x_wconf 95' lang='lat' dir='ltr'><strong> </strong></span> 
     </span>
    </p>
   </div>
  </div>
 </body>
</html>
