4004 6022
88 300 148 361 ιιι
659 270 1002 344 ιοιιιιιιιιιιιιιιιι
1021 286 1220 347 sucuunus

88 447 270 519 spondemus:
291 442 451 516 hujusmodi
469 441 601 498 vaticinia
618 441 648 496 in
658 440 803 514 prophetis
815 445 925 496 exstant
951 446 994 495 ιιι
1017 440 1086 495 iNud
1109 443 1213 513 ipsum,
1235 443 1309 514 quod
1327 443 1471 497 ecclesiam
1489 442 1558 498 facit
1576 442 1712 513 amplam,
1738 443 1793 497 uti·

87 532 169 603 longe
186 531 320 602 plurima,
344 530 393 584 scd
411 547 444 584 ex
462 529 517 584 illis
537 530 700 600 neutiquam
717 528 807 584 evinci
824 531 925 599 potest,
952 543 1007 597 que
1042 529 1130 600 magis
1166 535 1208 584 est
1245 534 1311 583 nota
1348 528 1481 583 ecclesiae
1511 545 1594 598 quarn
1624 529 1792 599 amplitudo.

88 617 299 688 amplitudinem
327 635 386 672 esse
405 615 545 687 propriam
564 622 592 670 et
610 621 773 687 perpetuam
791 613 924 668 ecelesiae
952 612 1136 685 Evangelium
1172 622 1214 669 est
1249 614 1392 685 spirituale
1424 614 1494 667 illud
1523 621 1552 669 ct
1579 614 1794 684 incorruptibile

88 709 196 773 notam,
229 708 251 757 1.
278 702 344 774 quia
366 702 437 758 haec
462 702 594 757 vaticinia
617 718 650 756 eo
673 700 847 771 potissimum
865 705 924 754 ten·
952 717 1060 769 semen,
1087 717 1120 755 ex
1147 718 1202 772 quo
1227 700 1343 755 diversis
1365 699 1394 754 in
1414 700 1481 757 locis
1498 707 1648 772 generatur
1665 700 1793 756 ecclesia

89 791 175 858 dunt,
206 789 280 860 quod
311 789 427 845 ccclesia
454 788 489 846 N.
515 788 548 842 T.
573 805 628 843 non
654 787 774 858 amplius
799 785 925 857 angustis
951 787 1027 859 Ergo
1058 787 1232 858 evangelium
1257 793 1298 843 est
1321 804 1419 856 causa,
1444 793 1476 841 ut
1499 787 1620 842 ecclesia
1642 787 1681 841 sit
1704 791 1733 843 et
1762 792 1795 842 ut

87 876 214 933 «iudaeae
237 875 371 930 limitibus
389 874 483 929 futura
501 875 538 930 sit
554 875 677 944 inclusa,
700 873 750 929 sed
766 890 817 945 per
835 876 924 927 totum
951 875 1045 944 ampla
1063 873 1112 941 sit,
1131 874 1247 944 proinde
1265 873 1349 929 etiam
1371 879 1413 929 est
1432 879 1500 928 nota
1518 874 1632 945 propria
1649 891 1684 930 ae
1702 873 1793 928 scien·

87 970 223 1019 terrarum
253 962 348 1016 orbem
377 961 568 1033 propaganda.
615 962 649 1016 Id
678 977 744 1015 vero
772 976 852 1015 nemo
875 976 923 1014 no·
950 959 1034 1014 tilica.
1057 958 1222 1031 Amplitudo
1241 965 1283 1015 est
1299 960 1435 1014 duntaxat
1447 959 1576 1014 accidens
1590 959 1734 1030 quoddam
1749 977 1792 1015 ec·

88 1038 302 1121 strum'negat,
335 1049 384 1103 sed
411 1048 559 1103 discrimen
588 1047 658 1102 illud
685 1047 755 1102 inter
778 1047 923 1101 ecclesiam
950 1046 1058 1114 clesiae,
1078 1063 1135 1101 non
1153 1045 1418 1118 quidemproprium
1433 1051 1462 1101 et
1473 1053 1648 1117 perpetuum,
1666 1046 1717 1101 sed
1730 1064 1791 1101 mu-

89 1136 125 1193 V.
142 1142 171 1191 et
189 1136 224 1192 N.
243 1136 275 1191 T.
293 1135 411 1191 libenter
428 1134 613 1208 agnoscimus.
644 1140 666 1189 2.
681 1133 753 1198 Quia
769 1133 838 1188 haec
855 1133 923 1188 vati·
949 1132 1035 1188 tabile
1060 1139 1089 1187 et
1108 1132 1278 1203 separabile,
1302 1131 1418 1203 proinde
1439 1132 1522 1186 etiam
1541 1149 1595 1187 non
1614 1137 1657 1187 est
1674 1133 1792 1204 propria

88 1223 162 1278 ninia
185 1221 346 1278 describunt
371 1227 473 1277 statum
499 1221 631 1276 ecclesiae
654 1219 687 1276 N.
707 1220 739 1275 T.
759 1237 814 1274 non
833 1219 923 1290 qualis
949 1226 978 1274 ct
994 1224 1129 1291 perpetua
1146 1224 1220 1274 nota.

88 1316 221 1379 perpetuo
246 1308 415 1362 futurust
378 1307 428 1377 sit,
455 1308 505 1362 sed
530 1306 620 1379 qualis
640 1311 764 1377 tempore
787 1306 923 1376 apostolo·
988 1312 1043 1361 184.
1080 1306 1238 1359 Memlrnm
1260 1306 1420 1358 accardum
1457 1304 1534 1360 Sitne
1552 1304 1681 1360 Romana
1700 1305 1833 1362 eccle-³¹
1821 1309 1881 1397 ¹⁰⁸⁰

90 1395 176 1449 lorum
197 1395 234 1449 sit
251 1395 375 1462 futurus,
405 1394 480 1467 quod
499 1394 605 1448 seilicet
622 1408 672 1464 per
690 1393 827 1464 evangelii
844 1410 922 1464 prac-
950 1394 991 1446 sia
1008 1391 1198 1463 amplissima?
1221 1392 1361 1460 Fatcmur,
1380 1391 1527 1446 ecclesiam
1544 1389 1700 1448 ιιοιιιιιιιιιιι
1720 1394 1792 1447 mul·
1804 1411 1885 1450 neclan

89 1480 256 1535 dicationem
279 1498 372 1535 omncs
394 1486 493 1553 gentes
518 1478 555 1539 ad
577 1496 693 1550 regnum
712 1477 812 1532 Christi
832 1484 860 1534 et
878 1495 922 1533 ec·
950 1485 992 1534 tas
1018 1496 1169 1550 occupasse
1194 1478 1320 1549 regiones
1345 1484 1374 1533 et
1400 1477 1555 1548 provincias
1582 1495 1614 1532 ac
1636 1495 1699 1534 esso
1721 1469 1832 1533 satis⁸¹¹
1803 1472 1885 1562 mx,

89 1566 189 1621 clcsiae
215 1566 382 1621 consortium
409 1566 465 1619 sint
490 1565 641 1620 vocandae.
688 1565 740 1619 llla
767 1564 875 1619 vocatio
896 1570 925 1620 ct
950 1565 1085 1636 amplam
1106 1565 1215 1620 interim
1233 1569 1326 1620 tamen
1346 1583 1402 1620 non
1420 1582 1454 1621 ea
1471 1565 1576 1636 gaudet
1592 1564 1791 1635 amphtudine,
1803 1563 1880 1606 Ilm

88 1651 135 1706 ιιιι
167 1670 298 1706 accursus
323 1651 447 1723 gentium
469 1651 505 1704 ad
533 1668 649 1722 regnum
674 1649 777 1705 Christi
799 1655 923 1720 temporo
949 1657 1165 1722 propterquam
1182 1667 1243 1705 esse
1261 1667 1295 1705 ac
1313 1650 1368 1704 dici
1387 1655 1525 1706 mereatur
1542 1667 1606 1706 vere
1624 1668 1658 1706 ac
1674 1650 1790 1722 pmprie

89 1738 276 1808 apostolorum
301 1745 365 1792 sunt
388 1737 539 1808 completa,
563 1739 677 1806 qnando
696 1738 727 1790 ic
744 1753 849 1790 omnem
869 1745 923 1790 ter·
950 1736 1093 1792 catholice.
1145 1736 1314 1791 Destituitur
1347 1736 1420 1791 enirn
1451 1735 1507 1792 fide
1533 1736 1685 1802 catholica,
1715 1754 1789 1808 quae

89 1841 151 1876 ram
179 1823 260 1876 crivit
277 1841 362 1877 sonus
381 1840 476 1877 eorum
493 1822 595 1878 Psalm.
616 1829 660 1887 19,
685 1842 710 1876 v.
731 1830 753 1878 5.
783 1823 862 1879 Rom.
885 1829 924 1891 10,
950 1830 992 1878 est
1016 1823 1127 1878 interna
1153 1838 1238 1877 causa
1257 1829 1286 1877 et
1311 1822 1391 1894 quasi
1410 1822 1504 1878 anima
1520 1823 1653 1878 ecclesiae
1670 1822 1788 1889 catholi-

89 1925 115 1965 v.
145 1914 181 1962 te.
208 1917 234 1962 et
254 1909 456 1978 praedicatam
471 1917 513 1963 cst
531 1910 704 1978 cnanpcls'um
723 1909 800 1963 omni
815 1917 924 1963 creatu·
950 1926 1014 1979 cae,
1047 1909 1153 1980 absque
1184 1926 1240 1980 qua
1270 1914 1400 1964 externus
1431 1909 1552 1965 locorum
1580 1908 1788 1965 catholicismus

90 2012 139 2048 rac
166 1994 253 2049 Marc.
284 2000 326 2060 19,
357 2012 382 2051 v.
413 2002 451 2051 15.
482 2004 509 2049 ιι
533 1997 718 2066 fructificavit
741 1997 771 2048 in
794 1996 924 2050 aniverso
950 1995 1054 2049 nullius
1073 2000 1116 2049 est
1134 1995 1273 2050 momenti.
1310 1994 1469 2052 Lerinensis
1487 1995 1596 2065 definit,
1618 1995 1788 2050 catholicum

91 2084 195 2135 rasindo
212 2079 270 2135 Col.
290 2087 313 2144 1,
333 2100 358 2136 v.
379 2088 403 2137 6.
438 2082 621 2153 Nequaquam
639 2098 704 2136 vero
726 2098 758 2136 ex
777 2099 810 2137 eo
830 2081 924 2136 inierri
950 2081 978 2136 id
992 2098 1060 2147 esse,
1078 2084 1155 2152 quod
1171 2083 1206 2135 ab
1218 2082 1352 2150 omnibns,
1370 2083 1449 2151 quod
1459 2083 1567 2151 abique,
1587 2084 1665 2151 qrcod
1678 2100 1787 2152 semper

89 2174 196 2239 potest,
221 2167 296 2238 quod
321 2185 430 2239 semper
454 2174 482 2222 ct
503 2167 632 2223 omnibus
651 2167 821 2239 temporibus
840 2173 924 2239 atque
951 2169 1088 2222 creditam
1105 2177 1160 2238 cst,
1186 2167 1365 2239 subintellige
1382 2167 1534 2223 secundum
1551 2186 1679 2223 normam
1700 2175 1728 2224 ιι
1745 2186 1786 2224 ιι

89 2253 228 2308 aetatibus
251 2252 369 2308 eeclesia
386 2253 447 2325 ipso
466 2259 531 2308 actu
547 2252 675 2308 omnibus
694 2258 753 2309 toto
772 2253 839 2309 orbe
859 2272 925 2325 gen·
951 2256 1046 2327 gulam
1062 2253 1147 2323 verbi,
1166 2253 1317 2309 secundum
1330 2253 1496 2308 catholicum
1508 2271 1572 2309 vere
1584 2253 1709 2309 fidelium
1723 2246 1802 2308 con?

90 2339 165 2395 tibus
193 2346 220 2396 et
241 2340 351 2411 populis
369 2347 494 2395 constare
514 2340 627 2410 debeat,
655 2339 772 2410 proinde
789 2340 871 2395 ctiam
892 2357 925 2395 ex
950 2358 1075 2408 sensum,
1093 2340 1245 2396 secundum
1264 2339 1415 2395 catholicas
1434 2339 1543 2395 divinae
1562 2340 1687 2396 veritatis
1707 2341 1785 2396 tabu·

91 2444 123 2482 eo
147 2426 242 2483 inferri
266 2426 376 2497 nequit,
403 2427 613 2497 amplitudinem
637 2444 697 2482 esse
716 2432 879 2498 perpetuam
898 2432 926 2481 et
950 2430 1000 2496 las,
1019 2446 1103 2500 quam
1120 2427 1313 2482 limitationem
1325 2428 1479 2482 necessario
1491 2427 1648 2482 addendam
1659 2428 1786 2499 superius

73 2512 231 2584 ¹propriam
261 2511 393 2566 ecclcsiae
421 2518 525 2566 notum.
571 2518 595 2567 3.
620 2512 666 2567 Ad
694 2512 924 2582 complementum
952 2516 1130 2571 ostendimus.
1165 2513 1252 2586 Atqui
1274 2515 1407 2586 dogmata
1424 2514 1473 2569 illa
1491 2514 1632 2569 Romanae
1646 2514 1786 2577 ecclcsiae,

92 2598 199 2652 illorum
224 2596 416 2652 vaticiniorum
434 2614 490 2651 non
507 2597 672 2668 requiritur,
696 2603 729 2652 ut
748 2614 842 2654 omnes
858 2615 925 2669 gen·
952 2619 1023 2673 quac
1045 2618 1062 2656 a
1087 2601 1167 2656 nobis
1192 2600 1388 2671 repudiantur,
1417 2617 1473 2654 non
1492 2605 1651 2672 congruunt
1670 2600 1707 2654 ad
1725 2617 1786 2654 nor-

91 2689 133 2738 tes
155 2682 328 2754 evangelium
346 2683 558 2753 amplectantur,
576 2683 625 2738 sed
643 2683 755 2752 sufficit,
773 2684 798 2737 si
816 2683 926 2755 aliquae
952 2704 1024 2742 mam
1053 2688 1144 2752 verbi,
1172 2705 1226 2741 uon
1254 2686 1379 2757 gaudent
1407 2685 1543 2742 catholico
1570 2701 1635 2742 vere
1663 2685 1785 2741 fidelium

92 2775 189 2840 gentes
213 2768 282 2821 illud
303 2768 452 2846 recipiant3
477 2784 530 2821 nec
546 2768 708 2839 requiritur,
732 2775 765 2823 ut
783 2786 839 2824 uno
859 2775 926 2825 tem·
952 2792 1102 2841 consensu,
1136 2788 1191 2828 non
1216 2772 1393 2828 eontinentur
1420 2772 1449 2825 in
1473 2770 1615 2827 catholicis
1642 2771 1787 2842 scripturis

90 2871 158 2924 pore
182 2854 210 2907 in
233 2852 361 2908 omnibus
384 2852 544 2907 nationibus
568 2860 596 2908 et
616 2854 764 2925 provinciis
784 2855 924 2927 praedice-
951 2862 1148 2932 prophetarum
1168 2866 1196 2914 ct
1209 2858 1395 2929 apostolorum
1409 2858 1561 2914 doctrinam
1575 2858 1785 2928 explicantibus.

91 2944 137 2995 tur
169 2939 361 3011 evangelium,
399 2939 447 2994 fied
475 2939 592 3004 wfficiir
623 2940 647 2994 εἰ
676 2941 848 3012 praedicatio
878 2941 927 2997 illa
951 2949 1027 3018 Ergo
1050 2947 1133 3003 etiam
1157 2964 1212 3001 non
1236 2951 1301 3000 sunt
1325 2944 1476 3010 catholica,
1501 2950 1529 2999 et
1545 2961 1595 3014 per
1614 2961 1785 3016 consequens

91 3025 228 3098 evangelii
263 3032 292 3081 et
322 3027 487 3098 propagatio
518 3027 651 3083 ecclesiae
683 3026 732 3083 fiat
761 3029 925 3097 successive,
952 3032 1070 3090 ecclesia
1097 3033 1223 3088 Romana
1249 3031 1397 3095 hodierna,
1424 3048 1496 3101 quac
1523 3030 1571 3085 illa
1600 3031 1785 3102 amplectitur,

90 3112 166 3170 unde
184 3118 259 3169 recte
276 3112 460 3168 Bellarminus
478 3114 532 3170 hoc
550 3114 611 3170 loeo
629 3113 740 3185 scribit,
759 3123 789 3169 ιιι
807 3116 926 3170 ecclesio
950 3122 1085 3176 hactenus
1102 3125 1131 3173 et
1150 3119 1202 3175 hoc
1218 3124 1346 3190 respectu
1361 3135 1417 3172 non
1433 3121 1477 3172 cst
1495 3116 1641 3174 catholica.
1678 3118 1784 3173 Prima·

91 3201 129 3255 sit
146 3200 301 3266 catholica,
319 3219 375 3255 non
394 3201 516 3272 requiri,
534 3210 565 3256 ιιι
582 3202 665 3257 simul
685 3209 712 3257 et
729 3221 784 3258 ano
801 3211 924 3273 tempore
951 3215 996 3264 tus
1016 3223 1120 3279 papae,
1139 3205 1248 3277 qualem
1267 3204 1379 3275 quidem
1396 3203 1450 3258 sibi
1470 3201 1553 3257 hodie
1573 3209 1699 3275 arrogat,
1715 3196 1784 3258 'num

92 3288 122 3341 ιἰι
147 3288 273 3342 omnibns
290 3288 449 3358 provinciis
470 3290 527 3343 sint
547 3289 639 3358 aliqui
661 3290 850 3358 deecclesia,
873 3293 926 3344 scd
951 3296 987 3351 ab
1011 3293 1152 3363 omnibns,
1177 3309 1243 3346 num
1268 3290 1386 3361 ubique,
1411 3308 1477 3344 num
1497 3306 1605 3360 semper
1622 3290 1651 3344 in
1670 3291 1787 3347 ecclesia

91 3375 238 3442 sufficere,
262 3375 290 3428 si
312 3376 345 3428 id
365 3377 417 3441 siat
439 3376 600 3432 successive.
640 3376 682 3429 Ex
701 3392 756 3446 quo
774 3377 925 3433 rectissime
955 3379 1112 3435 Christiana
1138 3378 1192 3432 fuit
1208 3375 1356 3446 receptus?
1391 3373 1535 3431 Invocatio
1555 3382 1727 3443 sanctorum,
1747 3378 1786 3431 in-

92 3459 187 3523 iufcrt‚
206 3459 233 3513 ei
250 3479 309 3514 nna
325 3462 425 3531 aliqua
441 3463 504 3516 sola
518 3462 667 3531 provincia
687 3463 818 3517 retineret
832 3465 926 3534 fidem,
953 3465 1130 3538 dulgentiae,
1154 3462 1310 3518 commuuio
1329 3461 1382 3516 sub
1403 3479 1458 3516 uua
1474 3463 1580 3533 specie,
1608 3463 1707 3518 merita
1723 3481 1787 3533 ope·

92 3546 185 3601 adbrcc
211 3564 273 3600 ccrc
300 3554 326 3599 ct
352 3547 470 3616 proprie
497 3548 558 3600 dici
581 3548 727 3601 ecclesiam
751 3550 927 3619 catholicam,
952 3571 1014 3607 rum
1040 3557 1091 3606 ele.
1131 3566 1197 3604 num
1223 3548 1259 3603 ab
1284 3546 1412 3603 omnibus
1440 3546 1603 3602 Christianis
1628 3548 1734 3619 ubique
1759 3554 1787 3603 ιι

92 3633 242 3685 dunnnodo
261 3632 338 3684 clarc
358 3634 534 3697 calceabatur,
560 3650 621 3686 com
641 3650 698 3687 csse
717 3653 802 3688 unam
819 3645 845 3691 et
863 3654 927 3691 can·
953 3655 1062 3708 semper
1079 3637 1192 3691 fuerunt
1209 3632 1343 3704 recepta?
1367 3633 1511 3690 Neminem
1529 3633 1648 3689 arbitror
1660 3634 1786 3690 foratam

93 3720 156 3773 dem
176 3735 237 3770 curn
256 3718 319 3786 illa,
337 3735 408 3786 quac
424 3719 481 3780 fait
499 3719 596 3787 aliquo
614 3727 735 3789 tempore
752 3723 795 3776 ecl
807 3723 927 3777 (liversis
953 3724 1098 3779 effrontem
1116 3727 1144 3775 et
1161 3721 1304 3788 audacem,
1326 3718 1374 3791 qui
1387 3718 1525 3774 affirmare
1539 3719 1615 3786 velit,
1633 3721 1702 3775 acsi
1715 3720 1787 3775 affir-

93 3805 202 3858 inloto
227 3805 339 3859 maredo.
386 3803 466 3867 Quod
492 3804 515 3857 si
540 3804 608 3858 haec
626 3823 693 3860 vera
712 3814 789 3876 sunt,
814 3814 846 3862 ut
863 3817 929 3866 sunt
954 3825 1029 3864 mare
1047 3814 1174 3871 conetur,
1199 3806 1272 3861 unde
1291 3805 1511 3861 demonstrabit?
1548 3805 1685 3861 Desinant
1703 3806 1787 3877 igitur

92 3890 249 3956 verissima,
280 3906 336 3943 nou
367 3890 534 3961 amplitudo,
565 3892 614 3945 sed
643 3909 708 3946 vera
734 3901 763 3947 et
790 3894 928 3952 catholica
954 3894 1092 3950 Pontificii
1116 3893 1229 3964 gloriari
1256 3893 1289 3948 de
1312 3891 1495 3962 amplitudine
1517 3891 1615 3956 locali,
1638 3899 1787 3965 antequam

93 3977 163 4032 fides
182 3976 235 4032 erit
252 3976 365 4047 propria
383 3980 411 4032 et
429 3976 589 4032 immediata
608 3995 701 4044 causa,
720 3986 927 4052 propterquam
954 3980 1096 4035 doctrinae
1114 3997 1181 4035 suae
1197 3979 1341 4034 veritatem
1359 3996 1392 4033 ex
1408 3976 1512 4032 tabulis
1530 3977 1735 4047 Scripturarum
1746 3999 1788 4034 sa-

94 4063 210 4118 ecclesia
227 4063 337 4117 dicatur
356 4062 500 4132 catholiea,
518 4080 552 4118 ac
567 4063 683 4135 proinde
698 4083 753 4119 non
766 4068 927 4137 amplitudo,
954 4085 1061 4122 ciarum
1080 4066 1243 4121 catholicam
1262 4064 1345 4120 fidem
1362 4065 1445 4119 unice
1457 4063 1662 4119 continentibus
1676 4065 1787 4119 demon-

93 4150 143 4204 sed
169 4148 238 4204 fides
264 4150 317 4204 erit
341 4148 494 4204 catholicae
519 4150 652 4205 ecclcsiae
672 4156 746 4208 nota.
783 4161 806 4209 4,
827 4154 927 4218 Quem·
954 4159 1054 4221 strent,
1077 4170 1139 4206 cum
1160 4152 1254 4207 localis
1276 4150 1430 4221 amplitudo
1450 4149 1515 4204 fidei
1535 4149 1723 4206 catholicismo
1742 4153 1787 4207 de·

92 4235 242 4290 admodum
265 4234 384 4305 Spiritus
409 4240 521 4289 sanctus
539 4236 690 4305 praedixit,
722 4244 845 4309 tempore
861 4257 926 4311 apo
953 4240 1051 4294 stituta
1070 4256 1127 4293 non
1146 4238 1234 4294 solum
1252 4237 1339 4291 falsae
1357 4235 1559 4291 haeretieorum
1576 4235 1722 4306 ecclcsiae,
1739 4237 1788 4293 sed

92 4322 225 4395 stolorum
254 4328 282 4377 ιι
310 4321 409 4377 seculis
434 4321 473 4375 illi
500 4322 631 4392 proximis
660 4324 806 4380 ecelesiam
832 4327 866 4383 N.
892 4327 925 4384 T.
953 4326 1035 4379 etiam
1058 4324 1183 4380 coetibus
1208 4322 1346 4393 profanis,
1368 4322 1416 4392 qui
1438 4325 1522 4392 plane
1545 4328 1625 4377 extra
1643 4323 1788 4379 ecclesiam

92 4406 152 4463 fors
182 4407 379 4478 amplissimam
409 4412 438 4461 ct
466 4408 703 4480 florentissimam,
748 4411 788 4466 ita
815 4429 926 4484 quoque
953 4411 1095 4467 constituti
1114 4414 1187 4479 sunt,
1206 4408 1352 4464 convenire
1372 4409 1467 4477 possit.
1503 4409 1616 4462 Malum
1629 4428 1684 4478 qao
1691 4411 1787 4479 pejus,

90 4492 163 4548 idem
191 4493 310 4563 Spiritus
334 4499 446 4547 sanctus
464 4494 613 4564 praedixit,
641 4501 763 4566 tempore
783 4499 925 4567 regnantis
953 4498 1090 4566 coscrpit
1108 4496 1210 4559 latice,
1230 4494 1349 4546 cleirac
1368 4512 1448 4547 arrum
1468 4495 1602 4564 diffundit
1620 4495 1738 4564 loupiac,
1757 4504 1788 4549 ιιι

91 4578 255 4633 Διιιιιιιιιιιι
297 4579 442 4634 ecelesiam
469 4581 634 4650 supinarum
672 4582 701 4635 in
737 4583 926 4651 solitudinem,
948 4585 1037 4653 pestis
1060 4599 1115 4652 per·
1141 4587 1226 4649 airu,
1253 4597 1419 4649 parrpracna
1437 4598 1491 4649 pcr
1507 4599 1623 4651 corpas,
1650 4583 1696 4637 cui
1715 4582 1787 4638 malo

91 4664 179 4734 Apoc.
195 4671 239 4728 12,
258 4683 283 4719 v.
303 4670 326 4720 6.
347 4681 379 4719 ac
398 4664 457 4719 fore
472 4683 565 4734 paene
583 4668 769 4722 anniversalem
786 4670 925 4740 quandam
952 4669 1071 4727 haeresis
1098 4675 1172 4722 recte
1197 4671 1374 4736 comparatur
1402 4672 1424 4721 2.
1445 4666 1566 4731 Timt,
1591 4686 1617 4720 v.
1640 4673 1681 4725 17.
1718 4675 1787 4738 ιι,

92 4766 193 4804 avem
211 4750 267 4804 fide
285 4751 451 4821 apostasiae,
471 4752 570 4810 Matth.
591 4758 638 4818 24,
662 4770 687 4805 v
709 4759 749 4809 11.
786 4761 810 4811 2
829 4754 924 4809 Thess
951 4774 976 4809 v.
998 4759 1037 4811 13.
1068 4753 1169 4808 lluseb
1189 4752 1237 4806 lib
1260 4759 1282 4806 1.
1301 4751 1362 4806 hist.
1383 4752 1450 4806 cccl.
1470 4770 1492 4805 c.
1514 4757 1536 4806 1.

92 4841 116 4906 2,
136 4855 160 4889 ι
180 4843 203 4892 9.
231 4836 318 4908 Apoe
341 4843 380 4903 13,
393 4856 417 4890 v
437 4843 460 4893 8.
481 4845 532 4893 etc.
562 4837 706 4903 Quomodo
726 4840 812 4912 igitur
828 4841 925 4911 ampli·
997 4847 1054 4897 185.
1090 4839 1145 4896 Sed
1175 4846 1368 4911 praeterquam
1403 4838 1477 4909 quod
1503 4837 1569 4894 fidei
1598 4838 1885 4894 catholicismo⁰¹¹⁰¹⁸

90 4921 160 4977 tudo
185 4928 277 4992 potest
300 4923 384 4977 statui
409 4940 474 4978 vera
500 4929 528 4979 et
554 4925 668 4994 propria
693 4925 827 4980 ecclesiae
852 4934 925 4997 nota,
952 4927 1077 4980 Romana
1105 4925 1222 4980 ecclesia
1248 4925 1420 4992 destituitur,
1448 4942 1483 4980 ne
1510 4924 1621 4995 quidem
1648 4924 1682 4980 dc
1706 4891 1885 4985 localidllsubl

92 5026 153 5063 cum
178 5028 232 5064 non
258 5009 295 5063 ιιι
314 5009 353 5063 illi
372 5010 527 5080 perpetua?
563 5017 587 5064 5.
608 5010 717 5081 Amplit
705 5011 772 5066 tudo
793 5013 926 5069 ecclesiae
952 5011 1134 5082 amplitudine
1148 5011 1239 5078 habet,
1260 5012 1335 5082 quod
1348 5011 1498 5080 nimiopere
1510 5010 1652 5081 glorietur.
1682 5010 1789 5065 Definit
1802 5004 1885 5088 m„

51 5096 55 5107 ¹
91 5093 296 5150 Christianae
289 5113 317 5148 ιιι
343 5095 377 5150 N.
402 5096 434 5148 T.
458 5096 561 5166 pendet
587 5096 622 5151 ab
647 5097 795 5154 universali
816 5100 925 5168 praedi·
952 5098 1137 5153 Bellarminus
1156 5099 1301 5154 ecclesiam
1318 5098 1472 5152 Romanam
1491 5114 1524 5150 ex
1538 5097 1659 5151 dominio
1676 5097 1788 5168 pontifi·

91 5179 200 5235 catione
227 5181 364 5253 evangelii
394 5181 423 5234 in
449 5197 544 5236 omnes
570 5189 682 5254 gentes,
712 5184 775 5240 ideo
802 5184 874 5239 enim
900 5190 928 5238 et
953 5184 1130 5254 cisliomaui,
1149 5187 1189 5240 ita
1209 5192 1241 5239 ιιι
1260 5185 1344 5238 iidem
1363 5183 1472 5238 termini
1493 5200 1526 5237 ac
1545 5183 1614 5238 fines
1632 5183 1689 5238 sint
1702 5184 1788 5241 ecele-

92 5265 157 5320 inde
177 5267 294 5323 ecelesia
312 5268 345 5325 N.
358 5268 391 5322 T.
410 5275 452 5323 est
466 5268 654 5339 amplissima,-
665 5269 730 5340 quia
741 5288 796 5325 non
808 5271 926 5341 amplius
952 5272 1009 5325 aiae
1027 5272 1170 5327 Romanae
1189 5279 1217 5326 et
1235 5269 1428 5325 dominationis
1450 5269 1619 5324 Pontificiae.
1657 5273 1790 5326 Ecclesia

70 5351 140 5406 ,uni
177 5352 238 5408 loco
272 5353 433 5408 exercitium
463 5355 554 5409 cultus
584 5355 669 5409 divini
699 5362 742 5410 est
772 5356 926 5429 alligatum,
953 5357 1062 5424 (scribit
1087 5356 1134 5414 lib.
1156 5356 1390 5412 adeeeclesc
1412 5355 1615 5425 2.§.Nostra)
1636 5364 1789 5411 calceetur

92 5437 165 5492 sicut
191 5438 222 5491 iu
246 5438 280 5494 T.
306 5438 341 5494 V.
369 5439 418 5495 sed
441 5457 491 5511 per
517 5440 692 5512 evangelium
714 5458 808 5497 omnes
827 5447 926 5512 gentes
952 5444 1093 5498 bertinum
1121 5442 1458 5514 cjardsmfolrr'rrianar
1483 5442 1553 5508 fidei
1564 5443 1746 5512 professione
1764 5450 1790 5498 et

91 5523 129 5586 ad
148 5524 316 5580 consortium
335 5523 409 5581 illius
426 5531 567 5581 vocantur.
617 5525 723 5593 Quodsi
750 5528 925 5599 evangeliun
953 5533 1104 5587 eornrsdem
1137 5536 1377 5585 ranunculorum
1411 5527 1603 5585 communione
1637 5529 1791 5601 colliputne
