4004 6022
795 258 1143 320 nassonsconns.
1434 231 1436 234 ⁴
1772 240 1812 326 ιι

129 413 273 469 ιιιιιιιιιιι
301 414 397 468 carnis
421 423 569 485 ιριιιιιι,
601 417 753 471 ιιιιιιιιιιι
785 417 854 471 baec
885 413 971 484 enimi
985 419 1009 470 2.
1036 415 1065 470 in
1088 416 1181 487 princ:
1210 415 1295 469 Nunc
1317 431 1373 469 non
1392 413 1528 484 infirmis,
1552 415 1605 468 sed
1614 414 1742 483 sortibus
1755 432 1815 486 pac

128 519 174 556 nec
203 501 347 556 Dominus
374 519 425 555 suo
450 506 586 571 sanquine
605 503 740 572 redemi,
772 519 859 572 neqiie
882 496 1143 556 ιιιιιίιιιιιιιιά
1164 509 1210 567 est,
1227 518 1277 556 nec
1296 501 1487 570 morientibus,
1504 503 1556 556 seri
1574 501 1724 555 uiuentibus
1742 519 1814 555 com·

127 588 313 643 aicbat-istius
343 591 554 645 communicatio
582 591 729 660 sanquinis
756 590 836 658 eius,
869 603 957 656 neque
984 590 1132 644 muni'catio
1154 607 1174 641 a
1190 589 1269 642 nobis
1288 590 1388 642 danda
1407 595 1461 658 est,
1483 595 1513 641 nt
1530 604 1600 658 quos
1616 589 1770 642 ιιιίιιιιιιι
1789 596 1814 641 ιι

122 675 216 746 pansis,
231 691 312 746 quem
327 676 497 746 franqimua,
516 677 730 730 communicatio
748 676 877 745 corporis
888 669 957 744 'ejus
984 675 1128 730 hortamur
1147 678 1188 730 aa
1205 675 1346 746 proelium
1365 692 1421 729 non
1439 674 1558 729 inernies
1577 681 1603 729 et
1620 676 1712 730 nudos
1728 674 1813 729 relin-

51 756 83 793 '''
127 771 164 817 est
188 767 241 818 etc.
282 761 471 818 Tertullianus
496 763 543 819 lib.
562 768 585 818 2.
605 763 642 818 ad
661 779 773 817 uxorem
791 780 818 832 p.
840 759 957 817 61610·
984 781 1112 834 quamue,
1130 765 1181 818 sed
1194 763 1367 833 protectione
1385 763 1512 832 corporis
1534 771 1560 817 et
1574 763 1721 831 sanquinis
1735 760 1814 816 Obri-
1891 764 1911 841 ¹[

52 837 58 847 ’
125 865 211 920 quens
236 848 272 904 de
294 848 409 905 muliere
432 848 508 904 fideli
531 855 618 919 nupta
643 848 741 904 manto
768 847 885 903 infideli:
912 848 957 899 De
983 852 1022 904 sti
1043 850 1213 918 muniamus,
1239 859 1263 905 ιι
1287 868 1349 904 cum
1375 852 1415 903 ad
1437 850 1489 905 boe
1502 851 1558 921 fiat
1576 849 1761 917 eucharistia,
1784 857 1815 904 ut
1900 834 1905 845 ’

125 936 205 1005 cujus
230 954 317 990 manu
349 936 523 990 desiderabit
559 941 670 1006 (panem
696 931 957 999 sacramentalem?
980 939 1072 1006 possi't
1089 939 1287 1007 accipientibus
1306 953 1364 991 esse
1383 937 1479 1006 tutela,
1497 939 1576 1005 quod
1593 944 1665 991 tutos
1681 952 1814 992 essecon·

125 1025 158 1076 de
177 1023 261 1092 eujus
273 1023 380 1092 poculo
394 1022 581 1093 participabit
599 1022 705 1091 (vinum
726 1019 956 1088 sacramentale)?
983 1032 1030 1078 tra
1057 1026 1253 1080 aduersarium
1281 1026 1419 1095 uolumus,
1454 1024 1621 1079 munimento
1646 1024 1815 1078 Dominicae

124 1108 168 1165 hb.
189 1109 224 1165 de
242 1126 342 1166 resurr.
361 1128 386 1181 p.
407 1115 452 1165 52:
470 1128 538 1164 caro
556 1126 673 1179 corpore
687 1117 713 1163 ct
724 1110 860 1179 sanquine
877 1106 956 1161 Chri·
982 1113 1140 1166 saturitatis
1167 1129 1312 1166 amnonius.
1358 1114 1434 1166 Nam
1458 1112 1596 1182 punem
1620 1111 1748 1166 mooun
1765 1119 1814 1166 aut

123 1197 160 1249 sti
179 1196 315 1266 ιιιιιιιιι,
341 1204 370 1250 ut
394 1197 491 1250 anima
516 1199 551 1249 de
569 1199 633 1250 Deo
657 1195 808 1265 saqs'netiir.
842 1193 956 1263 (Bellar-
979 1216 1164 1268 prooocamus
1190 1216 1237 1253 eos
1262 1199 1291 1252 in
1316 1198 1489 1266 confusione
1514 1198 1635 1253 nominis
1651 1198 1814 1266 sanquinem

124 1283 213 1337 minus
248 1283 350 1354 repetit
379 1299 551 1339 communem
580 1283 757 1349 solutionem,
792 1281 955 1354 sanguinem
982 1303 1062 1338 suuni
1084 1287 1222 1350 fundere,
1247 1286 1273 1339 si
1290 1285 1330 1339 eis
1347 1285 1511 1339 militaturis
1529 1284 1690 1353 sanquinem
1708 1282 1816 1338 ΟΙιιιιιι·

123 1387 328 1440 sacrameto,
355 1370 402 1442 qni
420 1369 472 1424 sub
492 1386 548 1425 una
567 1371 660 1442 specie
681 1368 901 1437 communicant,
928 1374 956 1423 et
983 1373 1171 1439 deneqomust
1208 1379 1257 1425 aut
1287 1374 1425 1441 quamdo
1456 1373 1498 1425 ad
1524 1371 1656 1440 martyrii
1679 1371 1814 1440 pecudum

123 1463 207 1524 notat,
230 1457 438 1512 Tertullianum
458 1457 569 1522 ιιιιιιιι,
590 1475 640 1511 ιιι
652 1458 788 1525 sanquine
800 1457 882 1524 uesci,
900 1474 955 1509 non
983 1458 1099 1512 idoneos
1118 1457 1256 1524 facimus,
1279 1459 1307 1511 si
1324 1477 1379 1513 non
1398 1475 1446 1513 eos
1466 1460 1507 1511 ad
1525 1459 1669 1512 bibendum
1683 1458 1766 1528 prius
1783 1457 1814 1510 in

123 1553 214 1599 uestem
233 1545 324 1598 bibere
342 1543 519 1614 sanquinem,
546 1545 682 1598 ιιιιιιιιι
702 1552 793 1598 autem
811 1542 955 1612 canonino,
982 1543 1100 1598 ecclesia
1114 1545 1250 1614 poculum
1269 1542 1391 1598 Domini
1401 1546 1472 1614 Jurc
1490 1543 1747 1598 communicationis
1762 1544 1813 1597 ad·

123 1650 182 1685 cum
207 1648 268 1696 aim
293 1632 426 1684 sumimus
443 1647 499 1699 per
519 1633 631 1685 modum
649 1632 704 1686 eibi
720 1631 771 1685 snb
788 1649 846 1684 una
864 1630 956 1701 specie
982 1631 1135 1684 mittimus!
1153 1630 1210 1687 Ubi
1227 1631 1314 1700 probe
1333 1631 1500 1695 notandum,
1521 1629 1595 1702 quod
1611 1631 1675 1701 jure
1693 1645 1813 1684 commu·

117 1720 215 1788 panis.
253 1715 420 1789 Responsio:
445 1717 581 1789 sanguine
603 1715 775 1774 Christianos
795 1716 869 1773 vesci
888 1716 955 1772 Ter-
981 1717 1126 1773 nicationis
1151 1717 1255 1789 populo
1273 1716 1430 1773 Christiano
1451 1716 1582 1788 poculum
1602 1717 1714 1772 Domini
1731 1714 1814 1773 debe·

121 1804 255 1860 tullianus
280 1803 456 1874 pronuntiat,
490 1821 546 1859 non
573 1805 648 1876 quod
674 1804 726 1859 sub
755 1804 847 1876 specie
875 1801 955 1873 panis
982 1809 1051 1859 atur.
1092 1803 1285 1873 (Bellarminus
1303 1803 1418 1875 excipit:
1451 1809 1472 1859 l.
1498 1802 1604 1872 Colliqi
1625 1821 1657 1858 ea
1682 1804 1736 1857 bac
1754 1803 1813 1872 epi·

122 1889 287 1963 sangninem
312 1888 414 1944 Christi
447 1891 686 1947 sacramentaliter
715 1891 793 1947 nobis
824 1889 954 1946 distribui
981 1891 1070 1960 stola,
1099 1893 1176 1960 qnod
1198 1892 1249 1961 jiis
1280 1890 1418 1946 laicorum
1448 1891 1490 1943 aci
1513 1892 1773 1945 communicandum
1794 1907 1814 1942 a

122 1984 241 2048 statuat,
279 1976 332 2032 hoc
364 1978 437 2032 enim
469 1978 697 2034 concomitantiae
733 1978 868 2034 somnium
900 1976 955 2049 ipsi
981 1977 1175 2032 sacerdotibus
1201 1980 1283 2032 detur
1303 1985 1330 2032 et
1349 1994 1368 2031 a
1386 1977 1579 2032 sacerdotibus
1597 1976 1730 2045 tollatur,
1754 1994 1814 2030 enim

121 2066 247 2138 ignotum
283 2063 350 2134 init,
387 2064 434 2135 qui
461 2081 569 2136 semper
603 2082 703 2137 panem
731 2072 759 2121 ιι
783 2064 896 2120 calicem
924 2064 952 2118 in
983 2063 1143 2134 Cyprianus
1168 2062 1330 2119 Cornelium
1357 2064 1518 2133 epsicopum
1544 2064 1703 2118 Ιιιιιιιιιι
1725 2063 1814 2118 borte-

122 2150 290 2208 eucharistia
315 2149 474 2222 conjungit,
503 2151 551 2205 sed
577 2151 744 2207 vocabulum
761 2151 892 2206 uescendi
908 2167 956 2223 ge·
981 2159 1040 2217 tur,
1066 2157 1097 2205 ut
1122 2151 1212 2221 lapsis
1230 2149 1387 2205 imminente
1404 2168 1477 2204 noca
1494 2151 1687 2220 persecutionis
1704 2149 1815 2205 restitu-

122 2238 253 2295 nataliter
274 2237 354 2309 ponit
381 2253 431 2307 pro
455 2237 596 2308 accipere,
626 2255 751 2309 sumere,
779 2237 1047 2309 participarentur
1063 2239 1116 2308 jus
1139 2237 1378 2307 communicandi,
1406 2238 1433 2291 si
1450 2239 1491 2290 ad
1504 2238 1705 2308 poenitentiam
1722 2237 1827 2292 redie-⁴

122 2323 185 2379 Lib.
211 2323 280 2381 de
266 2323 382 2396 Jejnniis
408 2339 432 2379 c.
460 2331 483 2379 5.
512 2325 602 2379 actim
620 2324 689 2380 dicit
706 2341 829 2394 ιιιιιιις
854 2345 906 2378 uiri
908 2345 956 2399 ρο
981 2325 1045 2380 rint.
1081 2324 1123 2379 Ex
1141 2341 1175 2381 eo
1192 2323 1300 2397 colligit
1317 2322 1448 2381 ulterius:
1462 2323 1541 2380 Sicut
1554 2331 1673 2395 possunt
1687 2324 1816 2404 praelati

51 2419 109 2462 ’.α
122 2417 219 2482 λογίας
243 2418 272 2466 ιι
296 2410 469 2484 ἇρχιϊσμοὺς
494 2411 681 2483 complures'
673 2430 702 2467 ιιι
720 2411 830 2482 scriptis
847 2410 956 2466 'Pertul-
982 2413 1015 2466 ob
1039 2412 1160 2466 crimina
1184 2411 1320 2466 tollerc'
1301 2429 1354 2480 qus
1378 2411 1616 2479 communicandi,
1641 2411 1683 2465 ita
1696 2418 1815 2480 possunt

51 2497 188 2554 nahmi
216 2515 360 2554 οιιιιιιιιι
389 2497 560 2552 notissimum
590 2501 651 2568 est.)
701 2497 835 2570 OrIgenes
862 2497 954 2554 bomil
982 2500 1016 2554 ob
1045 2500 1121 2554 alias
1141 2499 1238 2567 justas
1259 2515 1360 2551 causas
1386 2498 1535 2567 disponere
1561 2505 1586 2552 et
1611 2499 1748 2552 ordinare
1778 2499 1814 2550 de

124 2586 190 2643 lo
183 2602 211 2640 ιιι
230 2585 314 2642 Num
334 2603 358 2642 c.
380 2591 420 2641 23.
440 2585 516 2652 circa
533 2585 615 2641 finem
633 2593 699 2643 tom.
721 2593 743 2653 ι,
764 2605 790 2658 p.
810 2592 872 2642 2³6:
901 2586 955 2639 Di·
981 2587 1064 2640 mocio
1083 2586 1310 2640 communicandi
1326 2585 1377 2638 ιιι
1393 2602 1450 2639 ιιι
1464 2584 1556 2655 specie
1573 2585 1617 2639 uel
1635 2585 1737 2639 ιιιιιι.
1760 2582 1814 2639 Re·

121 2682 184 2729 cant
204 2673 301 2742 nobis,
321 2673 384 2742 quic
402 2680 443 2726 est
462 2674 511 2727 istc
525 2674 666 2743 populus,
689 2674 786 2743 quiin
804 2691 856 2727 usu
873 2673 954 2728 babet
981 2671 1106 2744 sponsio:
1131 2670 1293 2729 Sacerdotes
1319 2687 1374 2726 non
1399 2670 1486 2726 solum
1510 2675 1640 2742 possunt,
1663 2671 1813 2728 sedetiam

121 2760 282 2831 sanquinem
301 2758 412 2813 ιιιιιιι
428 2758 508 2814 Haec
528 2767 618 2830 ιιιιι,
638 2776 710 2830 quae
727 2768 753 2815 et
767 2761 797 2815 in
810 2758 955 2829 euanqelio
981 2760 1084 2816 debent
1104 2758 1315 2831 impoenitentes
1333 2774 1351 2813 a
1369 2774 1450 2814 sacra
1462 2757 1654 2815 communione
1667 2757 1814 2830 prohibere

122 2847 267 2901 audientes
286 2845 316 2914 ii,
334 2845 384 2916 qui
401 2861 434 2899 ιι
451 2846 576 2901 Judaeis
594 2847 748 2902 Dominum
760 2847 954 2917 sequebantur,
980 2855 1093 2919 proptor
1116 2847 1279 2902 mandatum
1302 2843 1404 2902 Christi
1427 2842 1525 2902 Matth
1552 2852 1581 2916 ι,
1610 2862 1635 2901 ι.
1662 2850 1695 2901 b:
1717 2845 1813 2902 Nolite

123 2933 313 2988 scandalizati
335 2941 398 2987 snut
426 2940 453 2987 ιι
471 2935 616 2988 discrerit:
641 2934 703 3004 quis
718 2941 815 3004 potest
836 2933 955 2988 nanda
981 2943 1106 2989 sanctum
1133 2936 1204 2987 dare
1230 2932 1361 3004 caetibus,
1390 2949 1441 2988 ιιι
1469 2933 1644 3002 marqaritas
1671 2933 1814 3004 projicere

123 3038 186 3075 care
218 3037 332 3074 carnem
358 3028 383 3074 ιι
411 3020 503 3075 bibere
532 3021 716 3090 sanquinem?
753 3022 805 3075 sed
829 3020 955 3091 populus
977 3022 1084 3092 porcis.
1128 3016 1184 3076 Sed
1211 3017 1418 3089 poenitentibus
1447 3026 1476 3075 et
1500 3016 1630 3093 fidelibus
1651 3014 1814 3075 Christianis

125 3107 311 3176 Obristibnus,
325 3106 452 3177 populus
469 3107 562 3171 tidelis
580 3109 662 3162 audit
679 3108 748 3162 baec
767 3116 793 3163 ιι
811 3107 955 3178 amplecti·
981 3125 1032 3165 nec
1060 3113 1149 3165 totum
1178 3110 1396 3174 sacramentum,
1424 3121 1477 3161 nec
1509 3112 1618 3177 partem
1648 3103 1814 3162 sacramenti

124 3204 167 3249 tur
182 3202 209 3249 et
226 3192 355 3263 sequitur
374 3210 448 3263 eum,
466 3195 517 3262 qui
534 3194 617 3248 dicit:
641 3194 700 3249 nisi
716 3193 955 3249 manducaveritis
981 3193 1089 3251 auterre
1111 3198 1229 3265 possunt
1246 3192 1291 3248 rel
1311 3191 1432 3262 debent,
1459 3190 1596 3263 siquidem
1615 3209 1672 3248 non
1692 3191 1813 3264 Domini,

124 3278 234 3335 carnem
264 3296 354 3334 meam
383 3286 410 3334 et
434 3279 558 3334 biberitis
582 3281 746 3352 sanquinem
770 3298 871 3346 meum,
898 3298 956 3335 non
981 3282 1030 3337 sed
1067 3282 1278 3352 dispensatores
1313 3283 1378 3334 sunt
1416 3280 1611 3349 mysteriorum
1645 3278 1814 3344 diuinorum,

124 3367 256 3422 babebitis
281 3365 367 3420 ιίιιιιι
397 3366 428 3420 in
455 3366 539 3420 uobis.
583 3367 687 3422 Bibere
714 3376 806 3423 autem
832 3368 955 3422 dicimur
985 3374 1006 3424 1.
1017 3366 1079 3426 Cor.
1098 3374 1122 3437 t,
1136 3385 1161 3421 v.
1178 3372 1198 3423 l.
1224 3364 1391 3421 Invertimns
1403 3363 1497 3438 igitur
1509 3370 1718 3438 argumentum:
1737 3362 1815 3422 Sicut

124 3453 287 3525 sanquinem
313 3451 420 3506 Cbristi
442 3470 498 3506 non
521 3454 612 3507 solum
630 3463 870 3510 sacramentorum
888 3455 954 3524 ritu,
980 3472 1036 3509 non
1054 3453 1120 3508 licet
1135 3450 1324 3508 sacerdotibus
1344 3449 1453 3508 auferre
1471 3450 1549 3507 laicis
1567 3452 1707 3525 integrum
1723 3468 1813 3507 sacra·

124 3543 173 3596 ssd
190 3542 275 3595 etiam
294 3557 355 3592 cum
375 3555 516 3593 sermones
530 3540 592 3608 ejus
605 3542 764 3609 recipimus.
795 3542 833 3596 Et
845 3547 954 3614 postea:
980 3548 1118 3608 mentum,
1143 3539 1196 3594 nisi
1223 3535 1259 3595 ob
1286 3539 1415 3607 crimina,
1439 3538 1479 3593 ita
1502 3555 1613 3611 quoque
1638 3557 1693 3596 non
1718 3534 1814 3595 licebit

128 3629 167 3682 sn
190 3645 258 3696 erqo
280 3642 362 3680 uerus
387 3642 416 3679 cs
438 3626 565 3696 populus
582 3626 677 3682 larabi
698 3627 858 3700 (alloquitur
877 3628 954 3683 audi·
980 3634 1088 3700 partem
1112 3625 1276 3682 sacramenti
1303 3626 1414 3682 auferre
1440 3626 1518 3681 laicis
1547 3626 1602 3681 nisi
1628 3626 1663 3682 ob
1683 3626 1812 3698 crimina,

125 3718 221 3780 mres),
246 3714 297 3783 qni
317 3713 373 3767 sciis
399 3712 565 3781 sanquinem
592 3712 683 3767 bibere
711 3722 736 3767 ιι
751 3717 826 3769 nosti
842 3732 955 3770 carnem
979 3714 1116 3788 siquidem
1134 3714 1179 3770 cui
1196 3713 1329 3784 competit
1345 3718 1434 3770 totum
1455 3719 1483 3769 ιι
1501 3712 1639 3785 integrum
1661 3709 1836 3772 sacmmen?

125 3802 199 3855 rerbi
214 3801 359 3854 comedere
378 3807 404 3852 ιι
422 3797 586 3868 sanquinem
605 3800 703 3871 bibere,
722 3810 749 3855 et
761 3820 830 3856 uuae
842 3805 954 3872 sanqui-
980 3810 1053 3872 tum,
1081 3803 1106 3858 ei
1131 3802 1215 3857 etiam
1239 3808 1333 3872 partes
1357 3800 1481 3872 ejusdem
1501 3808 1670 3873 competunt.
1691 3820 1714 3857 c.
1737 3819 1809 3858 com·

126 3906 182 3942 nem
200 3886 289 3950 illius,
307 3901 378 3954 quae
397 3892 437 3938 est
455 3901 488 3939 ιι
504 3901 573 3939 uera
593 3886 656 3942 site,
692 3885 886 3955 (Bellarminus
909 3906 954 3944 ex·
980 3890 1101 3962 perimus
1120 3888 1183 3943 dist.
1204 3893 1227 3943 2.
1248 3888 1426 3945 decorose:
1445 3889 1559 3943 Diuisio
1577 3889 1660 3943 unius
1675 3890 1812 3958 ejsudem·

125 3974 203 4046 cipit,
230 3979 252 4030 1.
281 3989 339 4026 esse
363 3972 414 4026 boe
439 3972 469 4024 in
489 3990 556 4043 usu,
579 3990 635 4027 non
655 3973 683 4027 in
698 3985 862 4046 praecepto.
902 3976 954 4032 Re·
982 3996 1033 4050 quc
1051 3975 1178 4046 mqsterii
1193 3976 1252 4029 sine
1271 3975 1379 4044 qrandi
1397 3975 1548 4043 sacrileqio
1568 3993 1622 4029 non
1636 3983 1730 4044 potest
1744 3993 1811 4045 pro-

124 4060 252 4132 sponsio:
279 4058 339 4113 imo
367 4075 432 4113 vero
460 4058 489 4113 in
516 4076 569 4113 usu
598 4065 627 4114 et
652 4060 681 4115 in
699 4069 865 4134 praecepto,
889 4064 955 4135 quia
981 4067 1082 4121 venire.
1137 4062 1215 4127 Quae
1247 4078 1312 4117 vero
1342 4062 1458 4117 crimina
1488 4061 1608 4134 populus
1639 4059 1811 4118 Christianus

125 4165 186 4203 usus
205 4146 253 4202 ille
270 4144 369 4200 nititur
387 4143 489 4202 Christi
507 4145 696 4215 institutione,
715 4148 753 4204 de
769 4167 823 4221 quo
842 4149 954 4206 evidens
981 4151 1126 4220 commisit,
1146 4155 1261 4221 propter
1278 4165 1349 4220 quae
1367 4165 1433 4203 usus
1453 4147 1547 4203 calicis
1566 4147 1740 4205 eucharistici
1758 4149 1811 4221 ipsi

125 4232 255 4306 Cypriani
281 4231 385 4287 dictum
408 4231 493 4303 paulo
517 4240 581 4304 post
602 4232 631 4288 in
650 4234 771 4290 medium
789 4237 953 4294 adferemus.
982 4238 1153 4312 denegatus?
1182 4241 1205 4291 2.
1234 4235 1268 4288 si
1289 4242 1412 4306 tempore
1432 4235 1570 4306 Cypriani
1586 4237 1726 4292 habuisset
1744 4236 1814 4290 iaici

125 4323 149 4376 2.
174 4324 225 4376 Ad
246 4321 319 4374 bunc
345 4337 424 4373 mum
447 4320 518 4373 satis
542 4337 614 4390 esse,
638 4321 666 4375 si
684 4321 777 4392 aliqui
800 4325 829 4377 in
843 4326 954 4394 populo
975 4329 1027 4397 jus
1048 4325 1166 4398 petendi
1189 4322 1317 4388 colicon,
1346 4329 1418 4376 certe
1441 4322 1599 4377 habuissent
1619 4341 1653 4376 ιι
1671 4331 1812 4377 consuctu-

128 4410 159 4463 id
181 4407 303 4475 saciant.
347 4405 515 4477 Responsio:
543 4405 677 4479 Origenes
706 4409 741 4466 de
768 4417 826 4466 toto
849 4413 954 4482 populo
982 4415 1048 4468 disse
1078 4411 1157 4466 illius
1183 4408 1321 4479 temporis.
1366 4409 1444 4477 Erqo
1469 4427 1530 4463 cum
1551 4410 1589 4464 sit
1613 4410 1665 4465 boc
1692 4418 1815 4480 tempore

126 4494 280 4576 Chriptiano
298 4492 429 4565 loquitur,
445 4510 502 4548 non
522 4494 557 4550 de
575 4494 640 4551 solis
659 4496 858 4568 sacerdotibus,
879 4500 953 4569 quod
981 4499 1127 4557 contraria
1146 4496 1316 4550 conuictudo
1336 4496 1496 4550 introducta
1516 4503 1542 4551 ct
1560 4497 1604 4551 lea
1615 4506 1766 4568 praeterea
1782 4499 1812 4550 in

125 4582 151 4637 in
178 4599 230 4638 usu
255 4580 294 4637 eis
318 4579 355 4634 sit
378 4581 541 4651 sanguinem
561 4581 665 4640 bibere.
702 4583 832 4656 Explicat
851 4584 953 4640 ibidem
980 4585 1156 4656 qeneralibus
1180 4581 1308 4635 comediis
1325 4582 1524 4652 promulqata,
1554 4601 1610 4637 non
1632 4584 1732 4638 labem
1755 4601 1812 4637 am·
1825 4595 1898 4644 xm,

125 4667 296 4737 ιιιιιιιιιιιιιι,
319 4668 385 4721 Non
403 4669 537 4738 dormiet,
562 4670 649 4725 donec
667 4672 796 4726 comedat
813 4673 953 4742 praedam
977 4675 1057 4745 plius
1072 4673 1120 4742 jus
1138 4669 1214 4723 illud
1233 4667 1310 4721 laici.
1346 4665 1514 4737 Responsio:
1536 4671 1584 4740 jus
1603 4669 1673 4725 illud
1692 4687 1746 4724 non
1765 4669 1811 4726 ha—

124 4764 147 4809 et
175 4755 338 4824 sanquinem
369 4755 577 4810 vulneratorum
606 4757 699 4826 bibat,
723 4756 753 4812 id
775 4774 841 4813 vero
859 4759 896 4814 ad
913 4766 953 4814 to·
981 4762 1048 4818 bent
1072 4776 1105 4813 cx
1133 4754 1347 4818 consuetudine,
1378 4754 1428 4809 sed
1451 4771 1484 4810 ex
1507 4753 1610 4811 Christi
1631 4756 1811 4814 institutione.

123 4850 180 4898 tun
203 4839 339 4913 populum
364 4838 550 4896 Christianum
578 4848 606 4898 et
628 4842 737 4900 fidelem
755 4845 953 4911 accommodat,
981 4847 1083 4904 Notum
1104 4848 1155 4907 est,
1175 4841 1242 4913 quid
1261 4840 1417 4911 Cyprianus
1436 4840 1472 4895 de
1489 4842 1687 4898 consuetudine
1700 4849 1812 4900 statuat.

124 4927 196 5001 qnod
225 4925 329 4983 Christi
359 4928 523 4999 sanguinem
551 4927 580 4983 in
612 4937 783 4986 sacramento
815 4931 894 4987 hibat
921 4949 954 4987 ac
981 4933 1028 4989 lib.
1050 4939 1072 4988 2.
1094 4930 1174 5002 epist.
1194 4934 1218 4984 3.
1237 4945 1266 4999 p.
1285 4931 1330 4983 56:
1361 4926 1395 4981 Si
1410 4928 1487 4982 salsis
1506 4927 1633 4983 Christus
1653 4931 1814 4986 audiendus

123 5013 276 5070 docuinam
302 5011 405 5068 Christi
428 5019 456 5068 et
477 5012 680 5086 apostolorum,
705 5017 734 5071 in
753 5034 809 5089 qna
827 5025 869 5073 est
887 5018 952 5086 vita,
980 5028 1036 5088 est,
1061 5035 1115 5072 non
1136 5017 1265 5069 debemus
1282 5016 1438 5084 ιιιιιιιιιι,
1465 5016 1537 5085 quid
1558 5015 1663 5084 aliquis
1679 5025 1744 5072 ante
1761 5036 1813 5073 nos

122 5100 192 5158 sicut
210 5099 305 5156 anima
323 5099 352 5154 in
370 5101 513 5172 sanguine,
532 5098 606 5155 fideli
618 5102 701 5159 corde
714 5103 849 5173 recipiat)
873 5102 952 5159 idem
979 5105 1143 5170 faciendum
1164 5101 1321 5173 ιιιιιιιιι,
1340 5103 1392 5155 sed
1412 5101 1484 5170 quid
1501 5103 1630 5172 quiante
1648 5120 1742 5159 omnes
1761 5111 1812 5176 est,

121 5185 213 5244 homil.
239 5193 263 5245 5.
289 5186 318 5241 in
341 5186 440 5242 divers,
466 5194 534 5243 tom.
554 5193 578 5242 2.
595 5206 622 5259 p.
642 5195 709 5244 441:
733 5190 853 5253 Quando
871 5209 953 5245 sanc·
982 5193 1109 5248 Ciristm
1132 5191 1216 5260 prior
1232 5187 1344 5253 fecerit.
1370 5188 1467 5257 Neque
1486 5189 1813 5247 enimbomi'nisconeue·

120 5281 176 5329 tum
204 5274 295 5330 ιιιιιι
324 5273 452 5343 sllisdque
477 5273 672 5343 incorruptum
699 5278 804 5348 accipis
832 5277 953 5346 epulum,
980 5279 1103 5333 tudinem
1122 5274 1201 5344 sequi
1217 5280 1339 5343 oportet,
1366 5275 1418 5327 sed
1434 5274 1494 5328 Dei
1512 5275 1663 5332 ceritatem.
1698 5277 1760 5334 Lib.
1777 5279 1812 5335 de

121 5364 235 5433 quando
253 5361 328 5416 sitae
341 5377 419 5429 pane
440 5367 465 5414 et
478 5359 584 5431 poculo
602 5361 727 5430 freieris,
754 5365 911 5417 manducas
929 5372 954 5418 et
982 5364 1059 5436 bapt
1083 5362 1187 5417 haeret.
1213 5359 1249 5414 ad
1267 5358 1437 5430 bubajanum
1465 5377 1494 5431 p
1519 5364 1584 5418 326ι
1611 5363 1735 5419 lbustra
1753 5367 1813 5436 qui·

65 5448 190 5504 »libis
214 5465 318 5519 corpus
345 5455 370 5502 ιι
395 5449 559 5518 sanquinem
578 5449 709 5519 Domini,
731 5457 793 5504 tsine
815 5451 953 5506 Dominus
982 5455 1063 5515 ἀιιι,
1093 5450 1141 5519 qui
1169 5449 1280 5503 ratione
1299 5447 1462 5516 uincuntur,
1492 5449 1714 5506 consuetudinem
1735 5450 1814 5507 nobis

51 5530 172 5595 fisub
190 5543 290 5590 ιιιιιιιι
309 5541 385 5589 mum
403 5535 568 5604 inqreditnr.
607 5533 764 5608 Cyprianus
776 5537 823 5592 hb
838 5545 862 5635 ¹i.
875 5539 955 5611 epist.
984 5546 1137 5609 opponsmt,
1160 5553 1242 5605 quasi
1237 5536 1429 5588 consuetudo
1451 5538 1545 5607 maior
1562 5539 1598 5592 sit
1616 5538 1745 5606 ιιιιιιιι,
1765 5547 1813 5594 ιιι
