4004 6022
850 249 901 331 77
920 265 1114 331 acumem.
1765 284 1827 351 40,

131 427 329 496 obediretunt,
353 444 441 498 nsque
466 428 504 482 ad
521 426 730 482 adscensionem
751 424 854 482 Christi
872 428 966 482 deten-
995 427 1061 484 bere
1087 434 1247 485 statuentes.
1256 430 1288 464 'f'
1323 433 1366 485 15.
1392 429 1559 485 Hieracitae
1585 430 1728 501 operibus.
1742 434 1958 495 simiarum·

130 519 175 567 tos
192 512 278 568 777777
294 513 324 566 in
341 512 437 583 aliqua
454 518 534 582 parte
555 510 663 579 inferni,
682 529 766 582 quam
785 512 900 568 limbum
920 528 969 582 ap·
994 521 1134 569 aeoernam
1159 515 1369 585 promerendam
1392 531 1453 570 esse
1472 522 1642 586 statuerunt,
1668 519 1734 589 qnia
1753 519 1829 577 dixe-
1841 497 1943 538 ⁶¹¹⁸¹¹¹²

131 598 250 668 pellant,
275 598 305 652 in
326 615 382 669 qna
399 596 511 668 fingunt
528 599 619 652 locum
639 597 776 667 refrigerii
793 603 822 653 et
845 597 968 653 consola·
994 607 1071 667 runt,
1095 619 1211 669 repnum
1228 603 1289 656 Dei
1306 619 1362 655 non
1376 603 1521 670 pertinere
1537 605 1578 657 nd
1590 605 1742 675 paroubs,
1766 622 1829 661 eum

131 683 224 739 777777.
260 682 305 737 De
325 683 466 739 Marcione
485 683 583 738 scribit
593 682 783 738 Tertulbanus
802 683 850 740 lib.
868 689 889 739 t.
904 683 968 737 ads.
994 704 1050 740 non
1073 687 1129 740 rint
1151 689 1192 739 cic
1218 688 1282 742 ullo
1304 688 1410 741 merita
1426 688 1600 751 certaminis,
1624 705 1679 758 quo
1696 691 1766 745 uitia
1783 710 1829 746 su·

131 768 265 825 Marcion.
284 785 308 824 7.
334 774 378 824 14:
407 767 513 836 Copias
533 769 621 821 mamb
642 767 704 832 (boc
723 775 766 822 est
784 768 885 839 pisces)
903 785 968 821 san·
990 781 1138 840 parentur,
1167 773 1338 843 Augustinus
1364 773 1399 827 de
1417 772 1521 828 haeres.
1540 791 1564 828 c.
1583 780 1624 829 47.
1660 774 1769 832 Eadem
1787 782 1831 833 est

131 857 246 909 ctiorem
262 855 354 908 cibum
375 855 537 921 deputabat.
572 852 650 908 Idem
671 850 1202 914 faciuntcarthnsianilPontifieiornm
1229 857 1334 927 opinio,
1361 860 1438 926 quod
1463 860 1567 912 nostrie
1591 861 1721 927 operibus
1748 864 1831 918 77777

63 969 65 982 ›
83 964 94 976 ·
130 946 295 1010 attempero
308 938 538 1012 quadragesimae
551 955 645 994 omnes
659 938 850 995 Pondficiirr
872 945 911 994 13.
923 937 969 993 De
994 944 1048 996 illo
1067 945 1219 999 7777777777
1237 945 1273 997 sit
1285 946 1489 1013 promerenda.
1523 945 1654 1014 ”Iidem
1672 946 1831 1003 Hieracitae

84 1013 96 1024 ”
132 1027 293 1082 Enorots'tie
311 1024 408 1079 scribit
426 1023 600 1095 Epiphanius
619 1023 724 1080 haeres.
745 1031 793 1079 ll:
819 1024 967 1078 Contineo·
993 1029 1165 1098 recipiebant
1190 1037 1299 1082 toruum
1322 1031 1471 1084 morsacbos
1490 1039 1516 1084 et
1534 1032 1685 1087 mmsacboc
1702 1032 1732 1084 in
1749 1051 1831 1089 77777

132 1114 199 1166 aaut
224 1113 339 1181 jactant
364 1111 511 1174 fallaciter
536 1111 631 1164 omnia
654 1111 799 1170 facientes.
842 1112 918 1164 Nom
942 1117 968 1162 ct
993 1117 1162 1177 uarietatem,
1180 1115 1355 1186 Augustinus
1372 1115 1477 1173 haeres.
1497 1122 1538 1172 47.
1574 1116 1620 1172 Sic
1638 1117 1715 1188 apud
1735 1118 1830 1174 Ponti·

131 1199 204 1252 inter
227 1198 359 1251 7777777777
375 1197 571 1264 reperiuntur,
597 1204 623 1250 et
642 1195 772 1250 mulieres
789 1198 969 1265 undiquaque
995 1200 1071 1257 ficies
1096 1200 1224 1256 monachi
1249 1209 1356 1257 tanmm
1374 1203 1573 1270 relipiocoram
1591 1219 1691 1259 nomen
1710 1205 1832 1260 assecuti

131 1284 291 1353 7777777777,
316 1291 342 1337 tt
360 1301 421 1336 cum
441 1283 604 1335 ruult'tru'bw
625 1283 680 1335 ileu
696 1281 824 1346 fuciunt,
843 1289 868 1334 et
885 1280 969 1334 simul
996 1293 1069 1356 sunt,
1088 1286 1230 1341 mmitatos
1247 1304 1302 1341 non
1320 1287 1459 1357 recipiunt
1470 1288 1507 1342 ad
1520 1288 1711 1344 ministerium.
1742 1288 1830 1346 Iidem

130 1387 192 1423 mem
221 1369 282 1422 ills's
311 1370 406 1422 7777777
432 1377 458 1421 et
484 1367 599 1420 illorum
625 1367 785 1420 ministeria
811 1367 969 1422 admittunt.
996 1389 1113 1443 regnum
1124 1373 1261 1428 coelorum
1274 1372 1398 1443 parvulis
1413 1373 1597 1444 denegabant,
1615 1391 1639 1429 c.
1651 1380 1829 1439 tanaustt.

131 1456 209 1511 Idem
246 1471 264 1509 a
294 1454 400 1509 clericis
435 1453 580 1523 papistieis
615 1451 676 1507 fieri
711 1451 883 1507 notusimum
918 1458 968 1505 nul·
996 1475 1021 1528 q.
1041 1464 1066 1514 3.
1102 1456 1148 1512 Sic
1170 1457 1310 1513 Pontificii
1332 1458 1450 1514 infantes
1474 1477 1529 1514 non
1548 1459 1704 1529 baptizatos
1723 1460 1752 1514 in
1770 1461 1829 1517 lim·

132 1542 211 1607 Quae
228 1549 393 1613 argumenta
409 1542 527 1595 Tatiani
540 1547 699 1608 sectatores,
719 1538 887 1604 Encratitue,
904 1553 968 1591 uon·
995 1541 1061 1596 bum
1089 1550 1167 1598 extra
1192 1559 1309 1615 regnum
1337 1544 1476 1600 coelorum
1503 1544 1697 1612 collocarint*
1731 1545 1829 1605 concil.

128 1629 210 1700 jugie
227 1634 431 1699 opposuerunt,
457 1642 529 1697 qnae
547 1625 623 1697 apud
641 1624 843 1680 Tertullianum
861 1628 890 1678 ct
908 1622 968 1678 Cle·
995 1627 1120 1683 Trident.
1140 1646 1205 1684 sess.
1225 1635 1249 1684 6.
1268 1646 1292 1686 c.
1315 1635 1352 1684 76.
1372 1637 1400 1684 et
1415 1645 1476 1684 ean.
1492 1635 1533 1686 32.
1565 1633 1609 1687 18.
1623 1630 1743 1685 Arabici
1755 1631 1830 1686 dixe·
1843 1637 1958 1680 tarnu-

131 1721 252 1770 mentem
279 1713 369 1768 adbuc
394 1717 517 1779 exstant,
541 1728 575 1766 ea
600 1728 617 1765 a
641 1709 795 1766 Pontificiis
815 1725 865 1780 pro
886 1708 969 1763 stabi·
996 1722 1075 1783 runt,
1094 1715 1204 1768 animos
1222 1734 1283 1768 eum
1300 1732 1419 1783 empore
1437 1717 1583 1784 enstinpui,
1600 1716 1775 1787 Augustinus
1795 1701 1926 1772 de⁶⁰m²

131 1800 225 1856 lisnda
247 1799 401 1856 coelibatus
426 1798 489 1868 lege
515 1796 607 1851 adhuc
633 1806 774 1867 urgentur.
815 1793 969 1849 *rusciani
997 1799 1099 1855 haeres
1122 1818 1145 1854 c.
1172 1807 1214 1857 83.
1237 1799 1413 1871 Nicephorns
1438 1800 1487 1855 177.
1505 1807 1532 1856 b.
1549 1800 1612 1858 bist.
1633 1803 1727 1857 777777.
1747 1818 1770 1856 7.
1788 1808 1830 1861 32.

134 1887 356 1940 condemnabant
380 1883 574 1942 matrimonia.
600 1899 649 1935 nec
669 1882 766 1950 pluris
786 1881 971 1934 accdmubnnt
996 1884 1089 1956 Hujus
1109 1885 1254 1942 haereseos
1273 1886 1420 1942 concilium
1433 1885 1645 1943 Comuntiense
1663 1904 1740 1942 reum
1754 1903 1832 1958 pere-

134 1990 219 2042 quam
234 1972 460 2037 fornicationem,
480 1985 530 2022 nec
549 1968 719 2035 recipiebant
739 1968 888 2020 7777777777
905 1983 970 2036 per·
997 1972 1039 2042 git
1060 1971 1217 2029 commem
1238 1972 1333 2029 XXll.
1357 1972 1489 2027 eeclesiae
1512 1972 1654 2028 Romanae
1679 1979 1778 2044 daput3
1804 1973 1834 2029 in

134 2076 220 2111 eonas
238 2058 269 2110 in
288 2075 353 2111 suos
372 2057 495 2123 ordines,
515 2054 691 2124 Augustinus
705 2052 810 2108 haeres.
826 2059 867 2108 74.
898 2053 971 2107 Pon·
997 2073 1030 2112 eo
1048 2064 1140 2114 tamen
1160 2066 1202 2112 est
1220 2057 1421 2128 discrepantia,
1440 2057 1516 2128 quod
1530 2057 1646 2114 Arabici
1663 2065 1831 2126 statuerunt,

134 2141 213 2197 tifinii
236 2142 331 2197 multis
354 2141 443 2197 modis
467 2139 616 2194 detrahunt
638 2137 763 2210 conjugii
786 2138 916 2210 7777777777
938 2154 972 2192 uc
998 2143 1105 2198 animas
1130 2161 1193 2199 cum
1220 2144 1382 2213 corporibus
1398 2144 1429 2198 in
1445 2142 1500 2199 fine
1517 2145 1604 2200 seculi
1622 2153 1833 2212 resurrecturas,

111 2218 634 2284 ·maritatns'exeluduntaministerio.
665 2230 703 2279 14.
717 2225 749 2258 **
755 2223 882 2278 Montani
890 2240 970 2293 para·
999 2230 1047 2284 sed
1071 2229 1215 2286 lohannes
1233 2229 1357 2300 pontifex
1377 2230 1507 2298 asseruit,
1532 2232 1642 2287 animas
1659 2231 1744 2286 cernel
1761 2248 1833 2287 niort

135 2315 224 2370 cletus
246 2315 323 2385 apud
347 2314 550 2369 Tertullianum
575 2312 623 2368 lib.
650 2310 971 2367 decumanorum
998 2324 1060 2368 tuas
1079 2318 1109 2368 s'n
1127 2315 1276 2369 noabeimo
1296 2317 1344 2368 die
1358 2317 1469 2370 minime
1480 2327 1697 2371 resurrecturus.
1723 2314 1832 2373 l*Sub

135 2418 219 2472 saepe
239 2400 450 2467 commendavit,
471 2415 571 2469 nempe
590 2399 715 2463 animam
728 2397 840 2467 aliquid
846 2412 971 2464 pensare
993 2402 1145 2472 jungamus
1179 2399 1222 2454 his
1253 2401 1390 2455 lincolinus
1425 2408 1453 2456 et
1482 2403 1644 2457 abelianos.
1692 2402 1833 2463 Euobitae

134 2491 216 2558 apud
235 2488 344 2551 inferos
362 2502 449 2556 usque
470 2488 511 2539 ud
527 2485 742 2538 rerurrectionis
756 2484 971 2552 plenitudinem,
997 2487 1066 2543 nihil
1084 2486 1160 2542 alind
1178 2486 1334 2555 faciebant,
1354 2504 1438 2555 guam
1454 2489 1574 2542 orabant
1591 2497 1616 2543 et
1629 2489 1832 2558 opinabantur,

134 2575 274 2630 modicum
296 2575 427 2644 quodque
447 2573 579 2627 delictum
598 2571 676 2625 laerta
694 2588 776 2624 mora
792 2569 971 2623 resurrectio·
997 2592 1053 2628 non
1073 2589 1133 2626 esee
1151 2573 1313 2642 lepitimam,
1334 2574 1484 2628 nsonacbos
1501 2575 1635 2629 laborare
1654 2575 1781 2631 montbar
1793 2575 1835 2629 ad

135 2663 195 2730 nir,
213 2663 301 2717 doner
320 2660 433 2715 catsant
452 2661 493 2712 acl
512 2660 639 2712 ultimum
659 2658 855 2726 andracum.
894 2654 971 2719 Idem
997 2660 1224 2714 emanationem
1254 2660 1327 2713 vitoe
1350 2676 1432 2729 suae,
1459 2660 1634 2731 Augustinus
1658 2659 1765 2719 haeres.
1794 2666 1834 2719 77.

134 2747 347 2802 fondamentum
369 2745 474 2800 habent
499 2743 632 2814 Papistae
656 2760 706 2813 pro
725 2739 970 2806 satisfactionibus,
999 2746 1031 2800 In
1049 2753 1155 2815 papatu
1171 2745 1298 2800 monachi
1318 2752 1347 2801 et
1364 2745 1497 2801 moniales
1514 2745 1550 2800 ad
1567 2752 1672 2803 ceruum
1687 2763 1834 2820 numerum

136 2850 206 2904 quas
223 2832 376 2903 posthanc
393 2831 478 2886 vitam
496 2829 667 2886 necessarias
680 2845 739 2883 esse
752 2827 972 2883 mntendnnt.”
998 2848 1094 2902 preces
1114 2847 1178 2886 suas
1196 2830 1297 2886 Latino
1317 2831 1449 2887 idiomate
1466 2839 1654 2903 murmurant,
1675 2833 1751 2903 qnod
1772 2833 1835 2903 plu·

136 2921 295 2973 Montanus
319 2918 425 2988 primus
447 2915 513 2984 fnit,
537 2916 585 2988 qui
611 2916 645 2969 de
667 2914 776 2984 jejunio
800 2914 876 2984 leges
898 2912 971 2973 tulit.
997 2917 1060 2972 rimi
1077 2935 1110 2973 ex
1127 2917 1183 2972 illis
1197 2935 1253 2972 nnn
1273 2917 1449 2990 intelligunt3
1483 2918 1606 2989 religiosi
1631 2935 1686 2975 non
1705 2925 1834 2977 77777777

136 3006 212 3060 unde
232 3011 385 3077 sapatum
405 3009 529 3068 νηστείας
545 3008 660 3056 vocatur
678 2999 714 3054 ab
730 2998 881 3069 Apollonio
895 2999 971 3068 apud
998 3005 1106 3074 operari
1140 3000 1288 3065 manibus.
1323 3002 1474 3060 Rememes
1504 3011 1596 3059 annot.
1632 3009 1656 3059 2.
1683 3004 1781 3058 Thess.
1810 3009 1834 3060 7.
1900 3052 1904 3059 .

136 3090 288 3145 Eusebium
308 3088 355 3143 lib.
375 3095 398 3144 5.
424 3088 487 3143 bist.
511 3088 577 3142 eccl.
602 3104 627 3141 c.
655 3093 692 3141 77.
719 3102 752 3140 77
771 3085 846 3155 quod
862 3084 973 3154 jejunis
999 3097 1064 3144 sect.
1083 3096 1106 3145 2.
1126 3089 1262 3145 Minas·
1279 3103 1335 3142 nnn
1353 3093 1420 3142 snut
1436 3088 1480 3143 usl
1497 3091 1696 3143 consuetudine
1708 3107 1833 3158 morum,

136 3177 220 3233 certis
238 3174 350 3247 legibus
369 3172 521 3229 definierat.
557 3172 787 3226 Montanistarum
806 3170 971 3225 sententiam
1000 3175 1175 3245 Augustinus
1190 3174 1293 3229 haeres.
1314 3178 1355 3229 87.
1392 3173 1439 3228 Sic
1452 3172 1593 3229 Pontificii
1605 3179 1740 3238 statuunt,
1759 3172 1834 3246 qnod

136 3261 327 3317 Tertullianus
348 3266 377 3314 et
400 3260 460 3329 ipse
482 3256 653 3312 Montanista
675 3256 721 3311 lib.
747 3256 782 3310 de
801 3256 890 3325 jejun.
908 3254 971 3308 adv.
1000 3262 1161 3315 sacerdota
1188 3269 1252 3312 astte
1280 3276 1361 3312 enam
1389 3261 1597 3316 ordinationem
1623 3261 1753 3314 maritali
1778 3277 1835 3315 non

136 3347 240 3417 Psych.
266 3364 294 3417 p.
320 3353 379 3402 770.
401 3345 441 3399 sic
467 3342 613 3399 describit:
642 3343 773 3412 Arguunt
797 3358 847 3395 nos
871 3340 975 3410 (inquit
1000 3349 1117 3402 debeam
1134 3347 1176 3399 ad
1190 3362 1292 3401 actores
1309 3362 1376 3399 ruas
1395 3346 1541 3415 accedere,
1565 3347 1690 3414 77777777
1708 3348 1764 3401 rint
1782 3347 1835 3405 ade

137 3433 173 3489 de
188 3431 338 3488 Catholicis
357 3431 498 3503 loquens),
521 3431 598 3499 quod
610 3429 727 3498 jejunia
742 3427 866 3497 propria
884 3435 973 3480 custo-
999 3435 1052 3488 buc
1082 3448 1177 3485 cortem
1205 3446 1322 3499 777777,
1349 3429 1478 3494 Bemens.
1508 3431 1571 3487 Act.
1605 3438 1645 3489 27.
1672 3439 1738 3487 sect.
1770 3431 1834 3487 1.**

140 3521 262 3584 diamur,
280 3519 356 3587 qaod
374 3519 506 3570 elationes
518 3515 686 3583 plenamque
704 3515 734 3567 in
752 3529 897 3582 uesperam
904 3529 973 3580 pro·
1001 3522 1042 3573 17.
1062 3506 1179 3584 oncant
1195 3515 1321 3570 tribuunt
1340 3523 1460 3581 veteres,
1481 3517 1557 3587 quod
1576 3518 1713 3582 statuerit,
1732 3517 1835 3586 impios
1848 3532 1965 3583 7777777-

140 3608 290 3668 ducamuc,
312 3604 389 3672 quod
408 3603 491 3654 etiam
508 3600 697 3670 xerophagias
717 3599 904 3666 observemus,
921 3598 974 3652 tic·
1000 3606 1113 3658 tandem
1138 3619 1198 3657 esse
1223 3603 1384 3656 sanandos.
1420 3601 1495 3657 Huic
1519 3603 1603 3658 errori
1622 3621 1677 3658 non
1695 3603 1835 3665 dissimilis
1848 3587 1892 3627 ¹¹¹¹·

139 3699 235 3745 777777
260 3689 350 3743 cibum
373 3689 409 3742 ab
432 3688 508 3742 moni
530 3704 616 3740 corut
634 3694 660 3738 et
679 3685 755 3738 omni
766 3683 929 3753 jurulentia
949 3691 975 3736 ut
1001 3697 1043 3746 est
1068 3689 1164 3759 opinio
1188 3687 1330 3742 Catharmi
1354 3689 1383 3743 in
1406 3698 1553 3745 comment.
1594 3689 1680 3745 Hebr.
1709 3697 1731 3746 t.
1757 3697 1786 3746 et
1806 3689 1836 3745 in

138 3776 313 3832 uvidioribuc
331 3775 483 3843 quiburqut
496 3773 599 3843 poturit,
616 3788 651 3825 uu
670 3771 741 3840 quid
758 3769 915 3823 tumulat&
931 3769 975 3822 vul
1000 3794 1098 3832 comm
1122 3781 1147 3832 2.
1175 3774 1251 3830 Petr.
1270 3779 1295 3829 3.
1314 3776 1391 3842 quod
1408 3783 1488 3829 terra
1500 3783 1567 3844 post
1587 3777 1661 3830 diem
1672 3776 1783 3844 judicii
1799 3776 1837 3830 eit

139 3865 257 3917 edamus
282 3861 326 3915 uel
343 3868 486 3929 potemur,
513 3858 626 3913 taccat
647 3873 754 3926 quoquc
778 3855 975 3910 abelinunls'um
1000 3864 1178 3929 mactanda,
1205 3868 1236 3913 ut
1267 3860 1305 3912 ss't
1329 3859 1519 3914 babitaculum
1546 3862 1661 3915 illorum
1686 3861 1836 3930 hominurn

140 3956 334 4017 conprrsentem
353 3947 439 3999 arido
455 3944 549 4012 victui,
566 3942 814 4012 nouitatemr'pr'tur
828 3941 976 4010 objectant,
1002 3951 1050 4018 qni
1069 3966 1118 4002 nec
1136 3947 1229 4013 coelo,
1248 3963 1298 3999 nec
1317 3946 1431 4011 inferno
1451 3947 1533 4014 digni
1548 3947 1612 4000 sint.
1651 3951 1692 4004 ta.
1709 3946 1753 4002 De
1773 3947 1836 4001 Mc·
1849 3952 1963 3996 781717-

140 4039 176 4091 a
192 4036 274 4105 aja
292 4034 396 4088 cram
411 4031 618 4102 pacatum
638 4037 687 4106 cc
705 4028 834 4082 aaran
845 4027 975 4095 recreas·
1002 4033 1115 4088 ursana
1140 4031 1226 4086 resen
1252 4029 1443 4086 moraretur
1468 4030 1517 4087 nb.
1544 4037 1568 4087 7.
1592 4030 1695 4087 buret
1715 4031 1771 4087 rab.
1789 4048 1836 4088 co·
1850 4006 1971 4048 ‘'⁸¹¹⁰“³·

140 4125 218 4191 dans,
240 4123 267 4175 ti
284 4123 408 4175 humanu
422 4119 597 4188 praetumidi
616 4125 664 4184 tul,
684 4125 732 4169 auf
749 4113 976 4183 Pltudvprophb·
1002 4123 1032 4174 in
1061 4120 1120 4172 suis
1149 4118 1241 4170 enoria
1270 4117 1366 4170 multia
1394 4134 1461 4170 usos
1490 4133 1549 4170 esse
1573 4117 1769 4171 tintinnabulis
1796 4119 1838 4175 ad

141 4203 696 4277 tiampronuntiandam,st'spiritualis
715 4200 977 4268 inanimatorum
1004 4209 1097 4260 Deam
1117 4203 1293 4271 placandum
1319 4209 1346 4255 ct
1371 4201 1589 4269 deprecandum.
1630 4202 1757 4257 Eandem
1781 4202 1838 4266 vim

140 4311 251 4365 777777
278 4309 310 4346 ec
332 4299 419 4361 parte
446 4291 596 4344 anathema
621 4290 788 4356 erudiamus,
816 4287 866 4354 qut'
891 4285 976 4338 ulitur
1001 4288 1140 4345 Pontificii
1160 4288 1286 4342 tribuunt
1297 4288 1440 4356 campanis
1454 4287 1632 4356 consecratis,
1645 4287 1720 4358 quod
1732 4287 1839 4345 sanitas

141 4379 351 4435 adnuntiamus.
385 4377 433 4432 Ab
449 4377 501 4430 hoc
512 4376 645 4430 Montano
659 4368 977 4443 acceperuntPoutificii
1003 4393 1097 4430 earum
1115 4375 1264 4429 daemonas
1283 4371 1370 4441 pellat
1388 4378 1417 4426 et
1434 4371 1549 4443 fulgura
1566 4378 1682 4429 7777777.
1719 4376 1761 4428 19.
1779 4375 1974 4429 17717777·-

140 4467 219 4537 bges
237 4464 408 4535 Jejnniornm
429 4470 457 4518 et
480 4459 608 4516 monachi
626 4476 691 4513 suas
708 4455 900 4528 xerophagias.
934 4453 977 4509 De
1003 4461 1112 4515 cationi
1136 4458 1288 4526 docebant,
1309 4463 1444 4527 perpetuo
1463 4458 1648 4513 dubitandum
1666 4475 1727 4514 esse
1745 4460 1780 4517 de
1797 4475 1838 4521 ref
1852 4432 1972 4471 transcen.

141 4552 275 4608 Montano
299 4550 384 4606 etiam
408 4548 505 4605 scribit
525 4545 699 4617 Epiphanius
717 4544 823 4599 baares.
841 4548 883 4597 48.
902 4541 980 4610 prud
1005 4547 1133 4601 mirdane
1155 4551 1346 4615 peccatorum,
1377 4544 1443 4613 quia
1465 4545 1589 4614 exeeptis
1612 4545 1787 4615 gravioribus
1809 4559 1840 4600 se

93 4665 97 4672 ·
143 4637 310 4707 Scripturas
317 4653 423 4706 parum
435 4633 593 4699 arraserit5
612 4647 667 4701 qna
684 4630 714 4684 in
731 4639 812 4700 parte
825 4635 979 4698 sequuntur
1004 4632 1136 4687 dicebant
1162 4629 1271 4684 verbm
1299 4629 1424 4686 relaxare
1450 4629 1587 4685 duntaxat
1614 4630 1775 4699 levioribus,
1805 4646 1840 4692 cc

143 4741 207 4779 eum
224 4722 380 4791 Pontificii,
400 4721 449 4792 qui
469 4716 685 4790 imperfectionis
703 4722 732 4772 et
743 4713 919 4770 obscuritatis
931 4728 978 4766 eas
1004 4719 1062 4772 eali
1078 4719 1143 4770 Deo
1160 4716 1390 4771 remittendorum
1407 4716 1554 4769 ciminum
1567 4724 1736 4784 potestatem
1746 4733 1840 4772 77777-

143 4814 273 4881 arguunt.
317 4806 503 4864 Montanistae
527 4803 659 4876 Spiritum
683 4807 809 4857 sanetum
834 4800 902 4868 ribi,
924 4817 980 4852 non
1006 4813 1061 4857 tam
1080 4820 1147 4870 esce,
1167 4800 1330 4855 Ambrosius
1349 4798 1397 4854 777.
1418 4807 1440 4856 7.
1457 4800 1493 4855 de
1510 4800 1615 4871 poenit.
1633 4818 1657 4858 c.
1671 4807 1696 4858 2.
1713 4802 1801 4858 77777.
1815 4806 1840 4858 2
1875 4811 1879 4819 '

142 4895 282 4964 apostolis
303 4895 431 4959 infamem
450 4890 674 4961 praedicabant,
698 4888 728 4942 in
751 4885 885 4957 supplem.
905 4885 979 4938 haer.
1006 4906 1029 4943 c.
1049 4896 1073 4944 5.
1108 4888 1220 4959 Dogma
1238 4885 1418 4940 dubitationis
1437 4886 1534 4941 itidem
1553 4886 1706 4942 stabilitum
1724 4887 1753 4942 in
1774 4903 1838 4943 nnn·

142 4980 211 5052 phil
256 4980 302 5035 Sic
327 4977 474 5050 pontifices
499 4975 618 5031 Romani
643 4974 798 5046 gloriantur
824 4971 860 5026 de
887 4971 979 5025 imme-
1007 4973 1069 5043 cilio
1087 4972 1250 5028 Tridentino
1268 4988 1326 5025 sess
1349 4976 1373 5025 6.
1392 4987 1417 5027 7.
1436 4978 1459 5027 9.
1490 4970 1715 5029 lllleeussbant
1733 4988 1780 5027 777
1799 4989 1841 5028 re·

143 5067 222 5122 diata
237 5066 356 5137 Spiritus
381 5065 471 5119 sancti
489 5062 661 5130 assistentia,
685 5059 794 5114 interim
813 5056 898 5111 libros
915 5074 979 5129 apo·
1006 5061 1107 5130 cipere,
1128 5058 1176 5129 qui
1195 5057 1296 5126 relapsi
1315 5063 1394 5111 erant
1406 5057 1435 5110 in
1448 5057 1632 5113 idololatriam
1644 5076 1693 5115 seu
1706 5056 1841 5114 haeresin.

74 5165 129 5212 377.
144 5153 256 5209 77777777
271 5150 450 5223 Spiritu-Dei
468 5150 585 5219 scriptos
604 5148 660 5203 suis
673 5146 791 5201 decretis
803 5150 980 5215 postponunt
1007 5146 1054 5201 Sic
1072 5145 1147 5214 apud
1165 5142 1326 5198 Pontificius
1355 5142 1457 5213 relapsi
1475 5143 1504 5196 in
1523 5143 1650 5199 haeresin
1668 5151 1734 5198 eunt
1750 5145 1843 5199 curiae

143 5237 312 5310 ”Aquarii
343 5235 475 5292 haeretiei
508 5235 549 5289 777
578 5235 646 5289 dieti
673 5240 752 5298 sunt,
787 5229 853 5301 qnia
878 5246 980 5297 aguam
1008 5230 1125 5285 seculari
1150 5229 1294 5290 tradendi,
1322 5228 1389 5282 licet
1410 5229 1553 5297 poeniteat
1574 5245 1620 5284 eos
1644 5236 1673 5284 et
1697 5230 1734 5284 ad
1759 5228 1843 5285 fidem

143 5324 237 5380 solata
264 5323 417 5394 offerebant
443 5321 474 5373 in
501 5321 606 5389 777777,
631 5336 655 5375 c.
680 5324 722 5374 38.
748 5333 822 5370 caus.
848 5320 889 5371 24.
913 5333 938 5386 q.
958 5322 980 5370 3.
1007 5316 1131 5382 redeant,
1151 5316 1226 5369 Sext.
1247 5315 1349 5369 decret.
1367 5314 1416 5369 lib.
1433 5321 1456 5368 b.
1475 5315 1517 5367 tit
1531 5319 1555 5370 2.
1577 5330 1600 5369 n.
1614 5321 1638 5371 4.
1657 5313 1737 5370 Alex.
1748 5314 1844 5373 ΝΕ*

141 5410 194 5464 Ad
211 5408 273 5463 illos
294 5408 418 5479 proxime
437 5406 575 5461 accedunt
593 5403 742 5470 Pontificii,
761 5418 817 5455 unu
836 5416 901 5454 cnm
919 5400 982 5455 vino
1009 5401 1157 5459 Novatiani
1175 5401 1258 5456 etiam
1279 5418 1308 5456 se
1326 5417 1411 5471 puros
1429 5405 1458 5455 et
1478 5400 1595 5455 mundos
1613 5400 1753 5470 dicebant,
1770 5402 1845 5459 unde

142 5497 177 5554 in
200 5494 289 5551 777777
316 5493 500 5552 euehmisticn
523 5507 626 5563 aqnans
649 5488 806 5548 7777777777
825 5483 916 5543 offerri
936 5487 982 5545 de·
1009 5505 1039 5544 77
1056 5487 1131 5557 ipsos
1151 5489 1291 5542 Gatboroc
1309 5485 1506 5558 gloriosissimo
1527 5484 1637 5553 nomine
1656 5487 1845 5559 appellabant,

1456 5589 1510 5643 31·
