4004 6022
805 276 870 333 'DE
889 276 1013 336 motta
1031 276 1168 337 (ῈΟΕΗΔ.Δ
1189 288 1194 315 ¹
1215 298 1219 307 ·
1766 288 1828 348 tto

149 429 334 498 metabatur,
361 430 507 497 describit,
532 432 574 489 ita
594 438 627 487 ut
649 432 752 489 diserte
773 433 895 489 nommet
913 448 971 488 rem
998 442 1024 487 et
1048 434 1194 502 canpains'e
1218 433 1325 488 Christi
1346 434 1531 489 inhonoravit.
1580 433 1636 497 Qui
1659 435 1753 504 iteam
1776 436 1831 490 sita

150 517 233 586 iham,
252 519 333 588 cujus
349 517 440 572 abusu
462 525 491 572 et
506 519 657 576 violatione
671 520 808 591 judicium
826 518 972 574 cannabu-
996 518 1161 582 inhonorat,
1185 521 1211 573 ir
1230 520 1315 574 simol
1332 520 1484 574 inhonorat
1500 519 1632 574 coelam
1649 523 1739 589 dona,
1759 538 1832 592 quae

147 610 193 659 tur.
232 604 316 659 Certe
332 602 362 657 in
383 621 438 675 quo
456 605 565 676 objecto
583 613 682 676 peccat
692 605 773 671 actio,
794 606 822 659 in
836 622 869 660 eo
882 606 971 675 ipsam
992 621 1049 672 per
1059 606 1114 659 atta
1125 606 1320 672 significantur
1332 613 1358 658 et
1370 608 1580 672 confirmantur,
1598 608 1833 675 quemamodum

146 689 281 746 actionem
299 691 403 746 vasari
420 703 535 746 necesse
551 696 601 748 est.
636 690 701 746 lam
720 708 785 746 vero
802 696 894 745 reatus
912 707 970 746 aar
996 689 1023 743 si
1040 692 1103 761 qais
1120 692 1218 744 bemus
1235 699 1260 745 et
1278 692 1377 760 sigilla
1397 689 1529 745 Caesarie
1546 691 1732 747 irreverenter
1748 693 1830 748 babet

145 775 215 846 poris
232 784 262 831 et
280 777 421 849 sanguinis
436 776 537 832 Christi
555 777 735 845 contrahitur,
754 794 809 831 non
822 776 970 849 quomodo·
997 784 1024 830 et
1044 778 1166 846 pedibas
1184 777 1343 846 camatcat,
1369 777 1395 831 ie
1417 777 1602 833 irreverenter
1621 779 1703 832 babet
1723 778 1828 833 Caeca·

144 879 260 934 cunqne,
277 863 326 918 sed
344 863 458 934 indigne
476 863 669 918 manducando
686 869 715 918 et
732 864 861 919 bibendo.
900 863 971 918 Cou-
996 879 1055 917 rem
1074 863 1166 932 ipsum
1184 872 1210 917 et
1229 864 1376 917 contemnit
1393 864 1473 928 bona,
1492 881 1564 934 qnae
1576 865 1696 935 ipaiper
1705 868 1826 922 testimo-

144 966 260 1021 sequeus
278 967 345 1021 argo
361 956 411 1019 est,
428 950 518 1022 ipsum
530 951 631 1005 Christi
647 967 747 1021 corpus
763 956 792 1005 et
808 950 971 1021 sanguinem
997 951 1074 1003 mam
1096 950 1188 1018 sipiiti
1206 951 1375 1007 cohibentur.
1418 951 1505 1021 Atqui
1535 957 1557 1005 1.
1577 951 1602 1005 si
1619 951 1735 1024 indigne
1752 969 1828 1008 man·

144 1035 177 1090 ab
199 1036 324 1107 indignis
349 1036 379 1090 in
396 1054 449 1091 usn
468 1054 562 1091 sacrae
580 1053 683 1093 coenae
701 1038 813 1107 percipi.
850 1042 874 1092 4.
891 1036 971 1101 Quod
997 1037 1131 1090 ducentes
1155 1036 1264 1091 edendo
1291 1037 1330 1092 rei
1352 1036 1424 1091 fiunt
1448 1038 1569 1108 corporis
1587 1037 1704 1108 Christi,
1733 1039 1831 1110 utique

144 1121 277 1192 exprimat
295 1123 377 1177 etiam
397 1123 508 1177 modum
526 1135 631 1193 reatus,
657 1139 713 1194 qua
737 1122 843 1177 scilicet
867 1122 972 1177 ratione
997 1129 1080 1177 etiam
1098 1123 1167 1177 illud
1187 1123 1350 1180 comedunt:
1371 1129 1395 1178 2.
1412 1141 1466 1178 non
1484 1130 1576 1195 potest
1594 1124 1655 1180 dari
1674 1123 1830 1195 exemplum

144 1206 251 1280 indigni
269 1211 308 1264 rei
326 1209 396 1263 tiant
415 1209 536 1279 corporis
556 1216 584 1264 et
601 1209 744 1281 sauguinis
764 1208 875 1278 Christi,
894 1209 972 1263 nimi-
998 1209 1073 1280 quod
1091 1209 1153 1280 quis
1173 1226 1236 1263 reue
1256 1207 1307 1262 fiat
1324 1225 1390 1263 casu
1410 1209 1543 1280 giguendi
1561 1210 1636 1281 apud
1648 1209 1771 1266 Graecas
1789 1211 1829 1267 rei

143 1311 202 1348 ram
228 1295 343 1365 indigne
372 1295 565 1350 manducando
586 1312 620 1351 ae
643 1294 773 1352 bibendo.
813 1296 972 1365 Qaimtnprse
998 1295 1116 1365 alicujus
1135 1296 1270 1360 molatae,
1298 1313 1380 1367 quam
1398 1313 1539 1368 nunquam
1558 1297 1673 1370 indigne
1690 1297 1829 1352 decutit.

144 1383 354 1436 manducaverit
366 1400 469 1452 panaro
487 1383 558 1435 bano
576 1383 705 1451 indigne,
725 1383 769 1436 oet
788 1382 887 1436 biberit
904 1382 973 1436 eali·
999 1388 1023 1437 3.
1047 1381 1101 1446 Qui
1123 1382 1209 1436 violat
1234 1382 1356 1454 diploma
1374 1383 1501 1439 Caesaris
1522 1401 1578 1438 non
1598 1383 1700 1439 dieitur
1717 1382 1829 1455 proprie

144 1484 200 1522 cem
217 1468 339 1522 Domini
354 1469 475 1536 indique,
493 1486 559 1521 reia
576 1469 629 1521 erit
646 1470 774 1538 corpor-ia
787 1475 814 1522 et
826 1469 973 1537 sononinir
998 1483 1061 1522 rens
1087 1467 1147 1522 fieri
1168 1467 1307 1537 Cameris,
1333 1469 1383 1525 sed
1405 1467 1526 1523 criminis
1547 1469 1641 1533 laesae
1666 1471 1826 1540 majestatie

73 1556 133 1602 tae
146 1554 253 1609 Christi
269 1571 295 1607 v.
318 1559 358 1611 29.
395 1555 450 1617 Qui
475 1555 589 1621 indigne
606 1556 759 1609 mandrmat
778 1562 805 1608 at
823 1555 902 1621 bibit,
923 1555 973 1623 ja·
999 1557 1023 1608 4.
1042 1552 1072 1609 Si
1089 1570 1221 1625 quaeras,
1243 1573 1280 1608 an
1294 1554 1459 1610 conculcans
1479 1555 1599 1626 pedibus
1617 1557 1739 1626 diploma
1760 1556 1829 1613 Cae-

145 1640 247 1695 dicium
273 1641 407 1707 tibiipsi
427 1644 580 1695 mandacat
601 1649 627 1695 et
650 1640 724 1698 bibit.
759 1642 832 1708 Quia
848 1657 914 1712 ergo
931 1640 972 1693 in·
999 1640 1068 1693 saris
1087 1639 1343 1696 reusiiateriminis
1356 1641 1448 1696 laesae
1459 1642 1620 1713 majestatis,
1639 1643 1829 1714 respondetur,

144 1726 220 1799 digni
243 1728 443 1780 manducando
468 1745 502 1780 ac
521 1728 638 1780 bibenm
657 1727 697 1781 rei
715 1727 785 1781 fiunt
806 1726 926 1797 corporis
946 1732 974 1781 et
998 1742 1053 1780 non
1079 1726 1145 1796 quia
1170 1726 1315 1782 Caesarem
1342 1727 1460 1798 pedibus
1485 1728 1671 1792 conculcavit,
1698 1729 1747 1783 sad
1765 1730 1832 1802 quis

144 1813 284 1885 sanguinis
303 1812 412 1881 Christi,
431 1831 464 1867 ex
484 1830 516 1868 eo
533 1814 644 1868 immate
656 1813 788 1884 seqnitur,
807 1813 881 1885 quod
896 1829 972 1867 man·
999 1812 1122 1882 diploma
1150 1812 1275 1869 Caesaris
1303 1813 1421 1885 pedibus
1449 1814 1630 1870 conculcarit
1674 1814 1780 1870 Rursus
1807 1816 1831 1870 si

143 1900 245 1956 ducent
267 1899 296 1953 in
324 1917 404 1954 sacra
426 1917 513 1955 coena
531 1916 631 1970 corpus
649 1904 677 1956 et
695 1899 792 1955 bibant
808 1898 972 1970 sanguinem
999 1915 1129 1969 quaeras,
1151 1916 1200 1954 cur
1217 1900 1331 1970 indigne
1348 1900 1549 1956 manducantes
1565 1899 1607 1955 rei
1624 1899 1693 1955 fiant
1710 1901 1831 1973 corporis

144 1985 252 2040 Christi.
289 1993 312 2041 b.
339 1985 420 2050 Quod
449 1986 581 2056 peculiari
609 1993 637 2041 et
663 1986 692 2040 in
717 1985 868 2056 scripturis
888 1985 972 2040 seems
1000 1983 1111 2053 Christi,
1129 1986 1278 2055 respondet
1289 1986 1402 2054 Paulus,
1422 1987 1490 2056 qaia
1507 2004 1562 2041 non
1581 1987 1754 2056 dijudicavit
1771 2006 1831 2043 cor·

143 2089 202 2128 raro
229 2071 360 2144 loquendi
380 2073 460 2127 modo
479 2072 651 2144 pronuntiet,
679 2073 812 2141 indipnos
833 2072 972 2140 indiciam
995 2088 1054 2138 pase
1078 2073 1197 2126 Domini
1204 2093 1215 2140 ,·
1244 2079 1342 2128 eontra
1367 2072 1520 2137 Tossauus,
1547 2074 1616 2143 qssio
1640 2091 1725 2127 sacra
1750 2075 1832 2143 signa

142 2160 195 2214 abi
218 2159 392 2213 manducare
415 2168 441 2213 et
464 2161 569 2229 bibere,
592 2166 624 2214 ut
641 2158 747 2231 liquida
765 2159 905 2226 ostendat,
931 2158 971 2212 in-
999 2158 1184 2213 irreverenter
1201 2161 1305 2214 badad.
1337 2161 1415 2216 Idem
1435 2160 1575 2216 'rossanus
1586 2160 1745 2230 arbitratur,
1765 2179 1833 2231 apo·

143 2245 255 2316 dignam
283 2246 521 2301 manducationem
550 2262 583 2300 aa
609 2244 772 2301 bibitionem
798 2262 858 2300 esse
881 2245 971 2314 ipsum
998 2245 1099 2298 etaiam
1124 2247 1203 2314 maai
1221 2248 1341 2316 proprie
1368 2249 1403 2300 de
1422 2248 1523 2317 poenis
1547 2249 1749 2316 temporalibus
1773 2265 1831 2302 ere·

143 2331 210 2387 illud
227 2331 357 2400 medium,
375 2348 425 2402 per
445 2333 519 2403 quod
537 2332 644 2403 indigni
661 2331 701 2386 rei
718 2331 787 2386 fiant
804 2331 925 2402 corporis
943 2337 972 2386 et
999 2331 1127 2384 dentibus
1156 2332 1270 2400 inflictis
1298 2334 1332 2384 ob
1358 2332 1568 2386 irreverentiam
1594 2340 1621 2385 et
1647 2334 1831 2403 nepiipentem

142 2416 285 2490 sanguinis
295 2417 397 2473 Christi
416 2434 449 2471 ac
463 2418 600 2489 judicium
613 2417 665 2472 sibi
677 2417 827 2473 attrahant.
855 2424 879 2473 6.
890 2416 971 2482 Quod
998 2433 1099 2470 coenae
1116 2420 1318 2472 narratorem.
1348 2418 1435 2489 Atqui
1455 2417 1595 2489 apostolus
1611 2420 1741 2490 proponit
1754 2436 1830 2475 seve-

141 2523 252 2562 eensam
271 2509 299 2561 et
315 2505 426 2560 modum
446 2505 587 2575 exprimat,
608 2520 694 2576 quaro
711 2503 817 2574 indigui
832 2503 969 2573 judicium
996 2519 1055 2557 ram
1070 2504 1309 2560 comminationem
1325 2521 1476 2576 poenarum
1492 2505 1684 2575 temporalium
1700 2514 1728 2562 et
1742 2512 1829 2562 aeter·

141 2593 192 2648 sibi
212 2591 394 2660 manducent,
421 2591 550 2645 nimirum
567 2591 635 2660 assia
655 2608 712 2644 non
731 2590 894 2643 adamant
910 2607 970 2642 cor·
996 2607 1094 2645 narum
1112 2590 1243 2646 adversus
1260 2591 1449 2662 profanatores
1465 2608 1576 2648 coenae.
1612 2591 1673 2648 Nisi
1694 2591 1828 2647 Corinthii

138 2698 192 2750 pac
208 2679 343 2744 Domini,
366 2675 397 2731 οὐ
422 2679 597 2750 διακρίνουσι
618 2677 650 2730 τὸ
680 2678 760 2748 σῶμα
783 2680 832 2730 rori
855 2681 970 2749 Κυρίου,
995 2675 1036 2730 illi
1051 2675 1168 2732 fuissent
1183 2676 1285 2731 morbis
1301 2677 1449 2747 emendati,
1461 2694 1524 2732 cum
1538 2678 1623 2750 impio
1635 2679 1739 2734 munda
1754 2678 1829 2734 dam·

140 2766 166 2820 id
195 2771 239 2821 est
255 2782 320 2818 -non
348 2764 402 2820 alio
431 2765 536 2829 animo,
565 2781 617 2819 nee
642 2764 740 2834 majori
764 2764 917 2820 reverentia
933 2763 970 2817 ad
995 2761 1134 2819 naborem
1158 2763 1346 2821 incurrissent.
1355 2766 1383 2800 *⁸
1420 2764 1505 2820 Edita
1525 2770 1592 2820 sunt
1614 2764 1703 2820 biblia
1727 2765 1831 2823 Latina
1932 2825 1935 2832 ,

140 2869 254 2909 coenam
271 2851 447 2907 Dominicam
463 2851 614 2915 accedunt,
642 2868 725 2923 quam
742 2850 817 2905 sicut
833 2851 863 2904 in
881 2851 971 2921 priva·
996 2849 1171 2905 haucoiurti
1195 2867 1269 2905 anno
1293 2856 1367 2907 1591.
1393 2852 1422 2906 in
1446 2852 1547 2922 quibus
1569 2851 1639 2907 baec
1664 2851 1758 2923 glossa
1776 2851 1830 2923 ipsi

141 2939 175 2993 tis
194 2939 312 2994 aedibus
330 2938 406 2992 cibos
426 2954 582 2993 communes
599 2943 733 3005 tractant,
765 2953 820 2991 non
839 2937 970 3008 cogitant,
995 2936 1084 2992 textui
1104 2935 1221 3002 biblico,
1248 2937 1401 2993 minoribus
1425 2944 1518 2994 tamen
1543 2936 1761 2997 characteribus.
1787 2943 1831 2993 est

140 3041 269 3095 praesens
296 3024 394 3079 adesse
419 3024 509 3094 ipsum
536 3039 636 3095 eorpus
661 3023 765 3078 Christi
791 3029 875 3094 atque
900 3022 970 3077 illud
997 3023 1114 3090 inserta,
1138 3023 1178 3078 sia
1202 3023 1276 3079 enim
1302 3023 1427 3080 redditur
1448 3029 1541 3079 textus
1564 3024 1746 3094 apostolicus:
1777 3024 1833 3086 Qus·

140 3112 279 3167 mediante
306 3110 452 3166 benedicto
482 3127 552 3181 pane
583 3109 813 3165 manducantibus
838 3110 970 3166 exhiberi.
998 3110 1168 3162 manducant
1189 3110 1318 3177 indipne,
1350 3111 1395 3163 rei
1420 3111 1491 3174 finnt
1513 3111 1604 3180 spreti
1627 3110 1755 3180 corporis
1777 3114 1828 3164 etc.

140 3197 268 3254 Ostendit
295 3197 400 3268 igitur,
429 3197 558 3268 indiguos
584 3196 613 3250 in
640 3213 719 3251 sacra
745 3212 832 3252 coena
855 3196 970 3267 indigne
997 3199 1030 3249 ut
1050 3193 1267 3265 significaretur,
1290 3194 1419 3266 indignos
1440 3202 1548 3250 reatum
1573 3195 1651 3250 illum
1668 3194 1831 3250 conuehere

140 3286 307 3342 manducare
323 3301 378 3339 non
396 3284 484 3338 solum
503 3300 616 3354 panem,
634 3284 683 3338 sed
700 3283 792 3353 ipsum
812 3283 894 3338 etiem
912 3301 970 3340 cor·
997 3298 1053 3335 non
1072 3280 1276 3348 manducando,
1293 3280 1342 3335 sed
1360 3281 1514 3349 spernendo
1526 3297 1626 3352 carpus
1638 3280 1748 3337 Christi.
1774 3281 1829 3336 Sed

139 3390 193 3444 pus
215 3371 330 3441 Christi,
354 3371 429 3442 quod
454 3386 471 3424 a
496 3367 658 3441 vulgaribus
680 3368 750 3422 cibis
769 3367 924 3424 discernere
942 3375 971 3425 et
997 3367 1178 3422 observentur
1202 3366 1284 3421 modo
1308 3382 1353 3432 ea,
1375 3382 1447 3437 quae
1471 3366 1555 3436 paulo
1579 3373 1642 3421 ante
1659 3366 1688 3421 in
1707 3366 1829 3421 medinm

141 3459 236 3514 debita
261 3457 415 3513 reverentia
440 3462 561 3511 tractare
584 3454 733 3509 debebant
774 3461 798 3510 7.
822 3453 903 3518 Quod
929 3454 970 3508 di·
997 3451 1163 3507 adduximus
1190 3458 1218 3508 et
1240 3454 1274 3506 de
1301 3451 1352 3507 hoc
1375 3451 1452 3506 inani
1478 3451 1583 3523 effugio
1605 3451 1688 3507 facile
1707 3452 1829 3522 judicari

141 3544 239 3600 stincte
263 3543 436 3615 pronuntiet,
466 3542 598 3607 indignos
620 3541 690 3609 fieri
711 3556 776 3593 reos
799 3541 926 3610 corporia
945 3549 970 3593 et
997 3539 1104 3610 poterit.
1141 3539 1245 3594 Restru
1271 3539 1318 3593 ille
1348 3540 1469 3610 corporis
1496 3543 1526 3594 et
1553 3538 1696 3609 sanguinis
1716 3537 1827 3608 Christi,
1880 3538 1882 3545 '

140 3631 287 3700 aanpainia
307 3629 425 3696 Christi,
454 3635 482 3683 et
504 3627 616 3699 quidem
636 3627 751 3696 indipne
771 3628 969 3681 manducanda
998 3626 1135 3697 quomodo
1161 3625 1339 3680 conhabatur
1365 3624 1401 3679 ab
1430 3624 1566 3698 indignis,
1593 3642 1649 3680 non
1676 3644 1710 3682 ex
1735 3631 1829 3682 cosmo

142 3724 168 3768 at
197 3717 313 3786 indipne
339 3716 463 3769 bibendo.
500 3713 571 3768 item
597 3713 726 3784 indignos
747 3713 892 3781 judiciam
916 3715 972 3766 sibi
998 3713 1120 3778 cerebro,
1138 3712 1187 3768 sed
1206 3729 1240 3767 ex
1257 3712 1375 3782 apostoli
1394 3711 1487 3768 verbis
1504 3704 1691 3768 deliniendum
1709 3719 1763 3782 est3
1781 3712 1830 3784 qui

141 3804 355 3856 manducarem
373 3803 472 3857 bibere.
511 3799 641 3855 Ostendit
663 3799 763 3871 igitur,
789 3815 819 3853 se
842 3799 918 3872 loqui
936 3801 971 3855 de
998 3806 1026 3856 et
1054 3799 1168 3854 modum
1193 3804 1286 3854 reatus
1315 3804 1343 3853 et
1367 3798 1508 3870 obiectum
1535 3800 1755 3855 manducationis
1783 3816 1829 3855 ex·

142 3890 189 3943 tali
208 3889 325 3960 indigna
343 3888 491 3955 sumtione,
518 3903 590 3958 quae
607 3902 664 3941 non
681 3886 769 3941 fertur
785 3903 841 3941 una
858 3891 925 3941 actu
942 3887 971 3941 in
998 3884 1106 3956 pressit.
1150 3886 1213 3942 Non
1245 3885 1406 3957 simpliciter
1436 3886 1505 3941 dicit
1531 3884 1687 3956 apostolus,
1717 3901 1830 3940 musam
1843 3889 1927 3935 Len.

142 3994 226 4031 unum
238 3975 385 4047 objectum,
400 3975 449 4029 sed
461 3974 592 4029 distinete
602 3974 862 4044 mandueatcorpus
872 3971 973 4028 Christi
999 3972 1073 4027 illins
1091 3979 1185 4028 reatus
1204 3989 1264 4029 esse
1284 3973 1428 4046 indignam
1447 3972 1697 4040 manducationem,
1714 3974 1763 4027 sed
1782 3990 1831 4029 na·

143 4063 256 4135 indigue
274 4070 303 4118 et
320 4061 393 4116 bibit
410 4061 572 4133 sanguinem
590 4061 651 4131 ejus
668 4060 798 4131 indigne,
816 4075 850 4114 ao
869 4059 905 4115 de
921 4059 973 4115 tali
999 4064 1091 4114 tauter
1117 4060 1260 4131 exprimit,
1289 4060 1420 4130 quidnam
1445 4058 1515 4113 illud
1539 4058 1589 4123 sit,
1620 4059 1695 4129 quod
1715 4057 1831 4130 indigue

143 4156 234 4216 reatu,
258 4148 305 4220 qui
329 4148 480 4203 secundum
504 4147 650 4202 distinctas
673 4145 854 4201 eucharistiae
879 4153 972 4217 partes
1000 4146 1169 4202 manducant
1194 4152 1223 4201 et
1247 4144 1300 4201 hac
1315 4145 1423 4200 ratione
1442 4151 1549 4200 reatum
1569 4144 1646 4200 illum
1667 4146 1831 4201 coenabant

145 4235 338 4307 distinguitur,
370 4235 410 4287 ita
435 4233 541 4287 scilicet
564 4239 596 4287 nt
621 4231 736 4303 indigna
762 4232 973 4288 manducatione
1000 4233 1118 4306 indigui,
1136 4249 1199 4288 cum
1218 4250 1268 4303 per
1286 4231 1450 4302 particulam
1464 4230 1597 4285 illativum
1609 4230 1726 4286 darier
1739 4233 1831 4289 verbis

145 4320 282 4376 benedicti
307 4320 387 4391 panis
409 4323 502 4374 reatua
520 4317 643 4389 corporis
661 4323 690 4372 et
706 4316 822 4389 indigna
840 4318 975 4375 bibitione
1000 4319 1180 4375 institutionis
1199 4318 1354 4388 dependere
1370 4316 1500 4380 ostendit,
1519 4333 1591 4388 quae
1603 4318 1638 4373 de
1650 4324 1728 4374 reatu
1740 4319 1831 4392 indig-

144 4407 282 4463 benedicti
305 4406 363 4460 vini
387 4411 479 4460 reatus
502 4403 645 4475 sanguinis
669 4404 855 4459 coenabatur.
897 4404 975 4460 Haec
1001 4424 1098 4462 norum
1117 4405 1248 4473 adstruit,
1267 4421 1331 4459 cum
1351 4408 1480 4459 notanter
1491 4404 1598 4466 asserit,
1616 4405 1832 4477 indignosmau·

146 4495 237 4551 amnia
258 4495 281 4548 si
305 4493 391 4565 probe
409 4492 602 4559 observentur,
629 4491 658 4545 in
682 4490 787 4545 fumum
806 4490 911 4546 abeunt
927 4509 975 4545 ne·
1003 4492 1105 4548 ducere
1129 4493 1164 4546 de
1187 4507 1259 4560 pane
1276 4490 1337 4559 illo,
1364 4507 1445 4561 quem
1463 4492 1547 4562 paulo
1564 4497 1630 4548 ants
1649 4483 1756 4547 dixerat
1772 4508 1836 4548 esse

146 4582 243 4650 bulae,
272 4597 340 4652 quas
371 4580 427 4635 luci
457 4582 549 4633 textus
578 4577 724 4649 apostolici
751 4577 900 4633 affundmt
928 4577 975 4631 ad·
1003 4578 1275 4634 communicationem
1312 4579 1434 4651 corporis
1463 4579 1582 4646 Christi,
1615 4586 1643 4634 et
1671 4578 1766 4635 bibere
1800 4596 1834 4636 ex

85 4691 93 4702 ·
147 4667 264 4722 rasarii.
300 4667 367 4721 Etsi
389 4664 539 4734 (inquiunt)
564 4665 677 4731 indtpni
694 4666 770 4733 fiant
787 4665 833 4718 rei
849 4665 977 4733 corporis
1003 4664 1090 4720 calice
1113 4664 1240 4732 Domini,
1263 4681 1344 4737 quem
1369 4665 1453 4736 paulo
1477 4672 1542 4720 ante
1560 4665 1667 4720 dixerat
1684 4681 1745 4722 esse
1761 4682 1834 4721 com·

73 4736 124 4815 2¹².
147 4761 172 4808 et
189 4755 336 4823 canpainie
353 4751 478 4816 Domini,
493 4750 560 4802 inde
577 4758 670 4804 tamen
684 4768 739 4804 non
750 4752 883 4820 reptatur,
901 4754 978 4819 quod
1003 4750 1214 4806 municationem
1234 4751 1377 4823 sanguinis
1396 4751 1513 4822 Christi3
1533 4768 1596 4806 cum
1615 4768 1727 4808 causam
1747 4751 1835 4816 addit,

104 4856 110 4867 ·
145 4843 311 4895 mandarent
336 4848 362 4894 et
380 4840 475 4892 bibant
492 4852 595 4905 corpas
611 4845 638 4891 et
655 4838 820 4907 canpainem
842 4838 961 4893 Domini
965 4857 976 4907 ,·
1004 4853 1089 4908 quare
1110 4837 1219 4908 indigni
1238 4838 1375 4908 judicium
1398 4837 1452 4892 sibi
1478 4839 1648 4893 manducent
1672 4853 1706 4892 ac
1728 4837 1834 4908 bibant,

144 4936 239 4981 reatae
263 4927 335 4979 enim
360 4925 410 4978 itte
435 4922 609 4978 contrahitur
624 4940 678 4993 per
697 4926 813 4978 abaram
829 4942 976 4978 sacromsm
1004 4923 1131 4978 nimirum
1160 4925 1227 4995 quia
1257 4941 1313 4978 non
1342 4923 1496 4994 diJudicant
1521 4940 1621 4995 corpus
1645 4923 1758 4979 Domini
1783 4929 1834 4978 etc.

144 5015 339 5084 symbolorum,
358 5013 429 5064 aiom
447 5011 477 5063 in
489 5009 683 5078 ipsumrepem
690 5019 799 5080 peccat,
818 5012 868 5082 qai
877 5012 978 5082 sigilla
1005 5009 1050 5064 Sic
1073 5023 1140 5080 ergo
1163 5010 1245 5080 plene
1268 5009 1383 5065 effertur
1408 5015 1601 5081 argumentum
1624 5026 1658 5066 ex
1673 5015 1752 5066 textu
1771 5026 1836 5081 apa·

73 5092 77 5107 '
144 5103 206 5171 ejoa
223 5103 408 5155 irreverenter
426 5104 537 5152 traam.
567 5095 753 5152 ”Tassanns
770 5099 800 5153 in
818 5099 889 5155 notis
907 5115 978 5153 mar·
1004 5094 1101 5149 stolico
1128 5096 1254 5166 petitum.
1299 5095 1353 5160 Qui
1380 5096 1574 5153 manducando
1601 5103 1630 5152 et
1652 5097 1774 5153 bibendo
1795 5095 1836 5153 rei

145 5189 201 5259 gin.
231 5187 267 5241 ad
297 5193 318 5241 t.
347 5183 408 5237 Cor.
437 5190 465 5240 ti
477 5225 485 5253 ‚
513 5201 538 5239 v.
564 5188 611 5238 29:
638 5183 716 5237 Rene
736 5184 789 5237 erit
806 5186 936 5254 corporis
952 5192 979 5239 et
1004 5180 1076 5235 fiunt
1101 5181 1225 5252 corporis
1251 5188 1280 5236 et
1305 5183 1448 5255 sanguinis
1476 5187 1505 5238 et
1530 5183 1582 5237 sibi
1608 5183 1675 5254 ipsis
1698 5183 1837 5253 judicium

144 5273 291 5341 aanpuinia
318 5270 426 5324 Christi
455 5290 512 5325 non
535 5270 649 5340 quidem
672 5269 751 5336 ideo,
778 5272 855 5338 qnod
876 5288 979 5342 corpus
1004 5267 1174 5323 manducant
1204 5273 1232 5323 et
1254 5267 1369 5330 bibunt,
1396 5269 1462 5339 indo
1489 5275 1517 5325 et
1538 5269 1617 5336 idea,
1642 5269 1708 5341 quia
1731 5270 1760 5325 in
1786 5269 1837 5326 ills

147 5361 252 5418 Obriats'
282 5356 436 5410 cornedorit
465 5367 491 5413 et
512 5355 677 5426 aanpainem
702 5355 765 5424 ejas
789 5355 901 5426 biberit,
927 5358 979 5412 boc
1005 5354 1218 5411 manducatione
1242 5360 1271 5410 et
1288 5354 1422 5410 bibitione
1440 5372 1497 5410 uon
1517 5355 1672 5427 dijudicant
1689 5372 1790 5428 corpus
1808 5361 1837 5412 et

144 5447 217 5500 ma„
234 5443 285 5514 qni·
295 5440 376 5507 facit
393 5439 475 5499 tabet
491 5446 578 5499 vitum
595 5449 745 5509 aeternam,
762 5441 829 5494 Job.
843 5445 869 5508 b,
885 5461 909 5497 v.
929 5449 981 5510 tt;
1005 5441 1167 5514 sanguinem
1191 5441 1317 5510 Domini,
1343 5441 1382 5496 illi
1408 5447 1483 5497 certe
1500 5442 1671 5498 manducant
1688 5448 1716 5498 et
1736 5441 1837 5499 bibunt

143 5534 195 5586 reci
216 5529 284 5600 qaia
305 5524 397 5576 abavo
414 5525 467 5585 meo
483 5547 572 5586 caera
590 5538 616 5585 et
634 5527 734 5584 meina
750 5528 835 5600 signa
852 5532 981 5602 caeparia
1005 5545 1104 5602 corpus
1121 5534 1152 5584 et
1167 5529 1330 5600 sanguinem
1342 5528 1461 5583 Domini.
1492 5527 1547 5585 Sed
1565 5529 1600 5585 de
1619 5529 1741 5602 indignis
1752 5534 1836 5587 teste·
