4004 6022
216 252 277 323 stt
786 235 908 292 IIOGUS
926 231 1131 291 vicssfflus
1142 232 1344 291 ,SECUNDUS

217 397 265 468 qui
277 442 278 447 χ
292 402 384 452 nmen
404 393 580 450 nibilominus
598 392 691 447 sedem
712 390 787 444 illam
807 388 938 451 obtinuit,
963 393 1047 457 atque
1077 394 1216 443 crearetur
1242 389 1366 459 pontifex
1389 389 1499 460 magiae
1524 388 1659 444 beneficio
1680 389 1710 442 in
1726 387 1772 443 sui
1790 403 1907 443 amorem

216 501 249 538 ex
270 500 302 538 eo
322 480 524 537 descenderunt
540 477 638 548 reliqui
657 475 802 547 pontifices
820 476 849 529 in
869 475 944 530 hunc
959 490 1048 546 usque
1075 492 1254 546 quascunque
1279 476 1363 531 vellet
1388 475 1563 530 mulierculas
1589 475 1719 545 pellicere
1745 481 1858 545 poterat
1876 493 1906 529 oc

110 574 202 638 attat
216 570 303 639 diem,
329 568 377 638 qui
397 584 491 622 omnes
508 572 573 620 sunt
590 563 756 618 schismatici
774 562 848 616 illius
868 578 1047 624 successores,
1075 563 1157 615 nieles
1185 563 1292 615 artibus
1315 560 1441 630 praevenit
1469 564 1510 614 od
1537 563 1702 630 dignitatem
1723 561 1904 630 pordificiom,

216 673 281 727 ergo
314 655 465 710 secundum
494 651 621 722 proprios
647 650 768 720 ipsorum
798 665 916 717 canones
941 647 1047 702 nullum
1075 655 1172 719 postca
1196 647 1397 719 pontificatum·
1414 647 1489 701 mille
1515 647 1591 702 libris
1611 648 1823 702 Turonensibus
1846 667 1904 702 ven·

211 744 259 812 jus
286 741 391 796 habent
414 740 443 793 in
471 737 594 793 ecclesie
639 734 734 791 Tertio
758 750 813 805 per
838 735 1006 788 homericam
1029 752 1047 787 o
1074 734 1146 788 didit
1166 751 1217 790 suo
1239 734 1267 787 in
1292 733 1373 787 malis
1390 733 1495 789 artibus
1513 734 1601 789 sodali
1619 734 1771 802 Gratiano,
1795 736 1904 805 quipe

214 845 281 881 ocra
310 829 372 897 side
402 825 604 880 discessionem.
654 820 840 878 Bellarminus
868 820 930 876 libr.
958 828 983 878 4.
1013 822 1047 878 de
1074 826 1135 876 stea
1153 820 1245 875 dictus
1264 820 1415 890 Gregorius
1434 821 1484 876 VI.
1516 819 1600 876 Unde
1619 821 1732 875 Plafina
1751 821 1787 875 de
1806 821 1904 892 Grego

214 914 310 970 eccles.
340 930 363 968 c.
395 918 418 968 8.
447 911 549 966 diserte
576 908 687 977 scribit,
718 909 748 961 in
778 905 897 962 &osma
924 909 1048 963 ecclesiis
1074 906 1115 961 rio
1126 906 1176 962 Vl.
1196 905 1272 974 dicit,
1289 922 1352 962 eum
1371 924 1426 961 non
1443 924 1493 977 per
1513 908 1621 973 ostium,
1640 907 1690 962 sed
1707 925 1759 977 per
1773 909 1904 978 posticum

211 999 455 1071 patriarchalibus
474 998 658 1067 interruptam
678 1011 737 1049 esso
757 994 963 1058 successionem,
979 1013 1047 1065 pro·
1075 993 1229 1064 ingressum
1256 998 1288 1046 ut
1312 993 1447 1047 latronem
1475 1000 1502 1047 et
1525 993 1623 1049 finem,
1668 992 1825 1065 Gregorius
1848 994 1903 1050 Vll

212 1093 310 1157 pterea
328 1087 406 1154 qnod
417 1100 473 1154 per
493 1086 580 1153 longo
596 1090 723 1151 temporo
741 1081 887 1135 salesius
902 1083 1048 1152 episcopos
1073 1097 1121 1145 sex
1138 1079 1233 1134 ordine
1252 1078 1395 1148 pontifices
1411 1097 1462 1150 per
1479 1079 1673 1134 administrum
1693 1098 1775 1135 suum
1792 1079 1904 1136 Gerber·

89 1180 196 1231 sxsnpt·
216 1172 383 1235 manifestos
400 1172 560 1226 haereticos.
594 1168 683 1240 Atqui
702 1166 737 1222 de
755 1166 896 1222 &manae
914 1167 1048 1223 ecclesiae
1075 1166 1139 1219 dum
1166 1164 1317 1220 Brazutum
1340 1166 1483 1220 sustulisse
1509 1164 1649 1229 scribitur,
1672 1173 1704 1220 ut
1722 1166 1759 1220 ad
1777 1167 1851 1222 banc
1867 1184 1903 1221 se·

89 1234 200 1332 mint
215 1257 392 1329 pontificibus
418 1256 489 1310 idem
515 1255 655 1310 verissime
680 1254 863 1308 demonstrari
888 1258 994 1324 potest,
1018 1254 1047 1307 ln
1074 1252 1136 1306 dem
1162 1252 1331 1306 adscendere
1356 1258 1458 1322 posset.
1498 1251 1620 1324 Vigilius
1643 1252 1748 1307 virenti
1767 1254 1904 1324 sylvestro

89 1335 195 1426 mlle,
216 1360 249 1397 ea
267 1343 339 1398 enim
357 1342 498 1413 praesedit
511 1341 689 1411 Zcplrprinus
704 1339 883 1409 Montanista,
902 1339 1047 1403 (referente
1073 1338 1166 1393 sedem
1189 1339 1343 1392 Romanam
1361 1355 1411 1409 per
1430 1339 1485 1392 vim
1504 1339 1621 1409 eripuit:
1649 1339 1796 1395 lohannes
1818 1340 1903 1395 xvn

197 1414 387 1484 'Tertulliano
424 1428 489 1483 adv.
520 1428 631 1497 Pras),
668 1428 858 1481 Marcellinus
892 1426 1046 1496 idololatra,
1073 1425 1168 1481 itidem
1195 1442 1245 1496 per
1271 1425 1326 1479 vim
1350 1425 1503 1480 &manem
1523 1425 1615 1481 sedem
1642 1427 1807 1497 occupavit,
1837 1427 1903 1482 uude

215 1517 361 1580 (reterente
395 1515 516 1569 Damaso
545 1515 573 1568 in
603 1513 730 1584 pontit),
762 1515 890 1567 Liberius
916 1514 1046 1583 Asianus,
1073 1512 1184 1566 Platina
1201 1519 1294 1583 negat,
1312 1529 1375 1566 eum
1394 1529 1444 1582 per
1461 1512 1560 1567 ostium
1579 1511 1704 1567 intrasse.
1742 1513 1903 1568 Wilbelmus

216 1602 361 1661 (referente
387 1600 538 1655 Athanasio
561 1600 590 1655 in
608 1600 687 1670 epist
706 1600 742 1655 sd
763 1600 812 1653 sol.
830 1599 916 1656 vitam
932 1603 1045 1671 agent),
1073 1598 1175 1654 Occam
1193 1616 1216 1652 c.
1236 1605 1291 1654 124.
1305 1599 1395 1669 operis
1408 1616 1507 1671 nonsg.
1527 1598 1645 1655 dierum:
1665 1599 1778 1665 Dicitur
1791 1600 1902 1655 incbro

217 1689 298 1740 Felin
329 1686 482 1745 Acatianus
512 1685 707 1756 (Hieronymus
743 1685 772 1738 in
802 1685 882 1741 catal.
909 1686 937 1739 in
968 1686 1044 1741 verb.
1072 1685 1155 1754 uicis,
1174 1686 1247 1740 circa
1264 1685 1362 1757 viginti
1382 1693 1487 1756 septem
1513 1693 1624 1741 vocatos
1643 1687 1792 1757 episcopos
1811 1687 1903 1742 Roma

213 1773 359 1841 Aeetius),
385 1773 554 1826 Anastasiou
577 1771 757 1828 Nestorianns
781 1770 862 1839 (Plat
881 1772 910 1826 in
930 1773 1047 1839 Arest),
1072 1789 1136 1832 nos.
1162 1779 1309 1842 postquam
1326 1772 1443 1827 ecclesia
1462 1772 1568 1827 exstitit
1584 1773 1787 1842 temporalibus
1806 1775 1904 1828 divitiis

222 1861 341 1928 l'ipilios
364 1859 568 1929 Eutychisnus‚
591 1860 736 1912 Honorias
758 1857 959 1928 Monotheleta,
983 1859 1044 1927 Syl·
1072 1858 1181 1926 dotata,
1205 1857 1305 1926 fuisse,
1338 1859 1385 1930 qui
1408 1858 1557 1914 sceleribus
1575 1860 1718 1922 maximis,
1741 1860 1861 1930 publicis
1880 1867 1904 1915 et

216 1954 302 1998 vcstcr
330 1963 443 2017 magus,
471 1945 616 1999 Iohannes
639 1946 702 2001 XX.
727 1945 775 2016 qui
801 1945 909 2008 docuit,
939 1946 1044 2000 animas
1071 1944 1192 2012 notoriis,
1209 1951 1356 2016 postquam
1377 1945 1490 1999 fuerunt
1505 1944 1540 1999 ad
1559 1955 1693 2016 papatum
1710 1946 1845 2015 assumti,
1864 1946 1904 2001 sel

214 2031 320 2101 piorum
347 2049 364 2086 a
388 2047 502 2101 corpore
527 2031 631 2086 solutas
656 2049 711 2086 non
736 2032 842 2086 visuras
868 2031 958 2087 Deum
980 2039 1045 2088 ante
1071 2030 1099 2084 in
1118 2031 1180 2100 ipsa
1198 2032 1366 2086 assumtione
1384 2032 1420 2085 ad
1438 2037 1571 2102 papatum
1591 2032 1706 2100 irretiti,
1730 2033 1841 2087 scilicet
1857 2032 1903 2088 cri-

211 2116 311 2187 judicii
327 2119 413 2187 diem,
433 2119 580 2172 Iohannes
596 2118 707 2172 XXIII.
733 2119 782 2186 qni
797 2118 917 2172 assernit
935 2127 960 2173 el
978 2121 1044 2187 dop-
1070 2115 1143 2171 mine
1173 2116 1309 2183 haeresis,
1347 2117 1534 2185 idololatriae,
1568 2117 1729 2172 intrusionis
1762 2119 1903 2188 fautorine,

217 2202 356 2257 motieoeit
372 2213 398 2257 ct
417 2205 571 2272 adstruant,
589 2204 674 2257 vitam
694 2211 836 2258 aetenam
854 2222 909 2257 non
923 2222 988 2268 esse,
1010 2223 1044 2259 ac
1070 2202 1214 2273 pravitatis
1238 2202 1405 2271 baereticae,
1431 2203 1634 2273 blasphemiae,
1662 2203 1856 2260 fornicationis
1878 2214 1903 2260 et

211 2288 393 2361 pertinaciter
411 2290 546 2355 credidit,
570 2291 693 2343 animam
711 2291 830 2345 hominis
849 2307 910 2343 cnm
927 2309 1044 2360 corpore
1071 2288 1132 2342 aliis
1163 2287 1256 2342 multis
1278 2289 1437 2344 enormibus
1459 2290 1620 2344 criminibus
1644 2290 1763 2345 involuti
1787 2291 1902 2346 sumunt

214 2379 334 2431 humano
369 2392 443 2428 mors
479 2379 621 2430 brutomrm
651 2378 802 2446 emtinpai,
837 2383 867 2432 ut
896 2377 1043 2432 concilium
1071 2372 1203 2429 Sarisber.
1221 2374 1416 2446 inPolycrnt.:
1438 2375 1541 2446 Papam
1560 2375 1643 2430 hodie
1661 2376 1837 2431 nullavocat
1855 2377 1902 2432 ele

141 2526 145 2532 ,
217 2462 426 2518 constantiense
450 2463 485 2514 de
511 2462 560 2518 illo
581 2462 709 2532 loquitur.
747 2465 851 2528 Quodsi
871 2482 936 2535 ergo
954 2463 983 2518 in
1001 2482 1044 2520 ec·
1070 2460 1138 2529 ctio,
1168 2462 1216 2515 sed
1244 2468 1415 2531 repugnante
1440 2462 1469 2514 iu
1494 2461 1623 2516 membris
1652 2461 1764 2517 Christo
1793 2464 1903 2518 ambitio

215 2550 305 2606 clesiis
318 2547 431 2603 Graecis
450 2556 561 2619 propter
580 2548 721 2619 episcopos
740 2551 891 2607 haereticos
907 2552 1043 2607 successio
1071 2564 1152 2602 coeca
1173 2552 1202 2600 et
1217 2555 1330 2601 cruenta
1349 2565 1404 2600 nou
1420 2547 1478 2602 sine
1493 2548 1628 2618 sanguine
1639 2548 1765 2603 fraterno
1781 2549 1902 2614 intrudit,

217 2635 327 2699 deiecit,
345 2639 498 2704 agnoscant
514 2633 595 2687 etiam
614 2634 642 2687 in
656 2635 780 2692 Romana
794 2636 911 2692 ecclesia
930 2642 1044 2707 propter
1070 2635 1144 2705 quod
1173 2634 1284 2704 quidem
1310 2640 1351 2688 est
1375 2634 1493 2689 Romulo
1517 2634 1664 2689 succedere
1687 2636 1717 2688 in
1742 2636 1902 2705 parricidiis,

89 2734 132 2762 ¹¹²⁰
148 2733 193 2780 5¹⁰ss
216 2722 333 2778 eandem
357 2735 468 2772 causam
492 2718 565 2772 illam
593 2719 734 2776 defecisse.
773 2723 900 2794 Denique
916 2740 965 2793 per
982 2724 1042 2776 ille·
1070 2738 1123 2774 uon
1140 2720 1224 2775 Petro
1246 2721 1275 2773 in
1295 2721 1441 2776 cornmissa
1460 2720 1664 2789 dispensatione
1683 2721 1774 2778 ovilis.
1810 2722 1901 2777 Benno

90 2784 182 2874 pppupp
216 2809 340 2877 pirissam
364 2804 576 2873 occupationem.
621 2803 752 2859 Nicolaus
777 2807 813 2864 11.
840 2826 864 2862 c.
888 2809 916 2862 in
935 2808 1043 2864 bomine
1068 2806 1165 2870 refert,
1198 2809 1275 2875 qood
1301 2808 1421 2876 arsinoae
1441 2823 1539 2875 popae
1563 2823 1591 2860 sc
1615 2814 1686 2860 totos
1709 2811 1901 2862 carucararint

90 2880 183 2976 ᾓῖξζῖξ,
217 2893 280 2947 dist
300 2895 342 2946 2³.
362 2888 437 2943 circa
453 2906 552 2943 anunm
575 2894 647 2947 1059.
664 2889 821 2959 constituit,
849 2901 879 2945 nt
892 2909 976 2961 popa
993 2896 1042 2944 eli·
1071 2893 1210 2955 Satanae,
1239 2900 1268 2946 m
1291 2895 1332 2946 ad
1358 2893 1430 2946 lianc
1447 2895 1541 2946 sedem
1559 2894 1750 2962 arctarentur,
1776 2895 1902 2949 videlicet

90 2990 126 3019 111⁶
136 2990 203 3070 ⁰05⁰·
217 2984 300 3048 petar
322 2974 466 3045 suffragiis
492 2976 679 3030 cardinalium
699 2984 725 3029 et
744 2978 952 3047 episcoporum,
979 2996 1042 3032 con·
1069 2976 1210 3045 Sylvester
1234 2979 1269 3030 11.
1310 2981 1475 3035 Benedictus
1500 2980 1550 3034 IX.
1585 2981 1727 3036 ,lohannes
1751 2981 1820 3039 XX,
1857 2982 1900 3038 ,lo

90 3041 178 3081 ''⁸⁷⁰¹''
216 3080 299 3117 senes
331 3062 503 3131 religiosam
531 3063 694 3116 clericorem
721 3081 755 3117 oc
778 3065 884 3133 populi
915 3066 1044 3133 Romani,
1069 3063 1172 3116 baanes
1191 3062 1272 3119 XXI.
1305 3063 1456 3135 Gregorius
1474 3065 1536 3118 Vll.
1575 3067 1729 3121 Nanclerus
1749 3076 1778 3122 et
1796 3069 1902 3123 Platina

216 3150 307 3219 ipsius
325 3149 440 3217 deniqm
458 3150 643 3219 imperatoris,
661 3157 686 3203 st
706 3157 736 3202 nt
754 3151 781 3202 si
798 3149 860 3219 qais
873 3150 932 3205 olio
947 3153 1043 3222 aliqno
1068 3152 1218 3216 testantur,
1246 3167 1339 3205 omnes
1367 3166 1455 3220 papas
1478 3168 1497 3202 o
1525 3152 1665 3219 Sploestro
1687 3154 1730 3207 II.
1757 3173 1847 3223 usone
1864 3158 1902 3208 od

216 3239 299 3291 modo
323 3234 466 3304 illepitimo
488 3243 624 3305 papatum
642 3237 833 3306 adipiscatur,
861 3237 1042 3292 incecomma·
1072 3235 1240 3303 Greporirsm
1275 3238 1339 3290 VII.
1365 3237 1498 3292 inclusive
1523 3223 1609 3292 fuisse
1634 3256 1740 3309 magos.
1789 3242 1901 3297 Possent

216 3326 325 3377 nicalem
356 3329 381 3375 et
407 3322 649 3376 mmncmneasm
676 3325 713 3375 sit
735 3324 924 3394 bobcalnrque
951 3343 1042 3395 assem·
1068 3321 1229 3392 illegitrmuc
1254 3322 1327 3376 illius
1345 3325 1532 3393 occupationis
1552 3326 1678 3395 exempla
1697 3328 1900 3399 quamplurima

217 3407 570 3472 adrnodnm‘dstialrristas,
588 3425 610 3464 c.
633 3408 712 3464 Sicut
730 3408 852 3465 Simonis
870 3427 893 3464 c.
920 3412 1042 3467 Insinua-
1069 3408 1177 3475 afferri,
1205 3408 1254 3460 scd
1277 3408 1449 3478 judicamus,
1474 3412 1503 3464 in
1522 3429 1550 3466 re
1570 3411 1717 3467 manifesta
1736 3415 1831 3469 multis
1848 3433 1899 3470 non

216 3502 276 3549 tum
299 3512 323 3549 c.
347 3495 460 3557 Quanta.
485 3500 563 3549 extra
582 3494 617 3548 oo
637 3494 807 3565 Simoniaca,
832 3502 910 3552 utet
930 3504 951 3552 i.
970 3517 997 3568 q.
1020 3506 1041 3554 t,
1068 3511 1128 3548 esse
1159 3511 1229 3564 opus
1253 3495 1353 3552 verbis.
1397 3497 1555 3552 Alexander
1582 3498 1630 3556 Vl.
1655 3517 1719 3553 cum
1745 3509 1829 3571 epoto
1854 3521 1899 3574 per

216 3599 265 3650 per
291 3581 391 3634 multos
416 3594 532 3634 canones
564 3580 708 3646 statuitur,
740 3600 795 3634 ison
821 3600 879 3635 esso
905 3584 1042 3653 lepitimos
1068 3598 1186 3636 errorem
1210 3598 1328 3650 veneno,
1358 3583 1431 3654 quod
1459 3585 1493 3638 ds
1514 3584 1600 3654 ipsius
1619 3588 1700 3655 jussu
1721 3589 1898 3657 optimatibus

121 3696 125 3703 ·
196 3668 367 3736 episcopos,
387 3665 658 3734 puiparfiimoniam
674 3669 783 3721 aditam
797 3668 904 3722 sibiad
916 3672 1041 3736 officinm
1069 3667 1235 3739 quibusdam
1261 3668 1463 3737 propinandum
1492 3677 1563 3738 erat,
1605 3671 1725 3727 letaliter
1755 3683 1898 3746 aegrotans

216 3753 376 3821 episcopale
388 3751 559 3818 paraverint.
593 3752 679 3822 Atqui
699 3753 733 3807 de
751 3753 929 3823 pontificibus
942 3757 1041 3812 Roma·
1069 3753 1222 3808 ministrum
1242 3754 1390 3810 Modenam
1413 3755 1441 3808 in
1462 3757 1593 3810 conclave
1613 3758 1749 3829 mitteret,
1776 3771 1809 3817 nt
1826 3764 1898 3818 libel·

216 3837 258 3892 nis
285 3844 417 3893 testantur
441 3834 585 3902 historiae,
616 3839 690 3907 quod
720 3846 741 3897 t.
769 3841 880 3910 quidam
900 3860 955 3909 per
978 3845 1042 3912 nim,
1068 3841 1125 3894 lum
1149 3841 1325 3907 deauratum,
1352 3842 1380 3895 in
1400 3860 1454 3913 quo
1472 3843 1566 3913 magia
1583 3846 1739 3915 conscripta
1757 3858 1833 3912 serat,
1862 3849 1897 3904 sl·

217 3931 240 3980 t.
260 3923 371 3993 quidam
393 3939 444 3991 per
461 3923 602 3989 frondes,
633 3929 656 3974 3.
674 3924 785 3994 qnidam
805 3944 860 3994 per
878 3927 1040 3988 Sisnoniom.
1066 3928 1164 3989 ferret,
1193 3934 1224 3981 ut
1250 3929 1285 3982 de
1310 3927 1365 3983 fine
1392 3927 1465 3983 vitae
1490 3946 1556 3984 suae
1578 3930 1717 3986 diabolum
1736 3937 1897 4002 consuleret,

216 4015 240 4064 t.
268 4009 378 4079 quidam
400 4025 453 4079 por
481 4013 556 4060 ortes
584 4006 708 4072 mapieos
736 4009 763 4062 in
792 4012 886 4065 sedem
913 4014 1040 4083 papalem
1066 4013 1188 4068 minister
1209 4014 1314 4068 invenit
1330 4018 1460 4069 Satanam
1481 4016 1509 4069 in
1523 4017 1592 4072 sella
1603 4019 1746 4087 pontificia
1759 4024 1896 4078 sedentem

215 4113 274 4151 sese
304 4095 467 4150 intruserint.
519 4092 663 4163 Agapetus
693 4094 737 4155 (al.
766 4097 927 4163 Anncletus)
955 4101 981 4153 ri
1012 4110 1041 4156 et
1065 4117 1098 4154 ac
1124 4099 1221 4155 habitu
1248 4100 1411 4170 pontificiali
1435 4102 1562 4158 indutum
1588 4104 1751 4176 audivitque
1779 4126 1842 4163 eum
1859 4110 1895 4162 di-

81 4237 85 4244 ,
107 4220 113 4227 -
214 4182 392 4252 usurpatione
405 4177 552 4233 manifesta
569 4185 701 4248 papatum
715 4184 867 4253 occupavit,
886 4202 967 4255 quern
979 4204 1039 4256 pro·
1066 4191 1187 4240 centem:
1235 4189 1298 4254 Epo
1327 4206 1388 4239 mem
1415 4206 1501 4257 papa.
1551 4191 1704 4261 Egregium
1734 4210 1801 4249 vero
1829 4196 1896 4250 sedis

214 4276 308 4339 pterea
333 4263 503 4321 Bernhardus
528 4263 606 4334 epist.
630 4272 685 4321 125.
707 4272 787 4321 vocat
807 4269 920 4324 bestiam
937 4291 1039 4340 apoca·
1067 4271 1223 4341 pontificiae
1242 4275 1388 4328 rectorem!
1414 4274 1473 4330 Nec
1490 4277 1577 4331 solum
1597 4278 1682 4332 dubia
1701 4285 1730 4333 et
1747 4280 1897 4353 interrupta

214 4356 362 4424 lypticam,
390 4350 430 4404 rui
458 4351 555 4402 datum
583 4351 621 4403 sit
648 4370 679 4404 os
705 4353 818 4421 bsqncns
845 4355 1038 4423 blasphemias.
1067 4363 1109 4411 est
1127 4360 1235 4429 papalis
1253 4359 1301 4413 illa
1320 4362 1468 4428 successio,
1496 4363 1544 4415 sed
1563 4364 1646 4418 etiam
1663 4367 1787 4433 turpiter
1806 4371 1896 4429 cisson

215 4440 304 4496 Carol.
331 4435 454 4508 Sigonius
477 4435 537 4489 libr.
558 4441 581 4490 8.
603 4437 637 4490 de
652 4453 739 4508 regno
757 4439 867 4495 ltaliae:
891 4443 1039 4506 Pontifices
1067 4453 1144 4498 stota
1169 4462 1218 4514 per
1243 4445 1382 4516 papissam
1407 4448 1562 4503 iohannem
1587 4450 1736 4521 Anglicam
1761 4453 1895 4509 feminam.

215 4524 337 4577 Romani
360 4523 399 4574 ad
416 4538 506 4572 annos
527 4524 659 4574 ducentos
676 4542 731 4576 non
748 4525 806 4577 nisi
816 4544 872 4593 per
888 4529 1040 4583 seditiones
1067 4532 1197 4595 Quamvis
1222 4533 1295 4586 enim
1317 4533 1345 4587 in
1366 4533 1456 4598 libris,
1480 4536 1527 4605 qui
1547 4539 1620 4591 anno
1643 4543 1716 4593 1593.
1735 4555 1770 4592 ex
1790 4532 1950 4596 officiarii-²¹

214 4611 328 4679 alioque
346 4607 433 4661 melia
450 4608 616 4677 offendiculi
627 4610 717 4678 plena
733 4615 774 4665 ad
786 4613 858 4666 lianc
871 4617 963 4669 sedem
973 4634 1038 4684 pcr—
1066 4616 1224 4671 Platiniana
1242 4619 1376 4688 Antuerp.
1396 4620 1569 4689 prodierunt,
1602 4622 1654 4676 sub
1672 4623 1755 4678 titulo
1774 4627 1810 4683 de
1828 4603 1947 4690 utili-fiii.

170 4731 176 4746 .
215 4703 352 4749 venerunt.
386 4691 427 4745 De
450 4691 595 4746 Bonifatio
613 4694 692 4749 Vlll.
713 4697 828 4760 dicitur,
856 4703 933 4768 qood
950 4703 1038 4756 intra-
1066 4710 1122 4758 tate
1140 4703 1275 4773 legendae
1293 4704 1423 4760 historiae
1439 4704 1521 4760 lusto
1536 4707 1631 4777 Lipsio
1643 4708 1793 4779 inscriptis,
1805 4720 1896 4768 auctor

214 4782 284 4834 verit
303 4787 333 4832 nt
354 4778 456 4846 stipes,
479 4780 636 4847 represserit
653 4788 683 4832 nt
701 4780 743 4833 lco
764 4800 797 4834 oc
816 4793 940 4835 insertans
958 4790 995 4838 sit
1010 4798 1039 4840 et
1066 4790 1173 4842 illorum
1209 4808 1241 4844 ex
1277 4791 1400 4860 professo
1435 4810 1598 4862 puerperam
1636 4795 1711 4849 illam
1744 4798 1896 4855 Romanam

214 4867 301 4922 canis.
339 4863 440 4920 Plstina
466 4864 499 4918 de
525 4864 666 4934 Sylvestro
687 4865 722 4920 ΙΙ.
750 4868 796 4937 qui
821 4869 897 4938 prius
921 4870 1039 4926 Gerber·
1067 4871 1173 4924 amoliri
1201 4873 1309 4942 cupiat3
1344 4879 1469 4944 quamvis
1500 4880 1582 4933 etiam
1610 4880 1772 4950 Onupbrius
1799 4892 1828 4940 et
1852 4879 1950 4941 stiiffll

214 4959 258 5007 tus
286 4949 455 5005 dicticinii:
492 4950 642 5005 Gerbertos
667 4952 817 5006 ambitione
847 4963 872 5007 ct
897 4954 1174 5027 diabolicalpapalis
1197 4959 1269 5013 sedis
1293 4967 1475 5018 assentatores
1501 4979 1561 5017 eam
1585 4968 1613 5019 in
1640 4968 1711 5021 serie
1737 4972 1897 5039 pontificum

216 5036 375 5093 dominanti
403 5037 557 5106 cupiditate
593 5037 729 5107 impulsus
764 5040 914 5107 lorpitionc
947 5045 1039 5111 primo
1067 5044 1222 5113 omiserint,
1254 5055 1346 5100 tamen
1376 5051 1409 5102 ab
1443 5050 1602 5105 auctoribus
1628 5054 1761 5123 gravibus
1791 5068 1819 5113 et
1845 5060 1897 5115 fide

213 5123 476 5192 mebiepinopatcm
495 5125 661 5193 decennem,
682 5126 748 5177 inde
766 5127 955 5182 Ravennatem
973 5131 1040 5183 adc-
1067 5131 1157 5198 dignis
1183 5131 1296 5186 historia
1324 5134 1358 5188 de
1383 5136 1493 5204 papissa
1518 5137 1566 5190 illa
1587 5154 1725 5210 puerpera
1741 5152 1897 5200 constanter

209 5217 284 5277 ptris,
298 5211 486 5279 portifiaalnm
494 5219 637 5279 postremo
649 5213 758 5280 rnojore
772 5222 873 5267 samso
885 5217 1039 5283 adjrsnante
1066 5218 1210 5286 asseritur,
1232 5237 1321 5290 neque
1339 5221 1484 5292 quisquam
1502 5225 1643 5291 inventus,
1664 5228 1712 5298 qui
1735 5245 1798 5286 eam
1816 5251 1897 5305 nega·

213 5295 327 5349 diabolo
346 5304 504 5349 corssrmslos
530 5304 583 5362 est,
613 5297 666 5350 lroc
689 5306 781 5350 tarnem
805 5301 978 5369 corsslilione,
1010 5310 1039 5354 ut
1052 5306 1054 5342 i
1067 5311 1123 5357 turn
1153 5304 1216 5373 iret,
1246 5313 1395 5377 antequam
1417 5311 1559 5379 turpitudo
1582 5312 1725 5370 Romanae
1750 5322 1899 5376 meretricis

211 5389 275 5447 post
294 5389 402 5435 mortem
422 5390 494 5434 totns
517 5383 596 5436 illins
614 5391 691 5446 esset,
710 5385 791 5450 erens
808 5387 960 5448 froridibas
979 5396 1039 5441 ton·
1052 5414 1053 5421 ¹
1066 5406 1116 5459 per
1137 5390 1289 5448 Lutherum
1308 5394 1442 5464 inciperet
1461 5396 1607 5461 denudari,
1627 5417 1677 5455 nec
1697 5402 1823 5461 dubitari
1841 5415 1898 5478 pot-

106 5476 143 5517 xu.
157 5472 202 5518 tw.
214 5472 268 5520 mm
293 5467 451 5535 discissum
471 5470 601 5538 admira.
632 5469 800 5528 Benedictus
817 5470 868 5531 IX.
890 5433 1054 5546 antequami
1069 5483 1119 5546 est,
1138 5478 1227 5538 Deum
1248 5480 1438 5537 meretriculas
1454 5481 1529 5539 illias
1545 5486 1718 5544 successione
1732 5492 1785 5566 toti
1796 5495 1900 5553 mando
