3998 6024
834 261 886 319 ns
905 260 1095 319 accursus
1744 271 1803 349 ssi

119 422 265 470 manarat.
300 416 523 487 Respondemus:
545 421 567 471 t.
582 415 657 488 quod
670 415 853 472 Bellarminus
867 415 950 487 patri-
977 434 1051 483 mus,
1082 431 1148 487 ergo
1174 433 1229 471 non
1258 421 1373 487 possunt
1401 416 1456 471 dici
1482 417 1609 473 doctores
1636 416 1693 473 sire
1716 424 1808 490 patres

120 492 233 569 archas,
262 502 410 573 prophetas
441 511 469 557 et
493 502 632 573 apostolos
660 519 723 556 oum
750 501 951 557 institutoribus
978 501 1108 558 ecclesiae
1142 502 1265 572 papalis,
1301 502 1369 574 quin
1398 503 1453 557 imo
1486 522 1521 558 ne
1549 502 1660 575 quidem
1687 511 1808 574 tempore

119 588 249 642 ordinum
266 589 456 661 religiosorum
474 589 630 660 conjungit,
657 589 687 642 in
703 607 735 644 eo
754 605 882 660 magnam
898 587 953 642 illis
978 587 1101 646 Antonii.
1118 588 1278 658 Augustini,
1299 588 1402 657 Basilii,
1422 605 1439 641 a
1458 589 1558 659 quibus
1576 589 1685 660 fingunt
1698 590 1808 644 ordines

122 673 252 746 injuriam
277 674 358 742 facit,
385 675 425 727 illi
448 675 518 728 enim
541 673 653 729 fuerunt
677 674 836 729 immediate
855 691 873 728 a
893 673 953 727 Deo
980 673 1112 744 quosdam
1125 673 1289 727 monasticos
1303 672 1449 737 institutos,
1468 680 1562 729 tantae
1579 675 1692 729 fuerunt
1709 675 1822 730 doctri-'

121 760 229 826 vocati,
247 777 313 815 vera
329 761 475 814 sanctitate
496 760 637 830 conspicui
655 765 683 814 et
701 760 857 815 habuerunt
872 759 952 830 privi·
979 776 1030 813 nae
1054 758 1178 814 coelestis
1201 756 1389 829 corruptelae,
1415 758 1510 829 quales
1537 759 1618 814 hodie
1637 760 1667 814 in
1684 760 1810 814 Romana

121 846 227 919 legium
247 864 302 900 non
321 846 446 914 errandi;
466 845 582 913 hirero,
601 846 713 916 nequid
729 847 840 915 gravius
855 846 953 913 dicam,
979 845 1096 899 ecclesia
1113 852 1236 916 regnant.
1271 843 1462 913 Franciscum,
1486 845 1674 914 Dominicum,
1693 846 1810 900 Benedi-

122 933 237 987 fnerunt
254 933 451 1002 superstitiosi,
478 933 525 1003 qui
549 940 645 986 contra
661 950 818 1002 expressum
836 931 953 1004 apostoli
979 936 1054 983 ctum
1072 936 1123 984 etc.
1150 929 1353 1000 superstitiosos
1371 929 1456 982 fuisse
1475 929 1663 1002 concedimus,
1682 932 1730 985 sed
1747 947 1811 986 vera

122 1017 302 1072 interdictum
333 1018 482 1072 schismata
505 1018 534 1070 in
564 1017 707 1072 ecclesiam
735 1018 953 1085 introduxerunt,
979 1022 1089 1070 sanctos
1119 1015 1204 1070 fuisse
1229 1031 1370 1086 negamus.
1410 1015 1515 1079 Quodsi
1540 1015 1585 1071 vel
1611 1017 1728 1071 maxime
1754 1025 1811 1072 tam

123 1109 156 1156 ut
180 1121 252 1157 unus
277 1103 367 1167 dicat,
396 1121 446 1174 epo
468 1121 529 1156 snm
546 1103 708 1173 Francisoi,
736 1105 806 1159 alter
826 1122 875 1172 epo
893 1122 954 1156 snm
980 1103 1067 1156 sancti
1087 1102 1205 1156 fuissent
1224 1120 1306 1173 quam
1325 1101 1456 1171 apostoli,
1481 1102 1536 1155 imo
1556 1102 1649 1175 angeli
1674 1103 1757 1171 (sicut
1777 1104 1812 1158 de

124 1191 272 1243 Dominisi
290 1197 343 1246 eto.
384 1196 406 1246 t.
426 1189 547 1244 Corinth.
567 1195 589 1258 1,
609 1209 634 1243 v.
657 1196 695 1245 ts.
732 1197 755 1245 2.
776 1191 835 1245 Imo
848 1209 883 1246 ne
896 1191 954 1261 qui·
979 1187 1128 1242 Francisco
1156 1188 1185 1241 in
1211 1188 1282 1242 libro
1312 1187 1535 1242 conformitatum
1563 1187 1696 1258 impresso
1722 1189 1811 1243 Bono

123 1277 189 1329 dem
208 1292 272 1329 cum
289 1276 447 1330 doctoribus
470 1275 527 1331 sive
546 1275 672 1347 patribus
694 1276 849 1346 primitivae
866 1276 954 1331 eccle·
980 1272 1043 1328 niae
1060 1291 1132 1328 anno
1150 1279 1223 1330 1589.
1241 1273 1349 1338 dicitur,
1365 1275 1442 1340 qaod
1453 1274 1813 1345 francisansfnaritpias·

124 1361 183 1415 siae
213 1361 366 1431 comparari
396 1361 498 1416 debent
527 1363 714 1431 patriarchae,
748 1363 899 1434 prophetae
927 1370 955 1417 et
982 1379 1064 1430 qna-m
1082 1362 1226 1415 Johannes
1246 1361 1381 1430 Baptista
1405 1360 1424 1413 f.
1445 1367 1486 1415 24.
1514 1362 1591 1429 qnod
1605 1362 1697 1426 faerit
1716 1362 1814 1416 melior

125 1448 256 1520 apostoli,
280 1466 343 1502 cum
367 1456 395 1503 et
419 1448 459 1502 illi
485 1449 644 1503 immediata
668 1451 809 1503 vocatione
828 1454 856 1502 et
873 1449 955 1519 priri-
982 1447 1119 1516 apostolis
1138 1447 1158 1500 f.
1174 1452 1214 1501 39.
1233 1447 1310 1515 qnod
1322 1446 1416 1498 Filias
1430 1447 1490 1499 Dei
1501 1463 1556 1514 per
1575 1449 1670 1501 omnia
1688 1445 1816 1500 samarii

75 1598 79 1604 .
123 1535 198 1605 legio
224 1533 428 1589 infallibilitatis
449 1534 640 1589 destituantur.
681 1535 855 1606 Augustinus
875 1536 954 1604 epist.
981 1533 1114 1586 similarit
1132 1532 1152 1586 f.
1165 1539 1188 1586 5.
1210 1533 1287 1600 qnod
1300 1533 1383 1583 clatos
1399 1531 1436 1584 sit
1454 1532 1484 1583 in
1497 1532 1585 1584 iucem
1596 1534 1719 1600 pontium
1737 1533 1756 1588 f.
1774 1538 1813 1588 tt.

127 1625 166 1675 ta.
187 1620 223 1674 ad
238 1618 364 1676 ffieron.:
389 1620 454 1673 Non
472 1620 604 1684 arbitror,
628 1628 654 1672 ta
672 1622 713 1673 sia
732 1621 802 1673 valle
821 1620 956 1687 lepitana
982 1621 1058 1686 qnod
1069 1620 1175 1671 riseritis
1187 1619 1337 1671 sinistrant
1351 1618 1461 1687 anpalis
1477 1625 1503 1671 et
1522 1619 1701 1686 archanpclis
1720 1619 1740 1676 f.
1755 1625 1814 1675 att.

124 1707 214 1760 libros
238 1715 369 1774 tanquam
392 1708 595 1776 prophetarum
619 1714 667 1759 ant
691 1707 897 1774 apostolorum,
921 1707 956 1758 de
982 1706 1059 1775 qnod
1077 1724 1169 1759 omnes
1186 1706 1299 1759 virtutes
1313 1713 1472 1760 sanctornm
1490 1704 1519 1759 V.
1538 1714 1564 1759 et
1576 1707 1613 1762 N.
1628 1707 1659 1760 Τ.
1679 1708 1709 1760 in
1721 1707 1814 1760 bran

126 1811 244 1861 (priorum
267 1792 395 1860 scriptis,
420 1794 504 1860 qnasi·
520 1794 595 1846 omni
611 1810 706 1846 errore
726 1801 853 1862 careant,
877 1792 955 1846 dnti—
983 1793 1055 1844 sisco
1072 1792 1182 1860 positae
1198 1791 1308 1857 suerint
1321 1790 1425 1843 anitiae
1438 1798 1464 1843 et
1476 1791 1645 1857 corsianetim
1662 1790 1681 1844 f.
1694 1799 1718 1846 5.
1737 1792 1816 1861 qaod

126 1891 189 1930 rnre
207 1879 350 1943 nefariam
366 1886 414 1933 est.
444 1883 467 1932 3.
481 1878 559 1942 Quae
576 1894 641 1932 vero
659 1875 728 1932 haec
745 1879 956 1950 consequentia:
982 1879 1013 1930 in
1030 1894 1062 1930 so
1078 1877 1176 1946 passio
1197 1875 1303 1929 Christi
1321 1877 1350 1928 in
1368 1892 1468 1944 ponera
1486 1875 1607 1930 hunuano
1624 1877 1661 1929 sit
1679 1886 1813 1932 renovata

126 1963 308 2034 patriarchae,
326 1962 484 2034 prophetae,
505 1964 623 2034 apostoli
636 1970 664 2019 et
681 1965 806 2020 doctores
824 1964 956 2020 ecclesiae
981 1961 1001 2018 t.
1026 1967 1080 2017 144.
1102 1968 1152 2018 etc.
1173 1961 1208 2017 de
1221 1961 1366 2017 Dominico
1386 1960 1481 2014 scribit
1500 1961 1661 2016 Antoninus
1680 1962 1813 2034 archiepi-

125 2051 239 2105 fuerrmt
265 2050 367 2118 sancti,
403 2067 470 2121 ergo
494 2049 628 2104 sanctitas
651 2055 693 2105 est
717 2049 849 2107 'ecclesiae
871 2049 956 2104 nota?
982 2064 1097 2119 scopus,
1121 2050 1198 2116 qnod
1211 2049 1311 2118 plnres
1330 2055 1453 2100 mortuos
1471 2046 1629 2118 irritaverit,
1651 2068 1735 2118 qnam
1753 2052 1812 2120 ipm

126 2137 201 2191 Num
220 2154 312 2202 omne,
331 2137 404 2208 quod
423 2136 509 2190 estin
528 2137 686 2191 doctoribus
706 2137 847 2204 ecelesiae,
865 2137 955 2190 statim
985 2135 1125 2203 Christus,
1152 2137 1229 2203 qnod
1246 2142 1372 2204 potestas
1390 2134 1563 2199 coelestium,
1589 2132 1764 2189 terrestrium
1788 2144 1815 2192 et

126 2223 180 2276 erit
201 2230 268 2276 uota
291 2222 445 2276 ecclesiae?
469 2240 535 2275 num
561 2240 594 2277 ex
619 2223 678 2277 vita
701 2224 897 2294 potiusquam
924 2240 956 2277 ex
982 2222 1140 2288 inferorum
1158 2222 1194 2273 sit
1214 2219 1272 2289 ipsi
1289 2222 1507 2287 communicata,
1532 2222 1610 2289 qnod
1626 2222 1747 2285 facilins
1760 2240 1816 2293 per

125 2309 253 2364 doctrina
265 2309 454 2379 judicabimus
474 2309 509 2363 de
528 2307 704 2363 doctoribus?
732 2316 761 2363 at
780 2308 832 2363 hac
850 2308 956 2362 ratione
982 2307 1066 2359 istam
1085 2313 1165 2359 eatur
1189 2308 1230 2359 ad
1250 2307 1390 2361 Christum
1409 2324 1493 2375 qaam
1507 2324 1562 2375 par
1580 2307 1717 2376 Paulam,
1741 2307 1817 2377 qaod

125 2392 261 2460 efficitur,
287 2394 441 2448 doctrinam
468 2410 485 2447 a
511 2394 587 2448 Juda
614 2394 755 2465 proditore
788 2395 956 2464 propositam
982 2393 1087 2446 trinam
1108 2393 1289 2461 disciplinam
1305 2394 1341 2445 de
1359 2410 1443 2445 manu
1463 2392 1587 2461 propria
1608 2410 1662 2446 non
1685 2394 1816 2461 cordula,

126 2479 214 2535 fuisse
240 2480 351 2543 falsam,
377 2489 473 2534 contra
488 2496 553 2532 vero
571 2479 723 2533 doctrinam
743 2478 956 2550 pseudoaposto-
982 2481 1035 2532 sed
1053 2487 1152 2532 amana
1167 2481 1268 2544 ferrea
1286 2479 1407 2547 mncepit
1426 2496 1512 2547 usqae
1531 2480 1572 2531 ad
1584 2480 1731 2549 aanpnim's
1749 2480 1816 2549 effu·

126 2567 231 2633 lorum,
254 2565 302 2638 qui
324 2583 353 2620 se
378 2565 614 2633 transfigurabant
635 2565 663 2619 in
686 2564 789 2619 Christi
812 2565 958 2635 apostolos,
982 2566 1102 2629 sionem,
1121 2582 1206 2618 unam
1221 2582 1276 2634 pro
1292 2564 1352 2617 anis
1371 2564 1470 2634 arripis,
1490 2582 1561 2632 qaas
1577 2565 1708 2618 minimae
1727 2569 1816 2636 erant,

52 2652 331 2713 infamaveras.
367 2659 391 2706 4.
412 2651 553 2706 Ecclesiae
579 2652 704 2706 doctores
728 2651 840 2706 fuerunt
863 2653 959 2722 sancti,
980 2669 1038 2720 pro
1064 2651 1094 2704 in
1110 2651 1279 2720 pnrpatorio
1297 2650 1491 2704 scantentilms
1509 2651 1610 2716 aliam,
1634 2669 1692 2720 pro
1712 2652 1748 2706 iis
1768 2650 1819 2721 qni

128 2738 238 2792 interim
259 2747 351 2792 tamen
376 2739 432 2790 suis
458 2736 550 2790 adhuc
568 2736 729 2791 laborarunt
754 2738 847 2791 naevis
867 2754 901 2792 ao
920 2738 958 2791 in·
985 2739 1015 2790 in
1030 2739 1135 2791 munda
1153 2745 1301 2791 versantur
1317 2739 1428 2791 tertiam
1445 2741 1495 2792 etc
1513 2746 1584 2808 part.
1598 2743 1622 2792 3.
1639 2738 1682 2794 tit.
1696 2745 1736 2795 23.
1754 2756 1777 2796 c.
1793 2744 1815 2795 1.

127 2823 313 2892 firmitatibus,
323 2823 435 2895 quidam
449 2824 531 2876 etism
545 2830 575 2875 ut
584 2821 722 2890 Noacbus,
730 2820 960 2892 Lothus.Aaron,
985 2819 1012 2895 ξ.
1033 2829 1056 2878 1.
1082 2828 1111 2878 et
1134 2826 1222 2894 seqq.)
1252 2828 1343 2878 tamen
1374 2823 1494 2893 ipsorum
1521 2824 1647 2878 docmina
1663 2822 1816 2894 judicanda

128 2904 230 2973 David,
248 2908 347 2963 Petrus
367 2910 395 2962 in
414 2925 537 2962 enormes
556 2906 651 2978 lapsus
670 2907 833 2978 inciderunt,
853 2916 881 2963 at
892 2929 958 2964 num
985 2907 1083 2962 fuisset
1102 2924 1134 2962 ex
1156 2907 1240 2963 verbo
1259 2908 1321 2964 eat
1339 2915 1367 2977 l,
1384 2925 1410 2961 r.
1429 2918 1459 2964 a:
1485 2909 1545 2962 San
1561 2910 1589 2962 si
1605 2909 1648 2963 sel
1665 2925 1729 2974 nos,
1748 2908 1816 2980 apo'·

127 2982 276 3067 propterea
300 2996 424 3049 doctrina
442 2994 565 3064 ipsorum
585 2994 667 3047 desiit
685 3009 745 3049 esse
765 2994 848 3048 vera?
887 3003 910 3051 5.
930 2996 958 3052 Si
984 2995 1063 3059 stoli,
1088 2997 1132 3049 rel
1154 2996 1272 3065 anpalua
1291 2997 1326 3048 de
1346 2995 1422 3048 casio
1442 2994 1607 3063 caanpeiiaet
1624 2996 1716 3064 nohis,
1732 3013 1817 3067 pras·

127 3101 161 3137 ex
183 3081 329 3136 sanctitate
354 3073 586 3156 patriarcharum,
617 3078 814 3150 prophetarum
842 3087 870 3135 et
893 3099 958 3152 apo·
983 3089 1109 3150 torquem
1129 3082 1206 3149 quad
1223 3079 1473 3149 evnnpeiisavimns
1492 3079 1581 3143 vobis,
1605 3083 1754 3134 anathema
1771 3081 1816 3137 sit.

127 3160 259 3222 stoloru'm
277 3165 312 3220 de
325 3166 440 3221 ecelesia
451 3165 642 3237 judicandum,
660 3171 755 3219 nostra
771 3167 958 3237 potiusquam
983 3166 1083 3236 Apage
1110 3165 1195 3236 igitur
1220 3165 1350 3218 immania
1376 3163 1426 3218 illa
1448 3165 1628 3235 pronuntiata
1651 3164 1736 3220 verbo
1761 3165 1815 3221 Dei

127 3255 253 3309 Romana
265 3251 382 3307 eeclesia
399 3252 508 3305 laudem
524 3250 599 3304 illam
618 3250 671 3303 sibi
691 3249 827 3306 vendicat
855 3252 958 3308 Nostra
984 3269 999 3306 e
1019 3252 1151 3305 diametro
1175 3251 1326 3317 contraria,
1351 3249 1428 3320 qnod
1445 3266 1478 3303 aa
1498 3249 1616 3304 laterali
1637 3253 1740 3306 Christi
1758 3254 1817 3307 snt-
1830 3270 1879 3313 xn.
1893 3268 1928 3312 ss,

127 3341 201 3394 enim
228 3337 343 3392 ecclesia
369 3336 471 3391 insistit
489 3336 628 3391 doetrinae
648 3336 868 3407 patriacharum,
895 3354 956 3408 pro·
983 3354 1049 3390 nere
1069 3337 1241 3391 stancheim
1266 3336 1416 3402 assilierit,
1445 3336 1492 3391 lib.
1516 3337 1590 3391 conf.
1615 3339 1635 3394 f.
1655 3343 1714 3394 247.
1742 3341 1820 3408 qnod

127 3426 273 3497 phetarum
299 3430 326 3477 et
349 3423 548 3490 apostolorum,
572 3408 623 3477 isos
641 3423 766 3477 doctores
786 3423 847 3478 illos
867 3423 956 3495 sequi·
984 3422 1154 3475 Franciscns
1172 3422 1268 3490 primo
1293 3421 1365 3490 vita,
1393 3423 1502 3475 domm
1515 3423 1653 3492 passiano
1668 3424 1764 3488 factas
1782 3424 1819 3479 sit

127 3530 190 3565 mur
219 3518 246 3563 et
273 3510 513 3577 consanpninitate
544 3510 690 3562 doctrinas
721 3508 788 3578 ipsis
818 3509 959 3579 conjuncti
985 3510 1026 3561 ad
1043 3506 1191 3576 imnpinem
1211 3517 1236 3560 et
1255 3507 1468 3561 similitudinem
1485 3507 1557 3561 Jssss
1571 3507 1678 3563 Christi
1694 3510 1822 3581 munifici

129 3613 241 3663 sumus;
262 3592 401 3648 Pontificii
420 3610 486 3647 vero
505 3595 540 3649 ab
560 3581 719 3666 integritate
736 3594 877 3650 doctrinae
896 3613 958 3666 pro·
984 3593 1032 3649 fol.
1058 3599 1096 3648 13.
1126 3595 1203 3662 qnod
1229 3593 1368 3660 stipmatis
1396 3593 1514 3662 quinque
1537 3595 1683 3649 rainerum
1706 3614 1819 3650 suornm

128 3672 258 3755 pheticae
274 3680 316 3733 'et
344 3672 511 3750 apostolieae
534 3681 593 3749 jam
623 3681 687 3735 olim
715 3688 899 3749 recesserunt,
929 3688 960 3735 ut
984 3687 1073 3732 servet
1097 3697 1116 3732 a
1139 3686 1227 3732 morta
1246 3687 1360 3731 aeterna
1377 3679 1467 3748 viros,
1494 3680 1579 3749 qnia
1598 3689 1719 3750 tempore
1739 3682 1819 3738 iliius

130 3767 196 3822 alibi
217 3767 426 3822 demonstratur.
462 3773 486 3821 o.
510 3764 689 3821 Ethnicorum
706 3766 833 3821 doctores
853 3773 880 3820 et
898 3767 959 3821 hae·
987 3782 1071 3833 usqne
1090 3766 1130 3817 aci
1145 3765 1622 3836 finsnsrnnndiviscrnntetninant,
1642 3768 1819 3824 Bemhardus

132 3851 284 3910 resiarchas
303 3851 387 3905 fuisse
408 3851 539 3922 superbos
558 3871 612 3906 non
631 3870 781 3923 negamus,
800 3852 909 3906 interim
928 3871 960 3907 er
987 3853 1014 3904 in
1032 3868 1116 3904 rosar.
1136 3855 1207 3921 part.
1226 3857 1250 3905 2.
1269 3867 1348 3904 serm.
1368 3857 1409 3906 27.
1430 3869 1495 3922 pag.
1509 3857 1567 3907 224.
1589 3870 1659 3922 quae
1677 3871 1819 3927 nunquam

131 3958 163 3996 eo
180 3935 279 3994 confici
293 3936 397 4006 nequit,
414 3938 586 3991 sanctitatem
600 3937 672 3992 ritae
686 3937 715 3991 in
728 3938 888 3992 doctoribus
901 3955 960 3992 esse
988 3936 1146 4007 persuaderi
1171 3936 1251 3990 nobis
1276 3937 1428 4007 patiemur,
1453 3937 1520 3992 licet
1544 3938 1710 3994 Franciscus
1734 3941 1819 3996 fuerit

131 4031 225 4080 notam
245 4022 392 4089 ecclesiae,
411 4021 470 4076 fieri
488 4021 559 4076 enirn
577 4027 675 4091 potest,
694 4029 725 4077 ut
743 4024 827 4077 etiam
846 4024 961 4079 catholi·
987 4032 1044 4077 tam
1064 4028 1176 4075 sanctus
1184 4038 1294 4091 ,qnam
1312 4023 1411 4094 aliquis
1429 4040 1444 4078 e
1461 4023 1538 4078 coelo
1556 4024 1680 4095 angelus,
1700 4044 1734 4081 ac
1752 4022 1825 4083 Ιίιιι’

132 4127 180 4163 cus
200 4109 295 4163 doctor
316 4108 351 4161 sit
375 4105 510 4177 superbus
534 4114 562 4161 et
581 4114 611 4161 ut
631 4108 785 4162 haereticus
804 4109 900 4164 doctor
918 4127 962 4163 su·
988 4109 1078 4162 adhuc
1101 4108 1148 4161 alii
1170 4112 1226 4162 tres
1248 4111 1391 4178 pontifices
1412 4107 1463 4163 sub
1483 4109 1625 4165 haereseos
1645 4129 1735 4182 poena
1753 4094 1825 4186 stig'-

131 4193 257 4266 perbiam
281 4210 359 4247 suam
388 4193 520 4260 occultet;
548 4193 684 4263 quomodo
711 4194 795 4264 igitur
822 4195 962 4250 occultum
989 4201 1064 4249 mata
1081 4193 1281 4248 illaFranoisci
1300 4194 1336 4250 ab
1356 4196 1482 4249 omnibus
1501 4197 1576 4250 credi
1586 4197 1726 4266 juberent,
1745 4192 1820 4269 quod

132 4281 202 4336 illud
226 4279 323 4333 vitium
348 4283 520 4349 potestesse
543 4278 658 4332 visibilis
682 4287 749 4333 nota
773 4279 860 4335 falsae
878 4281 997 4336 eccle·
985 4298 1044 4349 Jam
1068 4286 1132 4333 ante
1156 4278 1261 4334 facturn
1286 4298 1304 4334 a
1327 4280 1461 4349 Gregorio
1483 4279 1534 4338 lX.
1560 4282 1720 4339 Alexandro
1739 4283 1773 4340 V.
1793 4272 1840 4341 et'·

132 4367 210 4421 siae?
247 4364 460 4421 Haerosiarchae
488 4382 595 4436 semper
621 4364 788 4429 obtendunt,
816 4385 845 4422 se
871 4368 963 4421 studio
990 4365 1102 4421 Nicolao
1115 4365 1166 4420 111.
1186 4365 1305 4436 deniqne
1322 4367 1388 4422 licet
1400 4368 1474 4422 mille
1492 4367 1539 4421 alii
1550 4385 1613 4422 curn
1627 4360 1827 4424 Bonaven'tura*

133 4451 336 4524 promovendae
367 4451 470 4523 gloriae
499 4450 608 4505 divinae
643 4458 671 4506 et
702 4453 798 4506 salutis
828 4452 963 4507 humanae
989 4452 1017 4504 in
1046 4451 1165 4523 legenda
1194 4452 1335 4506 Francisci
1359 4459 1497 4520 statuant,
1528 4455 1683 4507 Francisca
1712 4452 1821 4509 mortno

134 4540 265 4610 dogmata
287 4536 334 4590 illa
352 4552 520 4607 proponere,
545 4544 641 4591 contra
657 4554 721 4591 vero
740 4538 918 4593 ambitionem
937 4546 964 4593 et
990 4539 1122 4606 stipmata
1146 4557 1165 4590 a
1188 4538 1320 4606 pinribns
1338 4540 1428 4600 finisse
1449 4541 1548 4607 apnita
1567 4540 1654 4594 clasis
1672 4542 1702 4592 in
1721 4560 1754 4594 aa
1772 4543 1821 4594 im·

135 4621 293 4694 superbiam
311 4640 389 4675 suam
410 4621 505 4676 sedulo
517 4627 659 4690 premunt,
679 4624 815 4692 quomodo
832 4623 963 4694 igiturex
992 4624 1091 4687 rnsssis,
1112 4623 1156 4676 cui
1175 4623 1340 4677 contradicit
1359 4624 1518 4679 Matthaeus
1537 4625 1630 4694 Paris,
1648 4627 1696 4695 qui
1713 4643 1745 4680 eo
1763 4627 1823 4697 ipso

135 4706 266 4781 superbia
283 4708 391 4762 illorum
412 4708 522 4761 occulta
540 4707 575 4762 de
595 4708 720 4761 doctrina
738 4706 797 4762 fieri
814 4715 905 4778 potest
920 4711 964 4780 ju·
992 4715 1122 4779 tempore,
1132 4726 1187 4779 quo
1196 4708 1361 4763 Franciseus
1375 4710 1451 4777 obiit,
1462 4709 1561 4775 floruit,
1571 4711 1600 4763 in
1609 4710 1673 4766 hist.
1682 4710 1766 4765 Henr.
1773 4707 1829 4767 111:

136 4794 258 4850 dicium?
992 4811 1049 4866 reg.
1068 4796 1152 4865 Angl.
1180 4813 1208 4865 p.
1231 4800 1288 4851 329.
1313 4813 1433 4866 negans,
1462 4796 1520 4850 ulls
1544 4797 1747 4868 praedictorum
1765 4788 1825 4852 rul-

55 4906 121 4945 ,ιω
171 4886 230 4938 261.
268 4882 423 4934 Alandrum
446 4883 605 4934 sccsrmtnm.
641 4880 714 4935 Num
737 4880 811 4934 vitae
834 4881 965 4934 sanctitas
991 4899 1086 4934 nerum
1113 4881 1142 4933 in
1168 4880 1254 4935 latere
1278 4880 1321 4935 vel
1348 4880 1468 4951 pedibus
1493 4882 1552 4936 sive
1571 4883 1698 4937 manibus
1716 4901 1821 4939 reman-

52 4959 115 4998 ’ω’
136 4967 297 5026 doctoribus
318 4964 459 5021 Romanae
477 4967 609 5021 ecelesiae
628 4964 713 5018 tribui
733 4966 840 5034 possit?
864 4968 964 5022 Bellar-
991 4968 1058 5020 sisse
1076 4967 1215 5038 stigmata

52 5019 171 5100 idda
136 5056 226 5110 minus
250 5053 294 5107 hio
318 5059 449 5122 provocat
475 5053 516 5104 ad
539 5051 739 5120 patriarchas,
761 5054 870 5121 proph<
873 5063 917 5105 tas
941 5060 965 5104 st
1026 5055 1084 5110 262.
1104 5051 1820 5124 Intueamurrerotantoperedepraedicatamecols-
1835 5071 1947 5112 smetrsu

52 5113 122 5203 iiiii.
137 5140 295 5217 apostotos,
323 5141 363 5191 ad
388 5140 546 5207 primitivae
575 5138 706 5190 ecclcsiae
733 5139 862 5191 doctores
881 5147 906 5191 at
927 5140 967 5190 ad
992 5138 1047 5192 siae
1060 5137 1202 5192 Romanae
1215 5138 1429 5193 sanctitatemin
1442 5156 1521 5192 curra
1530 5147 1558 5193 et
1569 5138 1637 5194 urbe
1646 5139 1801 5212 Βοιιιιιιι,
1792 5160 1821 5197 1n
1835 5123 1926 5215 affl„

52 5220 76 5255 ‘h
139 5226 270 5280 ordinum
288 5225 483 5294 retipiosornm
503 5224 682 5275 institutores.
718 5222 774 5276 Sed
786 5222 899 5292 plane'
884 5245 966 5275 ‹snas-
992 5222 1119 5295 pontifice
1138 5232 1269 5294 tanquam
1289 5225 1392 5295 capite,
1417 5223 1617 5292 cardinalibus,
1641 5224 1828 5299 archiepisco-

138 5311 254 5375 διύιως,
288 5314 354 5382 quia
384 5328 434 5364 nec
459 5309 625 5379 prophetae,
664 5324 714 5361 nec
749 5308 880 5377 apostoli,
915 5326 966 5363 nec
991 5329 1042 5380 prs,
1055 5326 1201 5380 episcopis,
1214 5308 1412 5375 sacerdotibus,
1424 5310 1696 5379 monachis,iesurtrs
1709 5322 1736 5367 et
1741 5314 1823 5371 lascis

137 5397 293 5471 primitivae
318 5395 449 5449 ecclesiae
468 5395 592 5447 doctores
612 5392 732 5463 amplexi
752 5387 817 5447 sunt
836 5394 966 5463 dogmata
992 5414 1046 5450 non
1064 5414 1081 5448 a
1100 5395 1208 5463 nostris,
1228 5396 1276 5449 sed
1297 5413 1313 5448 a
1332 5394 1388 5448 suis
1407 5395 1529 5464 ipsorum
1547 5394 1728 5468 scriptoribus
1739 5400 1825 5471 potis

137 5479 262 5558 papalia,
282 5474 368 5551 ¹quae
404 5498 454 5534 nos
492 5497 523 5535 er
553 5478 661 5550 scriptis
684 5477 798 5533 'illorum
823 5495 964 5550 oppugna·
993 5481 1099 5548 simum,
1120 5480 1163 5533 vel
1182 5497 1216 5534 ex
1238 5480 1285 5549 iis,
1306 5478 1459 5552 quo's'suos
1478 5484 1539 5538 esse
1556 5480 1740 5557 contendunt,
1758 5478 1824 5541 deli·

1410 5586 1465 5640 at*
