4004 6022
210 210 289 320 'aas
796 226 1358 312 mcusmemmussseuunus

229 410 325 461 444444
344 409 484 474 statuunt,
503 405 648 459 4441444444
665 419 726 458 esse
745 411 850 458 costam
868 405 909 457 ita
926 404 1064 458 esibilem
1076 402 1079 455 l
1090 408 1277 479 perpetuitate
1302 423 1362 462 esne
1387 410 1480 462 certae
1497 409 1527 460 et
1547 405 1677 462 immotae
1694 404 1820 461 veriatis
1839 409 1932 463 neuti-

227 509 263 545 ac
276 491 463 562 palpabilem,
482 499 513 544 at
530 498 570 543 est
581 490 706 559 popalus
720 492 873 559 Romanas,
891 491 934 545 vel
948 507 1065 560 regnam
1090 509 1174 563 quum
1196 510 1344 564 negamus,
1371 492 1420 548 sed
1443 491 1588 560 addimus,
1614 508 1661 546 eas
1681 508 1739 546 non
1756 492 1870 563 impleri
1889 509 1932 559 eo,

230 577 355 642 Galliae,
373 578 417 631 oei
433 577 590 647 respublica
617 576 789 641 Venetorum,
809 593 881 648 quae
898 581 964 630 sunt
979 576 1066 632 verba
1090 595 1173 648 quem
1192 578 1330 634 Pontificii
1354 578 1408 633 sibi
1425 577 1550 650 fingunt,
1574 577 1670 643 modo,
1694 578 1774 648 quasi
1796 578 1933 648 splendor

226 663 389 720 Bellarmini
408 664 454 721 lib.
473 670 496 719 3.
516 664 551 718 de
570 663 668 719 eccles.
689 681 712 718 4.
731 671 756 720 2.
791 664 831 720 Ut
849 681 916 734 ergo
935 663 1065 733 splendor
1077 662 1079 679 '
1091 664 1221 720 ecclesiae
1248 670 1378 720 externus
1402 664 1513 720 tuturus
1534 665 1571 719 sit
1587 671 1738 736 perpetuus
1757 669 1787 720 et
1806 665 1931 721 44444444

228 755 257 804 et
279 751 408 820 majestas
433 749 542 804 illorum
566 767 714 821 regnorum
739 766 773 805 44
797 747 1063 818 rerumpublicarum
1076 686 1161 815 'rium
1185 750 1263 805 verbi
1286 768 1303 805 a
1328 751 1490 823 corruptelis
1507 757 1644 822 perpetuo
1664 750 1790 806 futurum
1808 750 1845 805 sit
1862 749 1932 806 libe

227 836 315 891 oeulis
336 836 464 890 humanis
490 843 624 906 perpetuo
648 844 691 891 est
708 835 805 905 obvie,
831 837 872 890 ita
897 834 1063 903 existimant,
1090 853 1158 890 rum.
1196 835 1351 907 Implentur
1369 837 1434 892 illae
1451 836 1655 907 promissiones,
1676 835 1701 890 si
1717 853 1774 891 non
1792 836 1822 890 in
1840 836 1931 893 eccle

209 921 361 993 ¹ecclesiae
388 921 563 992 splendorem
590 927 732 976 externum
759 938 819 976 esse
848 921 938 976 eidem
966 936 1063 991 perpe·
1090 921 1132 975 sia
1150 921 1261 990 visibili,
1278 922 1308 976 id
1327 928 1369 977 est
1386 923 1416 976 iu
1434 921 1549 977 florente
1568 928 1596 977 et
1613 922 1764 992 conspicuo
1780 928 1867 978 coetu
1883 938 1931 976 ro

226 1015 313 1063 turum
358 1008 398 1064 Ut
419 1009 550 1077 majestas
571 1007 680 1062 illorum
704 1025 852 1079 regnorum
872 1015 901 1063 et
921 1024 1064 1077 rerumpu-
1091 1013 1229 1075 catorum,
1254 1015 1347 1064 tamen
1373 1009 1402 1063 in
1420 1009 1538 1064 eeclesia
1555 1006 1704 1073 invisibili,
1730 1008 1821 1064 idest
1839 1008 1872 1063 in
1891 1008 1930 1063 la·

226 1092 360 1148 blicarum
383 1095 510 1150 consistit
534 1095 563 1149 in
588 1101 702 1150 externa
723 1096 861 1165 potentia,
886 1093 913 1147 in
936 1093 1064 1164 amplitu·
1091 1097 1166 1148 tente
1185 1093 1250 1147 ovili
1266 1092 1425 1152 electorum.
1461 1090 1577 1164 Semper
1593 1093 1649 1148 sibi
1664 1093 1772 1164 colligit
1790 1098 1819 1149 et
1835 1102 1931 1150 servat

227 1179 292 1236 diue
314 1180 532 1252 provinciarum,
555 1182 584 1236 in
608 1182 710 1236 divitiis
725 1182 914 1246 subditorum,
942 1182 971 1234 in
988 1187 1063 1234 4444-
1092 1178 1218 1234 Christus
1245 1178 1404 1249 ecclesiam,
1432 1180 1455 1233 44
1489 1198 1545 1235 444
1577 1180 1608 1236 in
1639 1179 1783 1251 populosis
1811 1181 1930 1237 urbibus

228 1267 366 1338 quillitate
392 1268 507 1338 politica
532 1275 583 1323 etc.
608 1268 647 1322 sic
673 1268 819 1323 eeclesiam
837 1272 938 1337 putant
955 1267 983 1320 in
1003 1282 1065 1319 suc·
1092 1272 1120 1320 et
1149 1265 1324 1336 regionibus,
1352 1272 1445 1321 tamen
1469 1266 1498 1320 in
1521 1266 1639 1322 desertis
1660 1265 1875 1333 solitudinibus3
1907 1268 1930 1320 si

227 1353 351 1408 cessione
370 1360 483 1408 externa
498 1352 668 1424 pontificum,
685 1354 713 1407 in
733 1353 916 1424 amplitudine
934 1353 1065 1416 locorum,
1092 1368 1147 1406 non
1174 1352 1202 1407 in
1227 1352 1348 1422 publicis
1371 1351 1525 1418 cathedris,
1552 1358 1647 1408 444444
1665 1351 1695 1406 in
1713 1351 1818 1407 abditis
1837 1360 1931 1408 terrae

229 1438 258 1492 in
289 1439 434 1509 temporali
464 1439 598 1494 felicitate
631 1437 789 1495 consistere.
839 1446 863 1495 6.
887 1439 944 1495 Nos
973 1444 1065 1492 autom
1091 1439 1224 1494 44444444.
1262 1439 1361 1494 141144
1379 1456 1504 1510 unquam
1522 1438 1640 1495 ecclesia
1657 1438 1697 1494 ita
1714 1438 1793 1502 latet,
1810 1439 1882 1509 quin
1893 1439 1930 1494 ab

228 1530 373 1580 4444444444
409 1525 487 1580 illum
520 1525 696 1597 splendorem
732 1525 866 1580 ecclesiae
901 1530 1065 1596 perpetuum
1092 1523 1231 1595 aliquibus
1255 1524 1455 1595 conspiciatur,
1482 1526 1506 1579 si
1529 1543 1585 1579 non
1605 1524 1743 1580 amundo
1762 1530 1791 1578 et
1809 1523 1929 1579 infideli·

228 1627 288 1668 esse
312 1629 461 1682 negamus,
485 1629 519 1666 ac
543 1612 613 1665 duos
635 1611 769 1666 ecelesiae
787 1617 875 1666 status
894 1610 1008 1664 alternis
1025 1609 1064 1663 vi·
1092 1608 1152 1677 bue,
1170 1616 1264 1665 tamen
1283 1628 1300 1664 a
1317 1609 1371 1680 piis
1389 1610 1593 1666 confessoribus
1611 1609 1781 1682 conjunctim
1800 1611 1929 1667 emulan-

228 1696 307 1753 441444
330 1704 503 1752 recurrentes
528 1697 682 1753 statuimus.
730 1696 968 1761 Quemadmodum
992 1696 1065 1751 enim
1090 1694 1165 1750 tibus
1188 1700 1217 1750 et
1241 1683 1407 1773 latentibus,
1436 1696 1503 1768 quin
1526 1697 1581 1752 imo
1607 1704 1639 1752 ut
1664 1698 1693 1752 in
1711 1696 1930 1768 profundissimo

228 1781 354 1838 Christus
372 1783 507 1839 ecclesiae
524 1790 609 1854 caput
628 1782 781 1837 secundum
799 1781 939 1853 duplicem
952 1788 1065 1850 statum,
1091 1781 1284 1837 exinanitionis
1313 1789 1389 1838 statu
1417 1782 1521 1838 Christi
1550 1783 1686 1839 ecclesiae
1717 1791 1806 1854 caput
1834 1784 1929 1840 radios

229 1869 429 1924 minandionis
448 1878 473 1923 et
491 1870 683 1938 exaltationis,
705 1869 877 1929 ἐλαττώσεως
896 1872 943 1922 καὶ
964 1867 1064 1942 inops·
1091 1868 1227 1937 quosdam
1243 1868 1354 1923 divinae
1373 1870 1526 1939 maJ‘estatis
1546 1887 1614 1926 suae
1633 1869 1792 1940 emerebat,
1813 1886 1848 1925 ex
1867 1870 1926 1943 qui·

229 1955 359 2025 odoror,
392 1954 596 2023 consideratur,
631 1954 661 2008 in
687 1954 736 2009 illo
764 1955 895 2025 majestas
922 1955 982 2024 ejus
1010 1971 1065 2008 non
1091 1952 1143 2007 bus
1170 1971 1237 2009 vera
1259 1953 1347 2024 ipsius
1371 1953 1501 2009 divinitas
1525 1956 1657 2027 cognosci
1681 1961 1807 2026 poteret3
1835 1956 1879 2011 444
1900 1957 1929 2012 in

227 2040 383 2113 apparebat
401 2040 534 2110 exterius,
558 2040 607 2095 sed
628 2039 789 2096 infirmitate
809 2041 900 2096 earnis
918 2040 1064 2095 videbatur
1091 2039 1307 2108 prolundiesima
1353 2041 1487 2096 ecoleuae
1529 2042 1706 2112 depressione
1752 2043 1928 2114 quorundam

227 2135 319 2198 tecta,
346 2127 376 2182 in
401 2127 454 2183 hoc
481 2143 546 2182 vero
575 2127 665 2198 gloria
690 2133 718 2183 et
746 2128 876 2197 maiestas
899 2129 960 2198 ejus
982 2126 1066 2197 plena
1092 2132 1245 2196 martyrum
1271 2127 1405 2183 confessio
1424 2127 1524 2182 emicat
1545 2134 1574 2182 et
1593 2127 1727 2184 4441444444
1744 2130 1929 2207 perpetuitati

228 2214 292 2271 luce
310 2214 447 2286 refulget3
464 2213 505 2268 ita
522 2230 634 2285 quoquc
649 2213 678 2267 in
691 2212 921 2283 corporeChristi
937 2213 1065 2283 mystico,
1091 2227 1125 2266 44
1151 2211 1263 2268 veritati
1286 2213 1469 2268 clarissimum
1493 2213 1682 2269 testimonium
1706 2214 1835 2280 exhibet,
1863 2216 1929 2272 inde

228 2303 304 2374 quod
326 2308 369 2356 est
393 2299 523 2368 aedesio,
553 2299 649 2354 itidem
672 2299 702 2354 hi
728 2301 784 2354 duo
812 2305 902 2354 status
925 2298 1065 2355 observari
1091 2297 1267 2369 Augustinus
1288 2299 1367 2369 epist.
1390 2304 1431 2356 48.
1449 2299 1485 2353 44
1504 2299 1633 2356 Vincent
1650 2299 1761 2355 scribit:
1796 2301 1869 2372 Ipsa
1888 2310 1929 2356 set

227 2395 355 2461 possum:
374 2389 445 2443 alter
460 2386 654 2442 exinanitionis
666 2385 941 2455 sivehumiliationis,
954 2384 1065 2456 quando
1092 2385 1219 2454 ecclesia,
1239 2402 1312 2454 quoe
1333 2386 1490 2454 stipando
1509 2387 1674 2441 obscuratur
1695 2395 1721 2442 et
1735 2390 1929 2457 tanqrsomab

228 2475 274 2532 rel
297 2480 505 2546 persecutorum
519 2473 652 2544 potentia,
668 2472 713 2527 vel
733 2471 934 2528 haereticorum
955 2472 1066 2540 astutia,
1093 2470 1238 2525 subdatur
1257 2472 1435 2527 multitudine
1453 2474 1670 2543 scandalorum,
1696 2476 1812 2542 quando
1826 2491 1929 2544 pmcn·

228 2561 274 2618 rel
297 2549 491 2617 scandalorum
516 2560 744 2616 invalescentium
773 2559 930 2630 frequentia
965 2558 1065 2630 premi·
1092 2565 1167 2611 tores
1184 2557 1331 2612 intendant
1350 2575 1456 2629 croam,
1473 2566 1504 2612 44
1520 2559 1651 2628 sagittent
1665 2559 1695 2612 in
1707 2560 1825 2614 obscuro
1837 2569 1930 2616 reatos

228 2653 289 2716 tur3
323 2648 394 2702 alter
419 2646 595 2702 exaltationis
620 2647 680 2701 sire
702 2644 924 2717 glorificationis,
954 2645 1065 2716 quando
1093 2645 1191 2713 corde,
1219 2647 1272 2699 sed
1296 2644 1379 2699 etiam
1404 2653 1469 2699 tune
1494 2645 1524 2699 in
1547 2646 1607 2699 sais
1624 2645 1799 2714 firrniscimis
1819 2648 1928 2702 eminet

228 2733 380 2804 tranquilla
405 2749 546 2787 sacrorum
571 2732 808 2787 administratione
831 2731 946 2798 fruitur,
977 2732 1065 2786 incor-
1092 2730 1262 2784 *1134414444
1279 2748 1423 2801 nmquam
1438 2732 1517 2800 apsa,
1534 2747 1644 2800 semper
1661 2731 1731 2800 alia,
1750 2733 1807 2786 etsi
1820 2750 1929 2802 semper

230 2820 306 2890 rupti
343 2817 489 2873 ministerii
523 2818 670 2887 splendore
701 2815 792 2888 fulget
821 2822 848 2872 et
879 2817 973 2888 quieto
1002 2817 1065 2888 puri
1093 2816 1166 2885 ipra,
1183 2818 1299 2886 pando
1317 2817 1387 2882 alio,
1408 2815 1848 2874 utbucnonineoncinnererba
1859 2818 1926 2876 Ter·

230 2904 323 2961 cultus
356 2903 443 2958 divini
473 2903 602 2959 exercitio
629 2902 743 2974 publice
771 2911 906 2958 coruscat.
959 2902 993 2957 In
1012 2903 1065 2960 boc
1090 2902 1201 2957 tulliani
1218 2920 1252 2958 ex
1265 2902 1393 2958 dissimili
1403 2902 1521 2959 44444414
1533 2904 1789 2959 accommodemus:
1813 2907 1926 2960 13444444

231 2997 306 3048 statu
337 2990 454 3046 ecclesia
479 2996 522 3044 444
544 2989 675 3056 visibilis,
707 2994 805 3060 patens
823 2995 852 3044 et
868 2989 1002 3060 gloriosa;
1036 2991 1065 3044 in
1091 2989 1211 3043 44414444
1234 3006 1342 3059 semper
1366 3008 1441 3059 aaa,
1467 2998 1497 3044 at
1520 3009 1577 3045 non
1594 2991 1674 3045 illius
1684 2991 1796 3059 facies,
1821 2993 1852 3045 in
1863 2995 1926 3061 fide

123 3095 159 3140 x1.
172 3093 218 3141 tto.
231 3079 318 3135 altero
341 3094 406 3132 vero
433 3082 476 3132 est
500 3075 661 3143 invisibilis,
697 3076 787 3132 latens
819 3081 847 3130 et
873 3075 1063 3146 ignominiosa.
1090 3091 1199 3144 semper
1216 3093 1275 3128 uno
1293 3083 1321 3129 st
1338 3083 1431 3140 reeta,
1458 3077 1524 3129 ticet
1540 3094 1596 3130 non
1612 3078 1709 3130 eodem
1725 3078 1926 3146 4414444441*

231 3173 256 3223 l.
287 3164 468 3221 Declaramus
498 3161 528 3215 id
555 3161 647 3232 ipsum
676 3161 856 3217 similitudine
885 3179 902 3215 a
930 3161 1063 3232 phasibus
1090 3161 1132 3214 Ex
1149 3159 1193 3215 his
1211 3160 1330 3216 arbitror
1349 3160 1518 3233 quaestionis
1535 3168 1638 3217 statum
1655 3179 1689 3217 ac
1705 3164 1858 3233 genuinum
1879 3183 1926 3220 no

229 3253 313 3310 lunas
330 3250 431 3322 petita,
456 3266 519 3303 eum
539 3264 595 3318 qua
610 3248 754 3303 ecclesiam
775 3249 881 3304 confert
899 3248 1063 3303 Ambrosius
1090 3255 1163 3303 strae
1182 3247 1335 3304 4444444444
1352 3264 1465 3303 sensum
1481 3248 1590 3320 liquido
1607 3248 1739 3320 cognosci
1756 3266 1846 3320 posse.
1877 3251 1925 3308 m·

229 3340 278 3396 lib.
295 3346 320 3396 4.
339 3338 463 3393 14444444.
481 3354 503 3392 c.
524 3342 548 3392 8.
590 3335 829 3402 Quemadmodum
848 3335 921 3391 enim
940 3336 1031 3390 1444
1023 3354 1063 3389 m·
1090 3334 1205 3389 deamus
1225 3335 1350 3404 ejusdem
1367 3334 1556 3391 fundamenta

229 3425 338 3482 tardum
364 3424 449 3522 plena
471 3422 533 3479 luce
557 3421 692 3520 refulget,
720 3422 888 3525 quandoque
913 3439 978 3476 vero
1001 3423 1065 3477 silet
1125 3419 1389 3501 4444444144
1414 3437 1437 3476 4.
1466 3421 1667 3493 taquaedam
1689 3430 1855 3492 argumenta
1875 3439 1926 3494 pro
1939 3434 2002 3526 Arm

230 3518 259 3567 et
282 3510 463 3580 inconspicua
489 3515 532 3564 est
560 3514 588 3564 44
607 3508 699 3563 varias
718 3508 827 3562 omnino
847 3507 958 3580 φάσεις,
990 3501 1063 3563 defe-
1090 3511 1186 3561 444444
1213 3505 1351 3562 sententia
1374 3505 1490 3574 1444444,
1517 3507 1618 3579 quibus
1650 3508 1782 3562 discussis
1813 3496 1998 3586 4344444115.

229 3603 290 3652 etus
319 3602 348 3651 et
371 3602 465 3664 ortus,
496 3595 673 3650 decrementa
695 3601 724 3649 et
747 3594 917 3649 incrementa
943 3594 1063 3663 obtinet·
1091 3610 1153 3648 eam
1176 3585 1349 3647 confutatam
1373 3608 1432 3647 esse
1455 3592 1567 3657 statuit,
1594 3593 1644 3650 sed
1661 3595 1798 3665 quaedam
1817 3613 1851 3651 ex
1869 3596 1985 3651 411441
1939 3590 1996 3630 11111

229 3683 268 3736 444
302 3681 419 3736 44414444
448 3679 552 3734 Christi
577 3680 659 3735 modo
682 3679 774 3750 fulget
797 3696 848 3750 per
873 3680 1018 3750 publicum
1036 3687 1065 3736 et
1090 3694 1147 3732 non
1174 3677 1349 3748 agnoscimus
1373 3695 1424 3748 pro
1443 3679 1543 3735 nostris
1568 3680 1753 3751 argumentis,
1775 3680 1890 3753 reliquis
1909 3642 1996 3784 4411444

228 3767 347 3825 liberum
366 3767 430 3838 puri
449 3768 540 3822 cultus
558 3767 646 3821 divini
665 3766 840 3835 exercitium3
865 3766 947 3821 modo
968 3767 1065 3822 obscu-
1091 3764 1258 3820 Bellarmino
1283 3766 1406 3819 nondum
1432 3765 1605 3820 misfactum
1633 3774 1682 3822 est
1728 3766 1855 3822 Primum
1883 3745 2000 3836 44114»,

228 3860 306 3909 ratur
336 3871 386 3926 per
417 3853 584 3925 mutatam
610 3853 832 3923 persecutionum
857 3859 885 3906 et
909 3851 1065 3908 haeresium
1091 3857 1253 3922 gumentum
1272 3851 1329 3906 tale
1348 3857 1404 3906 est:
1432 3851 1519 3905 [niae
1537 3853 1660 3906 mandi
1648 3853 1759 3908 ineolis
1772 3855 2002 3938 4444444111

229 3940 465 4010 444414444444444,
481 3940 594 3996 tandem
614 3945 708 3994 tamen
727 3956 760 3994 ex
778 3938 948 3994 obscuritate
965 3939 1064 3994 iterum
1092 3938 1156 3991 an
1176 3937 1294 3991 44414444
1312 3944 1372 3991 tota
1389 3936 1568 4005 commetat,
1591 3939 1720 3993 saban
1707 3958 1739 3992 sn
1754 3940 1871 4007 uirtute,
1896 3949 2002 3994 arcora

230 4038 374 4097 emergens
402 4028 437 4082 de
462 4025 700 4097 persecutionibus
727 4029 756 4079 et
778 4023 939 4079 haeresibus
964 4024 1064 4096 glorio
1090 4031 1205 4090 uimque
1229 4025 1318 4092 sidem
1345 4022 1438 4076 amisit
1465 4030 1491 4075 et
1516 4041 1535 4076 a
1559 4025 1624 4079 Deo
1648 4027 1829 4095 apostatavit.
1872 4026 1925 4082 Re-
1939 4006 1997 4042 ‘⁰⁰²

230 4128 292 4167 sum
309 4117 433 4182 reportat
449 4111 636 4183 triumphum,
662 4110 733 4165 sicut
759 4108 944 4181 pulcherrime
969 4111 1066 4166 scribit
1090 4108 1274 4180 spondemus:
1304 4108 1356 4163 hoc
1382 4115 1575 4178 argumentum
1602 4127 1658 4166 non
1677 4112 1854 4182 agnoscimus
1873 4131 1925 4184 pro

230 4197 353 4269 vigilius
373 4196 420 4252 lib.
444 4203 466 4253 1.
484 4204 581 4253 contra
597 4195 732 4268 Eutych.:
760 4196 843 4250 Nilu'l
861 4215 975 4266 nouam,
993 4198 1065 4250 nibil
1091 4201 1197 4264 444444,
1224 4195 1248 4250 44
1272 4195 1321 4267 qui
1347 4212 1379 4250 eo
1396 4200 1526 4265 utuntur,
1553 4196 1582 4249 id
1601 4196 1690 4252 solum
1705 4196 1818 4267 volunt,
1849 4200 1925 4270 quod

225 4285 412 4353 peregrinam
446 4285 581 4338 4441444444
615 4284 758 4349 fortitudo
792 4283 934 4351 aperitio
961 4283 1066 4337 talibus
1091 4281 1173 4337 etiam
1192 4281 1303 4351 ipsimet
1322 4280 1457 4335 41444444
1478 4288 1588 4354 tempus
1603 4284 1774 4356 gravissimis
1786 4286 1925 4341 erroribus

225 4387 320 4441 paens
343 4371 381 4425 ab
404 4369 543 4424 catomis
570 4369 720 4423 haereticis
738 4369 929 4438 pontianam
948 4370 1066 4423 turbini-
1091 4366 1194 4423 involvi
1212 4366 1327 4438 possint
1367 4366 1519 4424 Videamus
1537 4374 1643 4434 tamen,
1666 4369 1734 4441 quid
1752 4369 1817 4426 huic
1836 4372 1923 4444 quali-

229 4458 279 4512 bus
304 4457 428 4527 agitata,
458 4455 628 4524 triumphum
656 4457 692 4508 de
718 4456 869 4508 contrariis
895 4464 920 4509 et
944 4456 1066 4510 immabi·
1092 4469 1201 4526 cunque
1224 4457 1389 4524 argumento
1406 4453 1591 4510 Bellarminus
1610 4462 1727 4528 regerat
1767 4458 1802 4512 m·
1812 4460 1925 4528 prirnor

228 4544 338 4598 litatem
372 4543 474 4596 sortita
507 4550 547 4595 est
577 4543 613 4593 ds
646 4542 781 4594 aduersis.
827 4541 920 4611 Negat
954 4541 1066 4612 quidem
1088 4546 1221 4611 parentes
1245 4554 1379 4607 peccasse
1405 4539 1518 4613 (inquit)
1542 4551 1583 4597 eet
1607 4543 1753 4598 eaoluiarn
1777 4546 1925 4613 defecisse,

228 4627 356 4684 Β4444444
382 4628 432 4684 1414.
458 4627 492 4682 44
517 4623 633 4681 ecclesia
658 4630 762 4694 quaest.
786 4630 807 4680 1.
834 4626 921 4681 44441.
941 4633 966 4684 4.
990 4645 1065 4683 num.
1092 4634 1230 4696 sequetur,
1249 4643 1305 4678 non
1324 4626 1414 4680 salam
1432 4628 1578 4699 4444444444,
1596 4632 1650 4685 sed
1661 4630 1924 4686 etiaminoisibilem

229 4720 271 4772 44.
288 4731 323 4769 44
341 4719 471 4784 respectu
493 4711 640 4766 ecelesiam
658 4726 719 4763 oum
737 4709 805 4764 luna
822 4727 839 4764 a
857 4712 983 4781 patribus
1004 4731 1066 4770 con·
1092 4711 1238 4766 sociatam
1255 4711 1403 4774 desecare.
1435 4714 1659 4786 Respondemus:
1678 4715 1707 4770 id
1722 4731 1788 4770 raro
1801 4717 1924 4771 nondum

227 4798 310 4869 ferri,
340 4799 389 4854 444
417 4799 503 4853 verba
529 4795 669 4851 Ambrosii
697 4801 762 4849 sont
788 4797 934 4854 manifesta
960 4800 1022 4855 libr.
1041 4809 1065 4856 4.
1092 4796 1231 4867 sequitur,
1259 4796 1326 4868 quis
1350 4799 1574 4859 adcatholicam
1597 4800 1764 4857 invisibilem
1779 4802 1994 4858 44414444141

230 4884 345 4942 bexabm
364 4904 389 4943 c.
403 4893 433 4942 2:
452 4885 621 4939 obumbrari
633 4890 726 4953 potest
738 4883 863 4952 sackela,
882 4887 1067 4949 deficermn
1091 4882 1284 4955 pertinuerunt
1301 4886 1394 4957 angeli
1413 4888 1509 4957 444444,
1527 4884 1575 4957 qui
1594 4903 1650 4941 non
1669 4889 1845 4958 defecerunt,
1873 4907 1923 4944 nec
1979 4948 1985 4956 ⁴

222 4981 323 5041 potest.
363 4978 391 5028 et
414 4972 444 5025 in
469 4969 659 5026 Lucam-libr.
684 4975 726 5026 10.
752 4986 776 5024 c.
802 4974 849 5025 tl:
883 4971 1023 5027 Pbsrims'rr
1047 4993 1065 5028 a
1092 4974 1285 5039 apostatarunt
1304 4987 1322 5024 a
1338 4971 1413 5042 Deo,
1436 4979 1465 5030 et
1481 4970 1546 5044 quia
1564 4971 1646 5040 primi
1663 4980 1793 5045 parentes
1810 4991 1862 5045 per
1879 4992 1923 5030 re·

226 5058 366 5126 religione
386 5057 578 5122 444144444ίό44
597 5056 764 5125 oiarafides
782 5056 978 5112 obscurabitur
994 5061 1066 5113 nabe
1091 5071 1151 5109 ram
1178 5053 1376 5125 poenitentiam
1407 5058 1444 5114 ad
1466 5056 1557 5112 Deum
1584 5065 1682 5128 postea
1703 5063 1828 5116 conversi
1851 5067 1923 5129 sunt,

223 5145 375 5212 perfidiae.
425 5145 464 5197 Et
495 5144 729 5211 oumadmodam
761 5144 909 5197 menti-uis
937 5144 1065 5198 carsibm
1091 5141 1153 5196 ideo
1171 5149 1300 5213 respectu
1320 5143 1431 5200 divinas
1446 5140 1705 5214 praedestinationis
1723 5148 1923 5221 etiamingra·

227 5228 311 5294 lana,
343 5247 405 5283 casm
433 5230 523 5295 fuerit
552 5246 567 5282 e
597 5230 711 5296 regione
740 5231 826 5298 solis,
859 5230 998 5294 canosam
1023 5231 1065 5285 sic
1090 5228 1205 5284 sissima
1237 5229 1286 5284 illa
1313 5230 1456 5302 apostasia
1484 5227 1597 5285 marum
1626 5232 1760 5290 ecclesiae
1790 5235 1922 5290 membra

226 5322 253 5368 a
273 5321 372 5367 sancta
396 5317 530 5380 ecclesia,
555 5334 617 5370 crim
635 5315 737 5369 lamini
753 5315 866 5369 coelati
881 5317 952 5370 uitia
969 5317 1065 5370 amnia
1091 5315 1210 5380 Quodsi
1229 5333 1285 5372 non
1301 5321 1432 5389 respectu
1449 5313 1605 5385 4144444444,
1623 5319 1672 5373 sed
1688 5328 1818 5390 respectu
1835 5329 1924 5378 status

225 5504 281 5542 oon
305 5442 396 5558 potiri
421 5489 552 5542 mantuani.
599 5493 624 5542 s.
651 5485 850 5543 Promissiones
872 5488 908 5543 de
929 5487 1064 5544 ecclesiae
1090 5488 1156 5543 nino
1172 5487 1234 5557 erit,
1253 5494 1339 5544 totam
1356 5487 1498 5545 hedum
1513 5486 1659 5543 aeclesiam
1678 5491 1714 5547 ad
1733 5498 1844 5563 tempus
1858 5501 1925 5551 tuuc
