4004 6022
722 302 725 307 ·
751 288 806 348 un
824 289 947 348 SACBA
965 290 1100 351 COENA.
1708 301 1768 362 lii

49 446 169 504 omnia
190 452 379 515 recrementa,
406 451 436 501 et
455 446 496 501 sic
519 446 611 518 ipsum
630 446 713 502 etiem
733 446 911 518 baptismum,
939 447 1099 504 distributio
1121 453 1152 504 et
1174 447 1369 514 manducatio,
1400 464 1456 503 non
1480 447 1644 505 observetur
1668 447 1772 507 Christi

49 540 154 591 exus
170 535 308 590 sotiooem
325 551 385 591 esse
402 541 583 604 semementn
600 535 676 607 quod
694 553 755 606 cept
773 552 830 608 seq.
848 533 911 590 Bel·
937 537 1088 606 institutio,
1109 542 1186 592 extre
1204 553 1289 609 quem
1307 540 1335 592 et
1354 535 1414 592 sine
1430 553 1487 608 qua
1503 554 1560 592 non
1577 535 1663 593 habet
1680 537 1771 601 locum

55 620 209 677 larmirus
226 625 328 693 neget3
346 627 395 676 eut
414 621 521 692 inipso
539 621 911 678 etismcoeneeDominicac
936 629 1146 679 sammonmm
1193 621 1317 677 Christus
1348 621 1422 677 enim
1452 640 1508 677 non
1530 622 1614 692 dixit,
1646 623 1771 695 recipite,

54 712 248 765 armento
266 710 501 779 praeterverbum
512 708 616 779 requiri
625 706 911 764 actionemaChristn
936 709 1061 781 reponite
1088 716 1117 765 et
1145 709 1374 781 circumgestate,
1400 709 1452 764 hoc
1477 715 1520 765 est
1546 727 1647 783 eorpus
1671 728 1770 777 neum.

57 795 247 864 humum,
280 794 356 866 quod
383 801 458 850 certe
487 801 529 850 est
557 795 745 863 verissimum,
774 794 989 875 siquidemqsed
1006 798 1141 867 ocmps'ts,
1164 797 1313 862 eomsdds,
1338 797 1390 850 nor
1413 803 1454 851 est
1474 814 1578 867 corpus
1604 815 1701 856 meum.
1738 798 1772 854 ln

63 885 166 955 ipsum
185 881 301 938 verbum
319 875 501 936 institutionis
519 880 635 953 requirit
653 882 798 950 actionem,
815 879 925 961 ridell-j
938 884 990 938 hnc
1017 883 1195 954 simplicitate
1219 883 1282 954 pius
1309 882 1417 938 unimus
1438 883 1591 955 scqrriescit
1613 884 1773 957 etquidem
1802 914 1807 923 ·

68 978 120 1026 eet
137 968 383 1024 manducationem
400 974 429 1023 et
447 967 619 1026 bibitionem.
636 969 774 1039 Accipite,
794 969 910 1022 monde
937 971 1110 1035 necessario,
1140 970 1241 1026 etenim
1266 970 1290 1025 si
1318 970 1399 1041 panis
1428 976 1566 1026 stetuatur
1588 987 1649 1028 esse
1672 989 1772 1042 corpus

73 1066 152 1122 ests,
170 1057 225 1111 doc
243 1065 284 1109 est
303 1073 406 1125 corpas
426 1073 531 1123 meum,·
549 1057 646 1124 bibite,
663 1056 716 1110 doc
735 1063 775 1110 est
797 1056 912 1124 monis
938 1056 1040 1113 Christi
1058 1057 1142 1113 etiem
1161 1064 1239 1112 extra
1258 1072 1339 1112 usum
1360 1055 1503 1113 erristo
1521 1057 1687 1123 institutum,
1707 1074 1772 1129 spe

76 1160 159 1198 meus.
196 1147 223 1200 3.
250 1141 306 1198 Sed
334 1142 445 1212 demus,
470 1143 558 1198 verbs
580 1143 641 1208 ille,
667 1144 720 1198 tor
742 1151 782 1197 ost
809 1159 912 1210 corpus
937 1144 1007 1198 ritur
1026 1149 1107 1215 porte
1126 1142 1241 1199 infinitis
1260 1143 1454 1216 qnnestionum
1474 1130 1654 1215 labyrinthii,
1675 1150 1772 1216 utpote

75 1248 160 1295 mess,
173 1245 192 1284 a
202 1228 315 1285 Christo
325 1228 411 1284 inisse
423 1229 532 1301 prolsts
543 1231 628 1300 paulo
639 1236 705 1286 ente
717 1245 800 1301 quam
811 1246 911 1299 penem
938 1247 993 1302 qno
1010 1235 1149 1285 momento
1168 1229 1285 1301 incipiat
1301 1229 1341 1284 ibi
1360 1229 1458 1285 adesse
1475 1247 1574 1302 corpus
1591 1229 1713 1289 Christi?
1736 1247 1772 1287 en

77 1316 291 1372 emlmrhticum
310 1315 438 1386 discipuli
455 1315 661 1384 manducarent,
679 1316 746 1387 qnid
764 1317 830 1371 inde
847 1332 911 1371 con·
938 1334 1030 1373 mures
1047 1317 1149 1373 rodant
1167 1315 1271 1372 Christi
1289 1316 1408 1387 corpus?
1426 1333 1463 1372 en
1480 1334 1591 1373 muscae
1606 1323 1773 1389 generentur

76 1408 120 1459 tm
133 1421 187 1458 nos
203 1402 308 1459 inferre
324 1402 427 1473 poterit
444 1402 650 1458 Bellarminus?
674 1403 764 1459 Verba
785 1404 853 1472 Dei,
871 1403 910 1457 in·
938 1421 972 1458 ex
991 1403 1147 1475 sunguine?
1168 1408 1197 1458 et
1216 1419 1334 1474 querum
1352 1402 1544 1474 quaestionum
1562 1423 1617 1460 non
1634 1404 1772 1461 inutilium

78 1490 145 1563 quit,
160 1506 227 1544 noo
243 1497 326 1559 etque
340 1491 460 1559 prototo
476 1489 602 1557 foer-snt,
621 1503 689 1545 uero
705 1491 828 1558 fossant,
845 1507 911 1558 erpo
937 1489 1035 1554 modo,
1073 1489 1123 1544 sed
1152 1496 1181 1544 et
1209 1488 1433 1560 blasphemarum
1463 1489 1547 1545 chaos
1576 1491 1716 1564 quoddam
1741 1491 1772 1549 in
1799 1508 1802 1513 “

79 1578 162 1634 ἀίω
181 1585 250 1631 onte
265 1577 404 1631 notionem
420 1577 775 1630 manducandietbibendi
786 1595 854 1631 osrn
863 1579 911 1643 [ψ
936 1575 1117 1648 scriptoribus
1149 1576 1319 1632 scholasticis
1341 1576 1657 1635 emant-mintium·
1680 1584 1771 1650 patro·

79 1673 172 1734 must,
189 1664 334 1733 seposuit
349 1679 414 1717 cers
429 1680 530 1733 corpor
549 1663 667 1719 Domini
685 1672 711 1718 st
722 1665 848 1733 proinde
866 1682 912 1718 so·
938 1663 981 1718 nis
1003 1663 1130 1718 occurrit
1169 1663 1269 1735 Neque
1286 1669 1341 1729 est,
1364 1664 1440 1736 qood
1456 1663 1618 1730 obvertunt,
1645 1683 1770 1735 oppose-

79 1758 249 1805 crnssentnm
285 1757 351 1803 onte
382 1750 464 1804 iilum
492 1750 637 1804 mitonem.
689 1749 912 1822 Respondemus:
938 1758 995 1804 urm
1023 1751 1171 1820 spalorum
1204 1751 1296 1822 speum
1326 1751 1480 1806 conoioiam
1509 1752 1610 1805 ordine
1637 1753 1771 1822 temporis

80 1837 205 1894 cunutus
229 1852 288 1891 nou
316 1835 384 1891 dicit
410 1835 538 1891 absolute
557 1841 586 1891 et
604 1835 780 1906 simpliciter,
802 1838 856 1892 boe
872 1844 912 1891 est
938 1840 1111 1906 ammedere,
1128 1854 1163 1890 oc
1178 1838 1301 1906 proinde
1319 1837 1392 1891 Mem
1410 1838 1442 1891 in
1456 1837 1517 1890 cibo
1532 1837 1715 1895 euchmshtioo
1729 1839 1771 1895 lo·

79 1941 182 1996 eorpus
200 1941 305 1991 mum,
322 1921 380 1977 sive
397 1922 516 1978 mundet
532 1922 716 1988 mmdocetio,
734 1923 793 1980 sive
808 1924 913 1988 minum
938 1943 999 1979 enm
1019 1926 1130 1979 totsrs.
1166 1923 1219 1978 Est
1237 1923 1310 1978 enim
1326 1939 1430 1994 magna
1447 1923 1593 1980 diversitas
1610 1923 1694 1996 hujus
1710 1941 1772 1982 oos-

79 2011 136 2067 sire
149 2007 309 2079 includatis,
328 2010 386 2064 sire
400 2009 548 2080 reponetis,
566 2025 615 2064 seu
629 2011 913 2082 quecunqueratione
938 2012 1015 2084 lestis
1040 2017 1069 2067 et
1083 2011 1186 2066 terreni
1205 2009 1332 2067 convivii
1369 2008 1433 2066 Cibi
1448 2010 1587 2081 corporis,
1616 2017 1648 2067 ut
1665 2018 1773 2069 creatu·

78 2112 179 2169 penem
190 2094 405 2151 eucharisticum
417 2095 550 2159 trmtetis,
565 2095 618 2151 erit
630 2111 729 2167 eorpus
741 2113 850 2166 meum;
863 2096 911 2152 sed
938 2116 985 2154 ree
1005 2099 1130 2171 reliquae
1153 2114 1234 2152 sunm
1261 2096 1333 2152 εἶναι
1356 2096 1461 2153 habent
1481 2114 1515 2153 ex
1531 2096 1670 2153 ereabom
1688 2098 1774 2155 etiem

79 2189 208 2240 notmter
225 2189 255 2238 et
274 2181 376 2236 diserte
392 2181 470 2245 dicit,
487 2181 615 2251 scopin,
634 2182 715 2251 edite,
733 2183 786 2237 too
798 2191 838 2238 est
851 2201 913 2238 sor·
938 2191 1017 2241 extra
1033 2203 1122 2254 usum,
1140 2183 1191 2241 sed
1208 2190 1411 2240 nocumentum
1431 2184 1772 2243 enchmistieeaestimun·

77 2288 132 2341 pas
156 2287 255 2326 meum
290 2268 366 2340 Ergo
389 2275 456 2324 tunc
481 2268 592 2325 demum
616 2269 696 2340 psnis
716 2270 913 2326 euchnristicus
938 2272 1005 2326 dum
1022 2276 1065 2327 est
1084 2289 1118 2326 ex
1137 2270 1240 2326 Christi
1258 2269 1446 2338 institutione,
1476 2269 1526 2325 ubi
1543 2269 1650 2325 scilicet
1666 2275 1728 2327 tota
1745 2277 1774 2328 et

80 2365 121 2414 est
136 2360 274 2412 sorrentu
292 2355 415 2425 corporis
435 2352 551 2424 Christi,
577 2355 689 2427 quondo
704 2357 787 2427 juxte
803 2357 913 2412 ordina·
938 2358 1047 2428 integra
1070 2357 1120 2412 ills
1142 2357 1225 2412 modo
1247 2373 1265 2411 a
1283 2354 1392 2410 Christo
1409 2355 1538 2411 ordinato
1557 2361 1586 2411 et
1603 2356 1773 2428 praescripto

80 2445 182 2500 tionem
201 2447 230 2499 et
248 2441 409 2497 mundatum
423 2441 526 2497 Christi
539 2441 720 2511 benedicitur,
739 2443 914 2498 distribuitur
938 2444 1108 2501 observetur.
1120 2443 1220 2519 ,Ergo
1237 2441 1349 2515 quondo
1370 2441 1522 2498 disceditur
1539 2441 1575 2497 eb
1592 2441 1773 2507 institutione,

79 2537 106 2588 et
122 2530 316 2586 manducetur.
351 2528 391 2584 Ut
408 2529 438 2583 in
455 2528 583 2584 omnibus
600 2530 778 2584 accrementis
798 2529 912 2585 verbum
938 2547 994 2585 non
1016 2529 1135 2601 amplius
1156 2529 1248 2585 locum
1270 2527 1357 2584 hahet
1378 2527 1522 2599 promissio
1540 2528 1576 2584 de
1593 2544 1659 2584 vera
1674 2545 1773 2600 corpo-

81 2617 262 2675 ordinstioois
286 2635 319 2672 sc
342 2616 523 2671 institutionis
543 2615 654 2671 divinae
672 2617 789 2688 requirit
809 2625 911 2672 certem
938 2617 976 2672 ris
1003 2623 1032 2672 et
1052 2615 1196 2687 sanguinis
1217 2613 1382 2686 praesentia
1419 2621 1443 2670 t.
1461 2614 1645 2670 Bellnrminus
1661 2615 1773 2688 regerit,

80 2705 224 2772 sctiorm,
244 2703 350 2774 nbsque
369 2718 425 2774 qua
440 2719 497 2757 non
508 2709 574 2757 sunt
584 2707 773 2769 nocumenta,
791 2704 833 2759 ita
845 2721 912 2776 quo·
937 2705 1022 2759 uerbo
1038 2703 1102 2773 iilo,
1118 2704 1170 2758 hoe
1190 2711 1231 2757 est
1250 2719 1352 2773 corpas
1368 2718 1466 2767 metm,
1484 2719 1541 2756 non
1555 2702 1695 2758 continere
1702 2718 1772 2786 μζ

81 2809 133 2864 que
145 2789 263 2847 verbnm
275 2787 457 2844 ordinationis
471 2794 499 2844 et
512 2788 913 2847 institutionisineucbsristia
938 2793 1114 2862 missionem,
1141 2809 1203 2846 cnm
1226 2808 1284 2845 non
1307 2791 1502 2862 exprimemus
1519 2808 1574 2862 per
1597 2791 1709 2846 verbm
1724 2793 1773 2856 fs·

81 2877 196 2950 requirit
216 2879 322 2931 mnam
345 2873 495 2943 achonem,
518 2875 649 2931 videlicet
670 2877 912 2945 consecrationem,
937 2881 998 2935 tori
1012 2880 1160 2950 temporis,
1180 2888 1205 2934 st
1219 2880 1288 2950 quio
1304 2880 1357 2934 hoc
1373 2880 1484 2936 notione
1495 2879 1659 2949 promente
1675 2895 1773 2948 eorpo-

82 2963 302 3022 distributionem
319 2968 348 3017 et
365 2961 617 3032 manducationem,
636 2962 660 3017 si
676 2962 713 3018 ab
731 2963 784 3019 hec
804 2963 911 3019 actium
937 2969 979 3022 ris
1010 2975 1081 3022 osset
1107 2967 1249 3037 posterior
1279 2966 1505 3022 manducatione.
1546 2964 1771 3036 Respondemus:

81 3051 254 3118 timedatur,
283 3049 329 3105 vel
354 3049 456 3105 ommes
473 3066 507 3106 ea
523 3050 686 3121 peregrinus
702 3067 770 3106 usus
789 3051 912 3120 secedet.
936 3053 1108 3111 ostendimus
1140 3053 1268 3125 superius
1296 3050 1324 3125 ξ.
1357 3059 1413 3109 177.
1445 3051 1544 3109 memb.
1567 3056 1593 3108 h
1616 3058 1645 3107 ct
1666 3047 1696 3126 ξ.
1715 3056 1772 3109 itt

81 3156 134 3194 uon
153 3135 272 3207 emplius
290 3134 452 3192 observetur
467 3136 611 3201 institutio,
629 3143 658 3192 et
676 3154 726 3209 per
740 3154 911 3209 consequens
937 3141 1037 3198 memb.
1059 3146 1082 3198 3.
1103 3158 1158 3212 quo
1177 3157 1260 3195 sensu
1277 3144 1307 3195 et
1321 3144 1450 3208 respectu
1467 3137 1555 3194 verbs
1564 3136 1675 3206 Christi,
1690 3138 1773 3206 edito,

82 3241 136 3280 non
160 3222 279 3294 amplius
303 3222 394 3278 locum
416 3221 502 3279 hebet
525 3229 737 3280 sacramentum.
773 3221 833 3288 Quo
850 3239 912 3295 pen
937 3229 988 3283 hoc
1007 3235 1048 3282 est
1067 3243 1169 3296 eorpus
1187 3242 1290 3288 meum,
1315 3224 1424 3295 possint
1439 3224 1496 3279 dici
1513 3223 1598 3280 verba
1616 3223 1772 3293 promissin

82 3313 167 3378 t'not,
192 3309 268 3381 qnod
293 3325 401 3364 summa
418 3309 555 3380 Angelius
578 3310 613 3365 de
637 3309 748 3365 eucher.
766 3309 867 3366 memb.
889 3315 911 3366 l.
938 3314 991 3372 nir,
1025 3314 1090 3371 Hoc
1106 3313 1168 3369 loco
1184 3311 1265 3368 nobis
1282 3309 1399 3379 sufficit,
1425 3309 1503 3381 quod
1518 3309 1604 3365 verbe
1620 3309 1670 3364 illa
1686 3309 1771 3367 conu-

83 3411 116 3453 α
133 3395 240 3451 Rousv.
256 3399 287 3451 st
302 3395 365 3450 eliis
379 3394 554 3452 Scholasticis
571 3403 647 3452 recte
667 3396 802 3469 disputet,
819 3413 912 3452 socen
937 3407 1024 3458 noant
1040 3400 1125 3456 ulem
1147 3397 1288 3471 quandem
1306 3397 1508 3453 ordinationem
1525 3414 1554 3453 es
1572 3395 1772 3453 institutionem

83 3485 174 3539 dotem
190 3482 292 3538 oin-tate
309 3481 466 3550 uerborum,
487 3483 539 3537 hoc
557 3491 597 3537 est
613 3501 716 3552 corpus
735 3501 838 3552 meum,
861 3503 912 3553 pn·
939 3488 1056 3552 christi,
1076 3486 1106 3541 in
1122 3501 1178 3558 qus
1192 3491 1270 3540 coms
1289 3483 1363 3540 ectio
1381 3482 1461 3539 nobis
1479 3482 1700 3554 praescribatur,
1725 3499 1770 3538 oo

82 3586 142 3625 sess
159 3587 218 3624 non
237 3585 415 3637 consecrare,
433 3569 462 3623 si
477 3586 509 3624 eo
529 3570 596 3624 odit
615 3572 657 3624 od
673 3571 808 3637 veneficio
826 3571 913 3638 abad,
938 3577 1034 3646 aptes,
1052 3573 1140 3638 edite,
1157 3573 1209 3627 hoo
1230 3580 1271 3627 est
1289 3588 1391 3641 eorpus
1408 3587 1498 3626 meum
1503 3591 1515 3639 ,-
1542 3569 1638 3638 bibite,
1664 3570 1716 3625 too
1733 3576 1773 3625 est

82 3657 184 3711 senno
199 3656 254 3710 bac
270 3657 390 3722 ratione,
409 3658 485 3724 qnod
497 3664 617 3726 praem
629 3657 807 3712 intentionem
819 3674 912 3712 ronss-
937 3662 1052 3730 sonpos's
1076 3677 1159 3714 mens.
1192 3657 1310 3722 Quando
1328 3656 1414 3728 igitur
1432 3655 1568 3712 omittitur
1586 3654 1671 3722 illud,
1698 3654 1773 3727 quod

82 3744 186 3797 “0¹⁸2ss
208 3742 370 3811 foveatur
394 3744 478 3796 eliam
502 3743 616 3796 intenlio
633 3745 712 3811 eive,
732 3744 782 3813 4¹⁴5
799 3744 850 3798 ἧσο
867 3763 912 3798 ta·
937 3748 1074 3807 ordiuatio
1099 3754 1128 3802 et
1150 3745 1287 3802 institutio
1307 3742 1411 3802 Christi
1428 3741 1557 3814 requirit,
1581 3741 1720 3814 quomodo
1735 3740 1773 3817 ei·

82 3836 252 3884 momentum
280 3827 407 3882 institunt.
454 3828 543 3900 Atqui
571 3829 681 3899 quondo
708 3830 788 3902 panis
814 3831 912 3885 cutha·
938 3838 1001 3892 dem
1019 3853 1071 3890 sua
1088 3831 1226 3890 comtabit
1244 3829 1415 3902 integritus?
1441 3828 1503 3886 Nisi
1520 3828 1549 3883 in
1566 3827 1773 3887 circumcisione

82 3915 190 3971 nsticus
215 3931 271 3969 non
288 3913 477 3977 distribuitur,
504 3928 561 3969 non
577 3914 774 3983 manducatur,
801 3916 850 3971 ssd
870 3934 910 3972 rc·
938 3923 989 3978 fiat
1013 3920 1145 3978 moissio
1167 3918 1322 3991 praeputii,
1349 3917 1379 3972 in
1403 3933 1478 3988 agno
1502 3913 1627 3986 pnechali
1650 3914 1774 3981 csmiurn

82 4003 206 4073 ponimr,
226 4000 394 4069 ostenditur,
412 4001 643 4072 circumgestntur
660 4008 712 4058 etc.
732 4010 798 4058 tunc
816 4003 912 4059 itidem
938 4013 1122 4064 mactatarum
1144 4013 1172 4062 et
1198 4011 1352 4061 mutarum
1378 4000 1461 4058 certis
1483 4001 1584 4056 ritihus
1603 3999 1681 4056 iacto
1697 4015 1772 4057 man

82 4106 134 4144 non
157 4088 322 4145 observetur
340 4087 456 4143 intentio
473 4086 592 4158 Christi,
615 4088 752 4159 siquidem
769 4090 854 4145 verba
871 4091 910 4146 in·
938 4095 1051 4152 ducatio
1072 4100 1102 4150 et
1126 4090 1268 4164 sanguinis
1291 4088 1451 4159 adspersio,-
1475 4087 1504 4142 in
1526 4087 1664 4157 bsptismo
1683 4102 1772 4158 aquae
1878 4077 1881 4087 ’

83 4173 232 4231 minueris
249 4178 395 4236 testantur,
413 4176 579 4231 centuriam
595 4174 678 4246 plone
696 4175 781 4231 fuisse
801 4177 912 4233 intenti·
939 4183 968 4238 in
991 4181 1101 4237 nomine
1123 4179 1230 4241 Patris.
1255 4176 1320 4232 Filii
1345 4182 1374 4232 et
1392 4174 1511 4246 Spiritus
1530 4192 1552 4232 s.
1573 4173 1690 4243 effusi03
1717 4189 1774 4231 non

83 4277 162 4319 onem
180 4260 293 4329 Christi,
311 4259 442 4316 videlieet
458 4263 534 4332 qnod
551 4262 631 4334 panis
649 4263 846 4320 eucharisticon
857 4280 912 4318 non
940 4275 1031 4339 potest
1053 4265 1123 4334 dici,
1153 4264 1229 4336 quod
1252 4260 1439 4330 circumcisio,
1468 4277 1558 4332 egum
1581 4260 1720 4332 pachalis
1738 4276 1773 4319 ss

84 4349 185 4406 debent
202 4348 300 4418 reponi
318 4355 347 4404 et
363 4348 579 4420 circumgestari,
597 4349 646 4405 sed
658 4349 786 4405 distribui
799 4357 828 4405 et
838 4367 912 4405 mon·
940 4354 1095 4426 baptismus
1112 4350 1345 4416 administrentur,
1363 4347 1430 4420 quia
1446 4346 1596 4403 disceditur
1614 4348 1650 4404 nb
1664 4348 1773 4404 ordina·
1836 4382 1853 4399 .·
1884 4372 1887 4377 ·

85 4435 186 4492 duceri
223 4434 254 4492 Si
275 4435 358 4491 aliem
379 4433 504 4492 Christus
529 4436 565 4493 de
582 4454 634 4492 usu
650 4436 734 4508 hujus
750 4438 914 4492 sacrmenti
941 4442 1016 4496 tione
1044 4446 1074 4495 et
1102 4436 1276 4492 institutione
1301 4433 1403 4488 divine.
1447 4433 1553 4489 Eodem
1579 4433 1650 4490 ratio
1669 4441 1713 4491 est
1731 4450 1773 4491 sa·
1819 4440 1829 4497 “,
1871 4482 1879 4501 .,

19 4511 33 4555 ¹·
43 4516 75 4564 Ν·
83 4520 229 4578 habuisset
245 4521 441 4590 intentionem,
466 4524 562 4593 utique
585 4540 647 4580 enm
670 4524 699 4579 in
724 4523 814 4580 verbis
838 4525 914 4578 insti·
941 4526 1074 4582 crementi
1092 4521 1275 4585 eucharistici,
1293 4520 1599 4592 promissionesomnes,
1611 4521 1773 4591 praesertim
1841 4526 1889 4593 ·]'·

84 4608 197 4665 tutionis
222 4606 427 4663 manifestasset
444 4608 488 4664 vel
506 4614 583 4664 certe
602 4610 726 4680 sportolo
744 4609 833 4665 Paulo
851 4618 915 4680 post
943 4629 997 4681 ens,
1016 4628 1088 4684 quae
1106 4608 1209 4666 rectius
1223 4607 1353 4664 dicuntur
1363 4607 1550 4664 ordinationes
1565 4607 1685 4671 divinae,
1700 4622 1772 4663 sem·
1800 4594 1828 4671 ἰ,
1855 4644 1858 4651 .
1877 4594 1890 4661 i

84 4695 292 4753 adscensionem
305 4695 342 4750 ed
355 4695 611 4753 coelosrerelasset.
640 4695 783 4768 Quidquid
800 4714 866 4768 ergo
877 4697 915 4752 sit
941 4716 990 4770 per
1013 4696 1100 4753 futuri
1123 4695 1254 4766 temporis
1277 4693 1369 4750 verbis
1397 4693 1526 4765 exprimi,
1554 4709 1697 4764 nunquam
1714 4707 1775 4764 pno-
1836 4742 1847 4761 ,,
1865 4686 1890 4771 ’j

85 4782 119 4841 de
135 4781 288 4839 intentione
305 4781 505 4848 consecrantis,
526 4782 638 4852 quando
656 4782 737 4853 ponis
756 4781 913 4838 euchsn'sti-
942 4784 1020 4841 babit
1049 4782 1233 4839 Bellarminus
1266 4786 1297 4837 et
1326 4785 1561 4836 sacramentorum
1587 4777 1772 4839 institutiones
1827 4810 1830 4815 -
1870 4795 1889 4807 ·’

86 4886 132 4926 cos
150 4887 208 4925 non
224 4868 402 4924 distribuitur
420 4884 471 4922 nec
488 4867 686 4938 munducatur,
708 4876 775 4925 tunc
794 4888 849 4925 non
867 4871 913 4927 ob·
940 4875 1078 4928 testantur
1104 4867 1280 4925 conuarium.
1320 4866 1380 4923 Noc
1403 4865 1529 4937 sequitur
1551 4882 1586 4920 ex
1603 4869 1697 4920 noetm
1713 4879 1773 4920 oen·

84 4963 208 5012 semetm
224 4953 340 5011 intentio
357 4953 460 5008 Christi
478 4953 652 5010 instituentis
681 4955 757 5026 Ergo
768 4972 824 5012 non
836 4957 917 5013 adest
941 4957 1043 5024 tenth,
1070 4953 1145 5025 quod
1163 4952 1322 5024 praesentis
1339 4950 1461 5023 corporis
1483 4948 1585 5007 Christi
1602 4949 1640 5005 sit
1657 4949 1774 5005 mendu-

85 5059 183 5117 onspus
201 5040 311 5098 Christi.
347 5041 446 5112 Neque
467 5046 560 5097 temen
577 5040 641 5096 hinc
660 5041 847 5112 inferendum,
871 5063 915 5098 sa·
942 5044 1052 5102 catione
1070 5040 1218 5112 posterior,
1243 5040 1293 5095 sed
1312 5039 1497 5110 praesentiam
1513 5036 1635 5109 corporis
1652 5041 1681 5090 et
1698 5053 1775 5095 men·

83 5137 254 5185 nomentum
277 5128 464 5183 emheristc'os
485 5146 541 5181 non
565 5128 664 5190 confici
685 5129 775 5182 oerh's
804 5129 916 5199 Christi,
943 5129 1118 5186 durationem
1141 5127 1222 5198 panis
1244 5126 1420 5182 eucharistici
1443 5133 1557 5197 propter
1575 5122 1775 5180 institutionem

83 5218 133 5271 sed
149 5223 251 5270 nostro
266 5215 491 5282 snondncotions,
508 5213 645 5283 siquidem
654 5212 830 5278 institutioni,
844 5217 915 5272 ordi·
942 5215 1044 5273 Christi
1069 5221 1098 5270 et
1122 5220 1246 5267 mutuam
1268 5213 1430 5268 relationem
1454 5212 1527 5267 inter
1544 5209 1775 5271 communicatum

83 5302 187 5358 muori
221 5307 249 5357 et
285 5298 426 5354 eiticacine
460 5298 562 5355 Christi
597 5298 679 5355 unice
712 5308 739 5353 et
766 5299 916 5359 irrsolidum
942 5312 970 5361 et
997 5301 1201 5359 communicent
1226 5299 1345 5355 dicimus
1367 5316 1426 5356 esse
1450 5298 1539 5352 simul.
1580 5295 1662 5353 Side
1678 5296 1776 5361 ordine

84 5405 193 5443 umam
212 5386 386 5459 praesentim
404 5386 527 5457 corporis
545 5392 575 5442 et
591 5384 733 5456 sengeinis
752 5385 848 5457 ipsius,
869 5408 915 5446 ne·
941 5395 1057 5446 naturas
1083 5385 1241 5458 quaeritur,
1270 5385 1455 5455 pmmntan
1482 5383 1601 5453 priorem
1629 5383 1776 5445 stutuimus

79 5491 223 5547 qusquam
248 5489 312 5528 vero
330 5471 391 5550 ulla
406 5473 513 5529 radone
529 5480 641 5531 nostres
661 5473 868 5533 manducetioni
887 5483 916 5534 et
942 5473 1166 5537 mundone.
1201 5470 1268 5542 quia
1292 5469 1350 5526 nisi
1377 5486 1479 5540 corpus
1511 5467 1615 5531 Christi
1644 5469 1685 5551 in
1701 5486 1774 5541 pene

82 5559 210 5639 hibidem
237 5557 401 5629 ninnium
427 5558 536 5618 intemm
562 5565 655 5619 mineo
679 5559 704 5618 ei
727 5576 784 5619 non
808 5564 916 5623 moedit
941 5579 1072 5636 praesens
1088 5560 1211 5630 adem
1227 5574 1282 5616 non
1299 5562 1395 5628 ponat
1409 5554 1526 5625 anons
1538 5555 1775 5620 mcrsmsutalitsr
