4004 6022
263 227 322 286 302
830 223 953 282 LOCUS
971 218 1176 280 monemus
1195 220 1393 280 SECUNDUS

261 375 352 430 cundo
365 376 655 447 respectuprsesentis
668 380 765 440 status,
779 393 850 447 quae
863 376 1091 431 dhtinctiocolli·
1120 375 1297 447 perfectionis
1335 375 1459 448 quotidie
1488 375 1704 447 progrediuntur
1733 378 1762 430 et
1789 375 1828 430 ad
1860 390 1952 430 veram

261 462 337 535 gitur
358 480 391 518 ex
409 463 587 535 sequentibus
605 462 763 533 Scripturas
781 463 863 518 dictis
883 464 961 518 Rom
975 470 1000 529 8,
1017 481 1044 520 ι.
1063 469 1094 519 9:
1121 462 1150 516 in
1193 463 1252 519 rita
1292 467 1406 518 aeterna
1447 463 1646 533 perfectionem
1685 461 1844 530 adspirant,
1889 468 1955 517 tnnc

264 549 317 611 Qus
336 550 474 618 Spiritum
486 548 593 601 Christi
608 567 664 602 non
678 550 769 619 hahet,
785 551 972 619 nonestejas.
992 549 1054 606 Gal.
1071 557 1094 619 5,
1121 549 1250 619 dicimus,
1287 549 1358 605 tales
1396 548 1534 619 perfectos
1572 556 1600 604 et
1634 548 1749 619 quidem
1787 549 1862 604 solos
1897 565 1955 604 esse

261 652 287 689 v.
313 641 359 691 ιιι
392 635 448 697 Qai
475 635 582 689 Christi
603 644 681 704 eant,
707 637 872 704 cracifipant
895 654 1007 691 carnem
1033 654 1095 690 eam
1121 637 1157 691 de
1186 636 1317 701 ecclesia,
1345 637 1399 690 hoc
1426 642 1469 690 est
1493 635 1565 690 solos
1593 634 1655 689 illos
1682 633 1822 706 pertinere
1850 635 1888 689 ad
1914 653 1956 690 ec·

262 723 499 790 concapshcentiis.
534 722 571 776 Et
589 726 683 776 tamen
704 728 728 778 2.
745 722 814 776 Tim.
836 729 859 789 2,
876 741 903 778 v.
920 730 959 779 19.
979 723 1093 778 dicitur:
1120 721 1232 776 clesiam
1250 721 1431 786 invisibilem,
1451 738 1523 793 quae
1542 720 1674 776 definitur
1692 724 1873 790 conprepatic
1893 741 1955 776 san·

262 809 388 862 Firmum
413 817 469 862 stat
480 811 700 876 sarsdamentam
720 811 780 862 Dei
797 810 900 863 hahens
919 811 1094 878 sipnacalam
1120 815 1235 873 etosmns,
1254 807 1350 861 sedin
1369 807 1487 863 ecclesia
1504 807 1621 874 visibili,
1650 807 1710 862 sive
1727 807 1802 878 quod
1819 808 1895 862 idem
1915 813 1956 863 est

261 896 327 957 hoc,
354 896 482 963 capnoeit
506 895 646 948 Dominae
673 897 722 963 qai
746 896 803 949 sint
826 896 880 952 sai.
919 896 965 952 Sic
990 896 1094 950 Paulus
1119 892 1150 946 in
1166 900 1280 948 externa
1299 893 1431 949 ecclesiae
1448 893 1588 955 societate,
1608 893 1711 948 talibus
1727 893 1861 964 perlectis
1871 895 1953 948 inter·

262 996 325 1034 cum
346 978 439 1033 adhuc
457 983 530 1034 esset
549 987 721 1050 persecutor,
746 980 801 1036 fuit
820 982 973 1038 membrum
992 981 1095 1037 Christi
1121 977 1199 1032 mixti
1232 984 1297 1034 sunt
1324 979 1487 1050 hypocritae
1508 985 1537 1034 et
1560 978 1684 1034 homines
1711 980 1883 1033 non-saneti
1907 996 1956 1036 nec

262 1072 289 1120 et
310 1065 443 1120 eeclesiae
460 1073 588 1136 respectu
606 1066 716 1121 divinae
734 1067 934 1137 praescientiae
947 1068 1095 1138 siveprae·
1120 1065 1244 1134 perfecti.
1281 1063 1492 1134 Chrysostomns
1510 1065 1539 1118 in
1556 1064 1659 1122 Psalm.
1680 1071 1727 1120 39:
1755 1066 1817 1119 Nee
1843 1083 1875 1120 ee
1891 1084 1955 1136 per·

262 1150 468 1221 destinationis,
490 1150 563 1205 idem
582 1167 647 1206 vero
667 1154 789 1206 nondum
809 1153 864 1208 fuit
883 1152 985 1208 Christi
1004 1160 1035 1209 et
1052 1169 1096 1208 ec·
1119 1152 1204 1217 fectis
1222 1160 1332 1205 constat
1349 1152 1475 1221 melesio,
1494 1154 1546 1205 sed
1562 1152 1644 1204 hahet
1660 1152 1744 1204 etiam
1756 1153 1813 1207 otio
1826 1160 1853 1205 et
1864 1169 1956 1205 socor-

253 1237 363 1310 ¹clesiae
388 1237 542 1293 membrum
562 1241 691 1308 respectu
714 1238 867 1308 praesentis
896 1238 971 1293 illius
998 1245 1096 1294 status.
1123 1240 1189 1292 diae
1215 1240 1342 1302 deditos,
1369 1241 1419 1308 qai
1434 1240 1546 1293 mollem
1566 1249 1592 1292 st
1611 1239 1780 1293 dissolutam
1795 1240 1883 1292 eitam
1900 1256 1955 1293 ans·

263 1323 438 1394 Augustinus
456 1328 537 1378 tract.
559 1330 600 1380 ιι,
618 1325 648 1376 in
665 1323 745 1380 lohe
764 1324 925 1379 Secundam
934 1327 1096 1394 maurien-
1118 1325 1281 1393 plwtarstnr
1303 1333 1331 1378 et
1349 1325 1469 1377 libenter
1487 1325 1612 1378 serviant
1630 1325 1831 1392 voluptatibus.
1868 1330 1893 1380 3.
1910 1324 1956 1378 Di·

207 1471 212 1481 ,
263 1411 332 1464 tiam
349 1418 375 1463 et
391 1410 680 1479 praedestinationem
700 1429 783 1481 paam
805 1412 909 1466 mattae
927 1429 990 1467 aves
999 1412 1097 1478 faris?
1123 1411 1321 1482 stinguendum
1341 1411 1424 1465 etiem
1443 1418 1486 1465 est
1503 1411 1577 1465 inter
1594 1409 1737 1465 ecclesiam
1750 1410 1956 1464 militanternin

263 1513 346 1565 qnam
370 1497 454 1550 malti
479 1498 542 1566 lapi
566 1487 661 1551 intas!
695 1497 771 1552 lllnd
788 1508 886 1569 postea
904 1500 944 1554 sic
962 1498 1095 1554 declarat:
1122 1497 1203 1551 terris
1229 1505 1259 1552 et
1280 1498 1497 1565 triumphantem
1519 1499 1548 1551 in
1574 1497 1665 1553 coelis.
1704 1497 1759 1560 Qui
1778 1505 1846 1551 sunt
1865 1498 1895 1549 in
1913 1511 1954 1550 ec·

265 1582 353 1645 Quam
376 1583 460 1636 malti
482 1583 662 1636 luxurianter
681 1585 755 1638 casti
771 1586 885 1645 fetari!
914 1604 998 1655 psam
1015 1585 1098 1639 malti
1123 1582 1207 1637 clesia
1225 1582 1423 1653 triumphante,
1443 1582 1484 1638 illi
1502 1583 1538 1638 ad
1556 1599 1651 1637 verum
1666 1581 1868 1652 perfectionem
1884 1582 1954 1636 deri·

264 1669 455 1738 blasphemant
474 1667 613 1722 Christum
630 1670 767 1724 credituri
785 1671 815 1724 in
836 1671 996 1726 Christum!
1022 1670 1098 1724 ethi
1123 1668 1175 1723 ctis
1199 1668 1326 1724 omnibns
1350 1668 1406 1722 suis
1432 1669 1556 1723 hortibus
1582 1674 1783 1738 pervenerunt3
1817 1669 1868 1740 qui
1892 1684 1955 1723 vero

264 1771 328 1808 oses
350 1763 426 1818 sant,
450 1763 630 1808 rmantamen
651 1758 734 1809 mode
759 1756 884 1810 alienam
902 1774 995 1811 vocem
1015 1757 1097 1809 acdi-
1123 1762 1189 1809 sunt
1212 1755 1241 1808 in
1265 1754 1381 1810 ecclesie
1407 1754 1559 1824 militante,
1585 1755 1640 1809 illis
1662 1755 1795 1809 adversus
1816 1754 1955 1817 Satanan,

263 1847 322 1909 mat,
339 1841 448 1894 almnos
460 1849 621 1908 sequenter.
652 1842 735 1897 ltem:
757 1842 845 1904 Quam
857 1844 941 1898 malti
952 1845 1027 1897 intas
1036 1843 1096 1896 laa-
1122 1841 1257 1895 mnndum
1275 1851 1303 1896 et
1319 1857 1430 1896 carnem
1447 1842 1539 1896 adhuc
1558 1841 1753 1912 pugnandum,
1771 1857 1805 1895 ex
1825 1858 1882 1913 quo
1900 1857 1955 1895 cer·

167 1931 205 1973 xl.
218 1930 251 1973 ⁷⁴·
264 1929 334 1980 dant
358 1927 598 1995 blasphematuri!
629 1929 700 1981 casti
718 1936 781 1982 sant
798 1929 974 1996 fornicaturi
981 1932 995 1983 f
1023 1939 1097 1983 stant
1122 1927 1225 1983 tamine
1252 1943 1315 1982 raro
1341 1927 1401 1982 sine
1424 1927 1538 1982 vulnere
1559 1926 1670 1982 abeunt
1710 1935 1733 1983 4.
1752 1927 1836 1992 Quod
1855 1929 1956 1983 Bellat-

265 2013 380 2067 eararit
411 2022 437 2067 et
462 2032 518 2068 non
541 2022 604 2067 sent
625 2032 703 2080 oves,
725 2016 761 2068 de
778 2017 1003 2085 praedestinatis
1024 2018 1097 2069 enim
1124 2015 1214 2068 minus
1237 2014 1377 2080 hocloco
1399 2014 1541 2083 concedit,
1563 2016 1698 2068 nenriasm
1716 2016 1744 2068 in
1764 2016 1818 2068 hae
1836 2017 1896 2069 nitu
1912 2016 1957 2068 ab

265 2100 412 2169 ioqaimm.
446 2099 528 2155 Hane
547 2100 752 2156 distinctionem
770 2102 869 2172 probat
881 2102 940 2172 ipse
953 2102 1097 2158 Bellarmi-
1122 2101 1212 2155 solute
1236 2117 1295 2153 esse
1315 2102 1488 2169 perfectam,
1506 2101 1602 2169 jactos
1624 2119 1681 2153 non
1698 2101 1790 2154 solam
1806 2102 1957 2171 humiliter,

265 2203 325 2251 nus,
343 2185 384 2239 sic
404 2185 476 2239 enim
496 2186 549 2241 hoc
565 2186 625 2240 loco
637 2186 748 2241 scribit:
766 2189 931 2242 Notandum
944 2198 991 2252 cst,
1010 2189 1096 2243 homi·
1122 2191 1173 2241 seri
1190 2187 1275 2241 ιιιαιιι
1293 2188 1431 2241 υιιαιιιιι
1447 2188 1540 2240 dicere
1557 2205 1613 2240 non
1631 2188 1724 2239 solam
1735 2205 1793 2257 pro
1811 2189 1890 2256 deis,
1908 2190 1958 2242 sed

263 2289 324 2326 nera
347 2289 429 2342 posse
454 2290 513 2326 esse
531 2275 626 2342 filiam
652 2283 678 2327 ct
698 2276 845 2328 menbrum
865 2274 971 2328 Christi
989 2276 1096 2329 dachas
1123 2275 1206 2326 ettam
1221 2291 1278 2343 pro
1295 2291 1333 2342 se,
1353 2275 1462 2327 dimitte
1480 2275 1560 2328 nohis
1579 2274 1673 2327 dabie
1692 2281 1801 2340 nostra,
1820 2276 1956 2329 minem

262 2361 370 2413 modes:
384 2377 440 2413 ano
451 2362 535 2413 modo
544 2363 696 2414 secandam
700 2363 997 2430 praedestinationem,
1004 2363 1095 2415 altero
1121 2360 1150 2413 in
1171 2360 1224 2412 hae
1248 2361 1343 2412 earnis
1368 2361 1532 2421 infirmitate
1557 2361 1617 2412 eine
1632 2367 1751 2428 peccato
1771 2377 1832 2414 esee
1852 2370 1904 2417 stc.
1923 2379 1957 2417 ea

261 2448 414 2500 secandam
435 2454 614 2516 praeconem
627 2448 789 2517 jrsstr'tiam,·
814 2455 841 2503 et
862 2454 973 2519 postea;
999 2449 1094 2502 Osten-
1121 2446 1224 2516 opponi
1251 2445 1354 2501 debent
1382 2447 1521 2517 hypocrisi
1548 2446 1744 2501 monachorum
1769 2447 1804 2501 de
1825 2448 1956 2518 operibus

262 2534 306 2585 dit
325 2532 469 2601 apostolas
486 2549 547 2601 eoa,
571 2533 620 2601 qai
636 2541 701 2586 eant
720 2541 827 2586 tantiam
844 2537 994 2588 secandam
1007 2552 1094 2603 prae·
1121 2532 1372 2604 supererogationis
1406 2533 1616 2601 somniantium,
1654 2534 1695 2587 uti
1721 2533 1804 2588 etiam
1831 2535 1955 2605 disputa·

262 2619 476 2671 destinationem
491 2619 560 2684 liiii,
577 2635 633 2671 non
650 2627 715 2671 aeta
731 2635 798 2688 esse,
817 2621 869 2672 sed
883 2621 1027 2689 patentia,-
1047 2638 1094 2675 eos
1120 2619 1189 2672 tioui
1220 2618 1255 2672 de
1286 2620 1455 2690 perfectione
1480 2625 1509 2673 et
1532 2619 1636 2673 meritis
1662 2636 1784 2688 operum.
1824 2626 1849 2676 h.
1875 2619 1955 2686 Quod

261 2720 341 2773 raro,
367 2706 418 2773 qai
432 2713 496 2757 sant
515 2705 665 2757 secandam
681 2713 857 2772 praesentem
869 2708 1014 2774 justitiam
1025 2709 1094 2777 filii,
1121 2721 1186 2758 vero
1217 2703 1403 2759 Bellarminus
1439 2705 1532 2771 addit,
1575 2714 1696 2774 peccata
1727 2706 1782 2759 iiia
1809 2707 1957 2774 jactorum

262 2798 328 2843 acta
354 2799 380 2843 st
405 2791 573 2859 simpliciter
602 2807 668 2844 esee.
708 2790 826 2856 Quando
849 2792 934 2863 igitur
958 2793 1094 2848 catholica
1121 2808 1183 2842 cam
1210 2792 1266 2843 sint
1291 2808 1344 2844 aaa
1368 2798 1473 2843 natura
1495 2791 1633 2855 venialia,
1671 2807 1727 2845 non
1751 2793 1853 2846 toliere
1870 2794 1957 2862 jasti-

262 2875 501 2932 ecclesiaticam
519 2877 697 2946 conprepatio
717 2877 879 2942 electorum,
907 2878 935 2931 id
954 2878 984 2933 in
1003 2886 1093 2950 poste·
1121 2877 1189 2928 team
1228 2895 1263 2930 ae
1297 2878 1322 2931 d.
1355 2876 1494 2945 Virpinem
1530 2878 1564 2929 ah
1601 2879 1677 2931 omni
1711 2888 1831 2947 peceato
1864 2881 1957 2943 sesiam

262 2962 333 3018 riore
358 2960 561 3033 significatione
582 2962 694 3034 propris
718 2963 895 3035 intelligitur,
921 2965 988 3036 quia
1012 2967 1093 3021 electi
1120 2963 1281 3032 immanem,
1309 2979 1343 3017 ee
1366 2964 1401 3018 de
1424 2980 1453 3018 re
1479 2963 1558 3032 alibi,
1594 2973 1729 3035 quantum
1747 2966 1814 3020 satis
1834 2973 1892 3032 est,
1917 2967 1957 3020 di·

261 3048 414 3103 secundum
436 3052 609 3119 praesentem
628 3053 731 3103 statum
751 3049 790 3104 sic
810 3050 877 3104 dicti
898 3059 962 3105 sunt
981 3058 1046 3106 actu
1065 3058 1093 3108 et
1120 3054 1195 3104 ctum
1214 3049 1276 3104 fuit

262 3135 423 3207 simpliciter
441 3135 595 3191 cathohcae
612 3135 746 3192 ecclesiae
764 3137 899 3202 membra,
927 3137 1008 3193 electi
1027 3156 1093 3194 vero

262 3223 414 3285 secundum
435 3223 646 3294 praescientiam
664 3239 719 3278 non
736 3230 818 3292 actu,
841 3225 890 3278 sed
913 3226 1039 3294 potentis
1063 3226 1093 3280 in

261 3317 354 3366 ectum
381 3326 431 3365 suo
456 3317 580 3380 tempore
606 3308 770 3364 deducenda
796 3316 825 3363 et
849 3311 1001 3366 secundum
1024 3313 1093 3384 quid
1315 3352 1318 3357 >
1680 3335 1685 3348 ·

261 3397 393 3454 ecclesiae
411 3396 535 3452 membra
551 3396 689 3452 dicuutur.
721 3397 763 3451 Ac
775 3398 1004 3471 πολυιρὴλλυιον
1015 3400 1093 3468 illud,
1368 3409 1432 3468 sn
1451 3409 1472 3469 c
1490 3410 1514 3467 Τ
1530 3408 1548 3470 1
1567 3410 1590 3470 0
1625 3409 1707 3469 vn,

263 3493 342 3538 cetra
361 3493 469 3539 coctam
488 3491 649 3538 aocatornm
670 3503 725 3538 non
748 3493 812 3538 sant
834 3488 1094 3556 quaerendumne,
1721 3481 1723 3484 ⁴

263 3580 343 3624 serra
361 3571 499 3624 vissenam
517 3571 661 3623 eclesiam
682 3588 738 3624 non
757 3579 800 3623 ee
819 3576 983 3640 pannas
1000 3574 1095 3626 rnen
1121 3565 1188 3629 DE
1210 3565 1410 3631 MAGNIS
1436 3565 1858 3649 PEOOATORIBUS,
1887 3568 1957 3634 AN

264 3658 337 3722 hilis,
355 3656 566 3727 intelligendum
585 3661 627 3710 est
645 3656 1096 3730 deelectisnonsolumrespectu
1214 3668 1324 3733 ΠΜ
1358 3667 1480 3734 SINT
1511 3670 1568 3735 ΙΝ
1596 3668 1863 3736 EOGLESIA

264 3743 374 3797 divinae
393 3743 607 3813 praescientiae,
626 3743 675 3796 sed
694 3742 777 3797 etiam
797 3751 925 3815 respectu
942 3748 1095 3816 praesentis

259 3829 386 3899 Justitiae
404 3829 443 3883 sic
463 3825 618 3898 appellatis.
649 3827 727 3881 Haec
741 3844 833 3883 omma
844 3848 868 3885 ιι
879 3847 993 3887 memom
1005 3840 1096 3888 mente
1157 3843 1198 3893 ιι.
1223 3837 1291 3908 Cap.
1311 3844 1333 3892 9.
1354 3837 1472 3908 probare
1491 3837 1610 3892 instituit
1628 3838 1826 3904 Bellarminus,
1840 3842 1871 3893 in
1890 3858 2002 3910 ana,

262 3922 416 3983 teneantur,
434 3914 517 3969 facile
534 3912 688 3985 apparebit,
707 3915 774 3984 quid
793 3916 828 3969 de
846 3916 952 3986 prolixa
969 3918 1023 3972 hac
1035 3919 1096 3972 Bel·
1121 3939 1189 3975 sera
1213 3932 1239 3976 et
1261 3924 1400 3977 catholiea
1428 3921 1536 3976 Christi
1561 3925 1677 3977 roclena
1707 3943 1762 3978 non
1789 3927 1921 3980 solam
1906 3946 1957 3980 sm·
1971 3914 2000 3995 ξς

264 4000 373 4056 larmini
393 4000 585 4056 dissertatione
604 4000 640 4054 sit
659 4001 847 4055 statuendum
1120 4011 1279 4078 perfectos,
1302 4011 1354 4062 sed
1377 4011 1460 4062 etiam
1480 4028 1580 4078 praees
1595 4020 1761 4080 peccatores
1779 4029 1837 4067 esse
1855 4021 1883 4066 et
1901 4031 1957 4068 non
1973 4017 1999 4098 ⁸,

1122 4095 1357 4165 solamocealtos,
1377 4096 1708 4162 sedetsemmanisestos.
1729 4099 2002 4170 Respondemus

581 4196 759 4204 -“-“·····’
776 4197 785 4201 ··
1124 4189 1146 4237 l.
1166 4181 1392 4253 distinguendum
1418 4184 1489 4238 inter
1512 4185 1655 4240 ecclesiam
1673 4186 1842 4240 militantem
1859 4195 1889 4242 et
1905 4190 1956 4241 ιιι·-

1121 4270 1305 4339 nrnphentem.
1344 4270 1379 4324 In
1401 4270 1519 4325 ecclesia
1542 4271 1678 4328 militante
1702 4273 1808 4328 ratione
1826 4279 1957 4329 externae

521 4358 541 4417 s
559 4359 585 4418 Ε
604 4358 625 4418 0
642 4359 667 4417 Τ
685 4359 742 4420 10
778 4358 836 4419 VI.
1121 4356 1262 4412 societatis
1279 4357 1368 4411 locum
1388 4356 1493 4411 habent
1510 4365 1669 4423 peccatores
1683 4358 1838 4429 manifesti,
1856 4361 1908 4415 ssd
1919 4360 1956 4415 ab

1122 4443 1238 4498 ecclesia
1261 4441 1447 4511 triumphante
1473 4451 1554 4498 erunt
1577 4444 1689 4499 exclusi.
1728 4450 1754 4500 2.
1773 4445 1957 4517 Distinguen-

295 4515 359 4580 DE
384 4514 489 4581 NON
517 4513 825 4599 PERFECTIS,
859 4516 926 4581 AN
954 4515 1064 4580 ILLl
1122 4529 1188 4583 dum
1210 4529 1448 4582 merestonam
1472 4532 1607 4585 eccleciae
1631 4531 1956 4589 militantissocietatem

429 4616 552 4684 SINT
581 4618 636 4683 IN
664 4616 887 4683 EOOLESI
894 4620 931 4685 A
1122 4624 1150 4670 et
1177 4616 1249 4669 inter
1273 4614 1411 4667 interne-m
1434 4630 1468 4669 ac
1493 4616 1664 4686 spiritualem
1686 4625 1843 4674 sanctorum
1867 4621 1897 4674 in
1922 4637 1957 4677 ea

1121 4698 1355 4769 communionem,
1377 4700 1435 4754 sire
1454 4702 1528 4770 qnod
1548 4702 1621 4758 idem
1640 4709 1694 4767 est,
1719 4703 1792 4759 inter
1808 4705 1955 4761 ecclesiam

136 4799 170 4840 sn
185 4800 214 4840 aa
299 4792 339 4842 63.
377 4785 498 4851 Quaec.
514 4793 538 4844 7.
557 4794 652 4841 conns
670 4786 837 4858 Pelagianos
855 4787 1095 4858 etAnabaptistas
1121 4787 1258 4840 visibitem
1287 4793 1315 4840 ct
1340 4788 1514 4844 invisibilem
1555 4789 1729 4860 Hypocritae
1751 4798 1780 4846 et
1802 4792 1869 4845 mali
1890 4800 1956 4847 sunt

133 4852 250 4951 iis‘is‘psr
264 4874 408 4929 reclamem
435 4890 468 4927 ee
488 4875 558 4928 solie
574 4874 713 4943 perfectis
739 4881 867 4927 reamare
885 4874 1018 4929 docentes
1033 4874 1096 4929 Bel·
1116 4873 1150 4926 ιιι
1178 4878 1291 4927 externa
1318 4873 1450 4927 ecclesiae
1467 4879 1599 4929 societate
1617 4876 1697 4929 bonis
1714 4877 1879 4943 intermixti,
1906 4879 1955 4934 sed

135 4954 249 5054 {¹⁰:⁸92
263 4961 395 5016 lar-minus
417 4961 548 5031 disputat,
567 4977 601 5016 ea
612 4960 648 5015 ad
659 4977 710 5014 nos
722 4960 938 5031 haudquaquam
949 4962 1095 5032 pertinent
1122 4957 1158 5012 ad
1181 4956 1337 5012 interiorem
1361 4975 1424 5012 cnm
1442 4959 1551 5014 Christo
1575 4961 1793 5017 communionem
1811 4963 1955 5036 haudqua-

135 5056 198 5095 racel
267 5053 288 5103 1.
306 5047 437 5102 Putemus
458 5046 539 5115 enim,
557 5047 695 5101 neminem
712 5047 742 5100 in
758 5046 810 5101 hac
828 5047 886 5100 mta
898 5046 1023 5102 absolute
1037 5062 1097 5101 esse
1123 5061 1206 5115 quam
1232 5045 1378 5113 pertinent
1426 5044 1505 5101 Sicut
1526 5045 1651 5101 Christus
1674 5049 1710 5103 de
1733 5050 1877 5121 discipulis
1899 5051 1956 5104 suis

263 5132 416 5202 perfectam
439 5139 468 5188 at
495 5133 554 5187 sine
580 5133 654 5187 omni
671 5141 801 5203 peccat03
832 5138 855 5188 2.
872 5132 896 5187 si
913 5148 979 5187 vero
997 5148 1096 5187 nomen
1123 5129 1190 5184 dicit
1213 5129 1277 5188 loh
1299 5137 1342 5197 17,
1365 5148 1388 5184 v.
1408 5137 1447 5187 tl.
1468 5133 1542 5202 quod
1560 5132 1616 5186 sint
1635 5135 1665 5186 in
1686 5138 1804 5205 mando,
1830 5155 1886 5190 nen
1905 5156 1953 5190 aa·

261 5221 457 5289 perfectoram
482 5218 634 5290 accipiatur
655 5235 687 5273 eo
706 5219 802 5285 modo,
827 5235 882 5289 quo
900 5218 929 5272 in
947 5219 1096 5289 Scripturis
1122 5226 1174 5271 tem
1205 5220 1241 5270 de
1269 5221 1372 5272 manda
1402 5200 1443 5282 tin
1470 5219 1573 5273 mundo
1604 5236 1664 5274 esse
1691 5227 1720 5275 et
1745 5224 1895 5277 visibiliter
1924 5226 1955 5277 s'n

262 5304 397 5374 accipitur
421 5304 490 5359 Gen.
516 5309 546 5369 6,
573 5320 599 5358 ι.
624 5311 647 5360 9.
691 5304 762 5358 Phil
789 5310 819 5366 3,
840 5321 867 5360 ι.
893 5310 933 5359 ιι.
958 5309 1010 5359 ιιι.
1045 5320 1096 5374 pro
1122 5306 1226 5356 mando
1249 5306 1424 5372 conocrmri,
1450 5305 1485 5358 de
1507 5305 1609 5360 mundo
1633 5323 1693 5362 esse
1719 5314 1761 5362 est
1780 5311 1880 5362 mandi
1897 5328 1954 5362 ma·

262 5387 331 5458 illis,
354 5390 402 5459 qni
428 5391 661 5461 imperfectionem
682 5405 761 5444 snam
778 5389 918 5445 humiliter
933 5395 1096 5462 agnoscunt,
1122 5390 1213 5443 titiam
1241 5399 1267 5444 et
1290 5391 1515 5444 incredulitatem
1540 5393 1685 5460 amplecti,
1716 5393 1833 5450 docente
1854 5395 1953 5451 Toleto

263 5474 292 5527 ia
323 5475 393 5529 solo
409 5474 521 5531 Christo
545 5475 743 5548 perfectionem
769 5482 918 5546 quaerunt,
946 5477 976 5531 ιιι
1003 5475 1095 5534 studio
1122 5477 1151 5531 in
1167 5492 1265 5533 comm.
1285 5477 1359 5532 illius
1377 5476 1451 5545 loci),
1469 5476 1510 5531 sic
1528 5483 1557 5534 et
1576 5496 1627 5535 nos
1647 5479 1765 5536 dicimus
1778 5498 1794 5537 e
1808 5483 1953 5550 contrane,
