3998 6024
840 200 889 256 DE
908 199 1100 261 accusata
1755 217 1815 273 509

116 355 313 420 stificnticnen
330 354 507 423 apprehendi
524 371 608 424 cesant
625 355 688 409 sola
698 357 769 425 fids.
785 355 832 411 lib.
843 356 877 410 de
888 371 952 410 con·
984 355 1128 412 aberrasse
1153 356 1296 422 rideatur,
1323 365 1408 429 atque
1436 356 1489 412 hoc
1511 358 1623 414 nomine
1645 358 1693 413 alii
1717 361 1816 416 sinceri

115 442 187 496 firm.
208 459 230 496 c.
253 449 280 496 l:
314 442 426 508 Nepant
440 451 630 512 protestantes
646 444 709 506 fere
730 461 837 512 omnes,
855 444 954 506 contir-
983 442 1108 497 doctores
1142 445 1199 498 acri
1237 443 1297 498 nelo
1332 451 1430 498 contra
1466 445 1557 514 ipsum
1586 452 1816 500 commoveantur.

117 531 269 582 mationem
287 544 346 580 esse
366 529 481 582 univoce
499 538 710 583 sacramentum.
725 529 773 583 lib.
790 537 812 584 5.
828 530 863 584 de
876 528 954 584 euch.
983 528 1107 600 (iamque
1134 530 1184 584 hoe
1210 530 1246 584 sit
1268 530 1448 600 praecipuum
1475 528 1595 585 Satanae
1617 533 1753 600 studium,
1786 539 1817 586 ut

117 634 142 671 c.
162 622 209 671 20:
242 615 417 668 Vehementer
437 616 473 668 iis
492 617 616 669 omuibus
634 617 729 685 placet
745 618 790 669 lic
809 617 954 677 articrdus,
982 615 1167 670 sinceritatem
1192 617 1334 671 docuisse
1360 616 1529 671 contaminet
1552 634 1585 671 ac
1604 625 1762 688 corrumpat
1783 635 1816 673 ac

119 704 320 756 eucharistiam
348 719 406 754 esse
435 703 485 753 sub
512 711 631 771 utraque
658 703 750 770 specie
775 702 857 755 laicis
883 719 955 754 com·
982 701 1140 755 doctoribus
1164 702 1297 756 ecclesiae
1323 703 1468 756 dissidium
1487 703 1631 768 immittat,
1654 704 1737 758 facile
1754 719 1816 774 pro-

118 790 328 841 munisandam.
348 788 409 842 libr.
432 793 455 844 1.
474 789 509 841 de
527 805 595 845 sacr.
610 795 723 843 extrem.
740 789 878 843 unctionis
892 805 914 842 c.
931 793 953 843 l.
981 785 1054 841 lecto
1074 788 1183 842 evenire
1201 795 1305 858 potest,
1334 794 1366 843 ut
1389 789 1489 859 aliquis
1510 791 1656 860 πικρισμὸς
1675 807 1708 844 ac
1729 811 1815 861 nsua·

118 885 148 929 et
174 873 235 928 libr.
263 880 283 927 l.
307 873 342 927 de
365 873 482 930 matrim.
502 891 525 928 c.
548 881 574 929 t:
607 876 720 943 Negant
739 892 833 928 amnes
855 876 954 927 Prote·
982 874 1098 946 ξυσμὸς,
1125 876 1250 945 adeoque
1274 875 1353 929 triste
1377 876 1491 946 aliquod
1516 877 1699 930 contentionis
1723 877 1815 930 incen-

116 969 237 1026 stantes,
268 968 417 1013 estrensam
441 962 596 1013 unctionem
623 969 649 1013 et
667 961 876 1014 matrimonium
896 977 954 1013 esse
982 958 1057 1013 dium
1078 959 1170 1014 subito
1190 961 1262 1015 inter
1280 961 1341 1015 illos
1354 962 1467 1018 oriatur.
1498 969 1523 1017 4.
1538 962 1630 1016 Causa
1643 962 1815 1031 quorundam

116 1054 295 1099 sacramusta
320 1046 441 1115 proprie
470 1046 557 1098 dicta.
586 1046 634 1099 lib.
664 1054 687 1102 5.
720 1046 755 1101 de
781 1063 895 1102 sacram.
925 1047 954 1100 in
982 1047 1157 1101 dissidiorum
1184 1048 1212 1100 in
1236 1047 1336 1101 nocuis
1361 1046 1484 1101 eeclesiis
1502 1064 1556 1100 non
1574 1055 1630 1101 tarn
1649 1048 1749 1101 nostris
1769 1048 1815 1101 do·

116 1148 221 1203 genere
240 1149 263 1184 c.
284 1137 313 1186 2:
336 1135 447 1184 Decem
464 1149 566 1196 omnes,
585 1131 775 1185 characterem
794 1149 954 1186 samamen·
981 1132 1112 1196 moribus,
1133 1150 1216 1203 quam
1234 1133 1301 1203 ipsis
1318 1131 1472 1186 Pontificiis
1489 1133 1642 1191 tribuenda.
1685 1134 1724 1189 Ut
1743 1133 1815 1187 enim

117 1218 203 1271 talem
228 1218 310 1271 uuita
330 1218 480 1286 Scriptura
503 1224 551 1270 aut
575 1219 684 1270 ratione
701 1219 830 1286 probari.
848 1217 909 1272 libr.
932 1223 953 1272 l.
981 1238 1036 1274 non
1054 1227 1119 1273 sunt
1138 1221 1287 1275 accusandi
1305 1220 1419 1283 medici,
1441 1219 1542 1290 quide
1561 1220 1684 1274 curanda
1703 1219 1817 1274 vulnere

117 1303 155 1356 de
180 1303 271 1356 amiss.
299 1303 405 1373 gratiae
428 1319 451 1355 c.
478 1309 507 1357 8:
541 1305 651 1355 Docent
678 1320 770 1355 onmes
791 1305 953 1372 Lutlserani,
981 1306 1184 1376 aliquantulum
1203 1307 1381 1373 dissentiunt,
1406 1306 1455 1361 sed
1474 1305 1514 1358 illi
1534 1307 1633 1375 potius,
1651 1307 1698 1376 qui
1716 1306 1824 1359 vulnus

115 1389 227 1442 nullum
265 1406 323 1442 esse
358 1395 502 1456 peccatum
538 1389 646 1440 cautus
682 1405 714 1440 ee
750 1407 803 1441 sesa
840 1397 953 1443 natma.
980 1391 1154 1460 inflixerunt,
1182 1392 1221 1445 sic
1247 1391 1437 1462 theologorum
1465 1391 1623 1459 dissidium,
1648 1391 1816 1462 quodcirca

115 1475 236 1546 praefat.
250 1475 284 1528 de
297 1475 392 1529 eccles.
405 1473 551 1543 triumph.:
573 1475 682 1528 wan
696 1475 954 1542 imapinumomnes
980 1479 1181 1532 restitutionem
1216 1478 1356 1546 doctrinas
1390 1477 1557 1547 apostolicae
1591 1477 1815 1548 strenationem

116 1563 310 1614 Protestantes
329 1567 503 1616 causantur.
523 1558 570 1612 lib.
590 1566 613 1615 i.
635 1560 669 1612 de
689 1559 780 1614 amiss.
799 1567 869 1632 grat.
886 1580 909 1616 c.
925 1569 953 1615 t:
980 1564 1124 1619 vulnerum
1151 1564 1282 1618 ecclesiae
1305 1571 1395 1617 ortum
1420 1571 1476 1625 est,
1505 1581 1560 1616 non
1580 1570 1637 1616 tam
1656 1563 1816 1618 doctoribus

117 1647 279 1702 Communis
301 1654 341 1699 est
361 1663 456 1699 eorum
473 1647 616 1709 sententia,
633 1647 883 1715 concupiscentiam
901 1666 953 1700 sua
981 1650 1050 1719 illis,
1076 1667 1158 1721 quum
1185 1648 1350 1717 Pontificiis,
1376 1650 1423 1719 qui
1446 1656 1503 1702 tam
1526 1649 1647 1720 graviter
1671 1649 1815 1704 ecclesiam

116 1743 222 1785 rumara
235 1749 294 1785 esse
305 1738 452 1800 peccatum
464 1732 495 1783 in
506 1732 620 1784 renatis.
646 1731 694 1788 lib.
708 1732 953 1787 declcricise.19:
981 1735 1141 1789 afflixerunt
1171 1741 1199 1789 et
1228 1740 1270 1788 tot
1301 1734 1438 1789 erroribus
1467 1735 1620 1788 doctrinam
1649 1733 1815 1788 contamina·

122 1817 192 1871 Vota
204 1819 387 1871 continentiae
400 1816 546 1868 ordinibus
558 1832 667 1868 anneco
681 1827 839 1885 repausant
852 1836 952 1874 omnes.
980 1826 1059 1885 runt,
1079 1820 1256 1876 tribuendum
1277 1827 1327 1874 est.
1364 1819 1478 1891 Verger.
1498 1820 1563 1874 dial.
1587 1828 1607 1875 1.
1628 1827 1725 1874 contra
1741 1818 1815 1874 card.

116 1903 234 1973 praefat
262 1904 290 1956 in
316 1903 363 1960 lib.
391 1908 413 1958 1.
438 1903 473 1956 de
498 1900 652 1956 monachis:
691 1904 792 1956 Omnes
815 1905 845 1956 in
868 1907 953 1957 vitam
980 1906 1096 1963 Hosium
1116 1906 1164 1960 fol,
1186 1912 1240 1961 let.
1261 1907 1297 1960 ad
1320 1905 1392 1959 hanc
1410 1923 1468 1960 rem
1486 1905 1677 1959 illustrandam
1694 1905 1744 1959 tali
1764 1905 1816 1959 uti-

116 1990 300 2043 monasticam
326 2007 381 2042 uno
407 2005 454 2041 ore
475 1988 650 2044 invehuntur.
682 1988 729 2043 lib.
747 1995 768 2044 l.
789 1990 823 2044 de
840 1996 952 2061 purgat.
980 2000 1026 2048 tur
1054 1991 1247 2046 similitudine:
1282 1991 1409 2044 Succidit
1436 1993 1576 2060 quispiam
1600 1993 1739 2060 iuuentem
1761 1992 1816 2057 syl·

116 2094 142 2129 c.
171 2082 199 2131 2:
238 2076 446 2128 invocationem
470 2074 668 2136 &functorum
693 2091 787 2127 omnes
806 2076 952 2143 reprelien-
979 2098 1056 2147 vain,
1085 2080 1199 2131 radices
1229 2079 1409 2145 exstirpavit,
1443 2084 1549 2129 terram
1575 2084 1674 2129 aratro
1702 2077 1816 2142 saepius

116 2165 198 2216 dese.
222 2160 270 2214 lib.
292 2167 316 2216 i.
337 2159 371 2214 de
388 2159 490 2229 poenit
509 2175 532 2212 a.
554 2164 583 2213 t:
615 2160 716 2212 Omnes
736 2161 874 2213 communi
890 2177 953 2214 oon·
979 2166 1087 2232 sucepit
1106 2183 1142 2216 ac
1158 2164 1247 2231 probe
1266 2162 1436 2229 comminuit,
1454 2179 1518 2214 usos
1532 2162 1666 2229 optimum
1680 2176 1771 2213 semen
1786 2161 1816 2212 in

116 2267 200 2302 sensu
218 2255 322 2315 neyant
335 2247 541 2316 praepatarium,
559 2246 700 2315 msffraae'a
717 2255 742 2298 et
760 2248 953 2315 indulgentias
980 2269 1042 2304 eam
1056 2251 1196 2319 projecit,
1223 2250 1301 2317 quod
1319 2255 1430 2300 enatum
1447 2255 1488 2298 est
1501 2247 1646 2314 feliciter,
1675 2247 1761 2299 crevit
1780 2263 1816 2299 oc

113 2353 172 2404 pro
198 2333 347 2398 defunctis.
391 2331 424 2384 ln
448 2330 490 2383 his
516 2336 544 2384 et
562 2330 623 2385 aliis
645 2331 769 2385 articulis
789 2350 839 2386 nos
858 2348 952 2386 omnes
980 2338 1131 2403 irruiturum,¹
1161 2352 1255 2389 vuum
1284 2334 1374 2402 quid!
1401 2350 1459 2384 una
1486 2349 1547 2384 cuns
1571 2333 1713 2393 frumento
1731 2338 1815 2383 enata

117 2420 274 2487 universos,
298 2417 479 2486 unanimiter,
505 2434 561 2471 uno
579 2432 639 2485 ors,
659 2417 797 2472 communi
816 2434 952 2472 consensu
979 2431 1044 2474 sunt
1069 2421 1178 2474 urania
1202 2421 1250 2488 (ut
1273 2419 1339 2480 tieri
1356 2419 1440 2484 solu,
1465 2419 1634 2485 praesertim
1651 2417 1679 2469 si
1693 2416 1749 2468 sint
1766 2433 1814 2469 no·

118 2505 296 2560 vehementer
316 2502 484 2572 mirificeque
504 2503 650 2557 convenire
667 2503 795 2574 agnoscit
811 2503 952 2557 Bellarmi-
980 2507 1087 2577 valia),
1115 2523 1186 2574 quae
1211 2512 1328 2574 possunt
1353 2504 1465 2573 quadem
1489 2502 1571 2554 sodli
1592 2511 1617 2555 et
1635 2520 1654 2554 a
1669 2504 1814 2567 frumenta

118 2610 181 2658 nus,
201 2607 282 2645 eccur
300 2590 386 2660 igitur
402 2588 468 2643 fidei
485 2587 621 2643 unitatem
641 2588 766 2643 ecclesiis
786 2589 886 2642 nostris
901 2589 954 2643 hoc
980 2593 1141 2660 seprepori,
1159 2591 1325 2644 sedtabore
1343 2588 1487 2642 assueto
1506 2604 1576 2655 opus
1595 2596 1642 2641 est.
1679 2589 1814 2641 Laudan-

119 2679 181 2733 loco
200 2675 338 2731 detrahit?
981 2682 1035 2732 stus
1050 2678 1257 2738 nihilominus,
1284 2676 1333 2744 qai
1355 2675 1439 2728 bonos
1465 2690 1562 2741 apros,
1589 2673 1651 2726 itttc
1675 2675 1725 2726 uti·
1750 2682 1815 2726 erat

62 2775 92 2814 de
156 2771 215 2819 247.
250 2763 314 2818 Non
339 2778 486 2831 negamus,
514 2760 616 2815 diaboli
642 2761 749 2815 malitia
768 2766 797 2814 et
815 2760 954 2814 hominum
980 2766 1067 2833 sylva,
1085 2765 1197 2834 meanis
1214 2763 1358 2816 laboribus
1377 2771 1401 2814 et
1420 2762 1563 2814 aerumnis
1578 2762 1648 2825 fecit
1664 2761 1815 2828 bonumque

62 2837 97 2916 ζ,
120 2849 260 2921 protervia
279 2848 460 2902 dissensiones
480 2847 647 2918 quaudoque
665 2840 697 2899 in'
714 2845 835 2902 ecclesiis
855 2845 955 2900 nostris
980 2853 1152 2918 frumentum
1170 2850 1325 2911 seminavit,
1346 2866 1402 2899 nan
1419 2848 1636 2916 vituperandus,
1655 2848 1722 2914 quia
1739 2847 1814 2899 vide·

62 2933 107 3019 ἓξ·
121 2936 256 2990 excitatas
275 2951 334 2990 esse
355 2942 383 2988 et
400 2933 491 2988 adhuc
510 2933 623 2988 excitari
641 2949 735 3002 posse,
754 2932 802 2986 sed
819 2931 883 2986 illae
903 2946 954 2987 nee
982 2947 1028 2991 tur
1045 2939 1135 3001 fuisse
1154 2936 1234 3002 oripo
1254 2943 1280 2987 et
1300 2951 1400 2997 casua,
1424 2941 1456 2986 ut
1472 2933 1580 2985 zizania
1599 2940 1683 2984 errata
1699 2931 1816 2999 suerint,

62 3041 94 3071 n·
120 3023 255 3077 unitatem
278 3020 343 3077 fidei
368 3020 396 3074 in
418 3019 547 3074 cordibus
569 3019 677 3089 piorum
696 3018 880 3085 labefactant,
904 3035 954 3073 nec
982 3041 1055 3092 quoe
1079 3031 1171 3074 tamen
1193 3021 1269 3072 ouini
1294 3021 1388 3071 studio
1412 3028 1494 3071 morat
1517 3037 1534 3070 a
1559 3020 1702 3082 frumento
1725 3033 1816 3084 seqre-

121 3109 263 3163 doctrinae
281 3108 423 3163 veritatem
443 3111 601 3176 suspectam
619 3106 752 3173 reddunt,
777 3105 844 3176 quin
863 3106 954 3175 potius
982 3126 1068 3179 parm·
1095 3109 1137 3161 sic
1160 3108 1257 3173 laudm
1286 3123 1342 3157 non
1365 3104 1504 3173 vituperia
1523 3104 1604 3170 dipni
1621 3120 1726 3169 sumus,
1754 3119 1816 3157 cuns

120 3196 185 3248 fidei
206 3194 298 3248 unitas
317 3201 345 3248 et
363 3193 503 3247 doctrinae
522 3193 624 3247 veritas
643 3208 675 3247 ex
694 3192 748 3245 illis
770 3191 954 3245 confirmatur.
982 3195 1224 3264 sssperstitionum,
1249 3190 1489 3243 idolomaniarum
1516 3198 1542 3242 et
1571 3189 1816 3256 ttaspterniarum,

123 3288 146 3336 1.
166 3281 207 3333 Er
231 3297 264 3334 eo
286 3280 372 3349 enim,
401 3281 475 3351 quod
500 3279 627 3333 diabolus
645 3284 790 3348 tantopere
810 3284 956 3348 oppugnat
982 3298 1053 3349 qerae
1074 3281 1104 3332 in
1122 3279 1226 3330 nostris
1245 3276 1370 3328 ecclesiis
1389 3283 1525 3343 creverat,
1550 3275 1650 3328 nisam
1676 3275 1772 3343 adjuti
1797 3291 1816 3326 a

119 3368 191 3420 hanc
211 3368 364 3420 doctrinam
383 3367 540 3437 pervarias
559 3367 702 3433 haereses,
720 3381 775 3418 non
793 3363 853 3417 sine
871 3379 955 3417 causa
984 3371 1046 3420 Deo
1070 3366 1164 3418 securi
1185 3364 1262 3416 umbi
1285 3363 1487 3414 ssscciderimns
1513 3371 1539 3413 et
1564 3362 1816 3430 aestimaverimus,

120 3452 290 3523 colligimus,
315 3454 389 3523 qnod
409 3453 446 3507 sit
464 3453 574 3507 diabolo
593 3453 711 3506 maxime
729 3451 861 3514 adversa,
881 3449 955 3503 ideo·
977 3472 1083 3522 purum
1118 3459 1211 3503 aedem
1247 3449 1418 3516 evanpele'um
1447 3449 1549 3500 itidem
1578 3447 1815 3504 seminaverimus.

121 3556 176 3610 que
196 3539 352 3608 verissima3
377 3558 410 3594 ex
430 3557 476 3608 ac,
495 3539 569 3610 quod
587 3536 715 3591 diabolus
735 3536 888 3590 doctrinam
908 3552 954 3588 no·
986 3539 1095 3601 Quodsi
1116 3539 1230 3606 aliquae
1252 3537 1344 3588 malae
1370 3535 1515 3588 doctrinae
1540 3536 1569 3586 in
1590 3535 1732 3602 perversis
1748 3551 1815 3601 qua·
1863 3584 1865 3586 ,

71 3641 107 3684 as.
121 3633 206 3679 stram
229 3632 307 3679 tento
327 3632 429 3679 conatu
448 3628 638 3694 oppugnatam
657 3639 816 3693 expugnare
835 3638 889 3676 non
908 3638 956 3691 po·
981 3628 1104 3679 cundo-m
1124 3624 1260 3677 messibus
1280 3623 1353 3674 inter
1371 3639 1404 3674 ea
1425 3630 1524 3674 assatae
1543 3629 1619 3683 mut,
1647 3637 1701 3673 non
1719 3638 1814 3673 sumus

120 3713 188 3780 tuit,
213 3729 268 3766 non
285 3711 345 3766 sine
363 3727 447 3765 causa
464 3709 632 3780 colligimus,
652 3710 727 3779 quod
745 3709 781 3762 sit
798 3708 909 3762 divinae
928 3711 956 3762 et
980 3711 1167 3780 vituperandi.
1204 3708 1311 3762 Ibidem
1330 3707 1377 3761 fol.
1399 3713 1463 3762 155:
1486 3707 1535 3760 Vis
1552 3708 1655 3771 dicam,
1674 3709 1747 3760 unm
1758 3709 1814 3759 sint

119 3797 250 3852 immotae
275 3798 407 3852 veritatis.
453 3796 589 3851 Diabolus
623 3812 717 3850 omnes
740 3794 900 3848 idololatras
928 3799 956 3847 et
981 3807 1071 3851 sectae
1090 3805 1116 3850 et
1134 3797 1283 3849 haereses?
1301 3813 1319 3846 a
1334 3811 1415 3864 papa
1435 3802 1460 3846 ct
1479 3795 1540 3863 ejus
1558 3794 1712 3847 clientium.
1739 3795 1815 3846 Nam
1871 3846 1875 3853 ,

118 3882 273 3937 haereticas
296 3883 414 3936 vinculis
439 3883 496 3935 suis
523 3887 599 3936 terret
617 3882 778 3936 constrictos
798 3887 821 3935 2.
839 3880 911 3936 Tim.
930 3885 955 3948 ²,
982 3905 1043 3939 cum
1061 3887 1085 3938 is
1103 3903 1156 3937 saa
1173 3883 1323 3950 turarsnide
1340 3883 1485 3951 impediat,
1505 3897 1538 3933 ne
1555 3882 1722 3934 auctoritate
1736 3882 1815 3949 prin·

119 3987 145 4024 v,
175 3975 216 4023 26.
243 3985 293 4022 cur
319 3969 406 4039 igitur
430 3968 581 4022 discordias
606 3968 678 4022 inter
702 3984 748 4022 eos
769 3967 903 4022 excitaret
927 3973 955 4021 et
981 3973 1086 4041 cipiunt
1110 3979 1135 4023 et
1160 3971 1339 4037 insaturatus
1360 3968 1454 4037 possit
1476 3969 1575 4036 utique
1596 3968 1661 4032 fieri
1684 3967 1816 4019 ecclcsia-

117 4073 236 4126 regnum
257 4073 338 4109 suum
356 4053 556 4109 labefactaret?
592 4053 657 4107 Pios
677 4071 741 4107 vero
762 4070 779 4107 a
799 4054 954 4125 cognitione
980 4077 1042 4111 rum
1061 4060 1102 4110 ad
1118 4074 1244 4110 normam
1264 4054 1403 4123 eranpclii
1415 4054 1589 4121 reformatio,
1606 4053 1711 4121 populi
1723 4060 1815 4105 autern

101 4141 243 4196 'veritatis
270 4159 320 4211 per
339 4141 490 4196 discordias
508 4139 669 4194 abstrahere
686 4147 816 4208 conatur,
843 4146 875 4193 ut
892 4155 953 4209 pro·
980 4147 1088 4198 interea
1109 4144 1234 4196 esuriant
1257 4142 1354 4194 bonum
1373 4142 1431 4192 Dei
1447 4141 1569 4207 verbum,
1591 4140 1657 4190 inde
1676 4139 1757 4191 nrutts‘
1773 4137 1814 4189 in·

117 4245 245 4299 gressum
265 4227 402 4298 evangelii
420 4226 560 4297 impediat,
599 4232 623 4281 2.
642 4225 684 4280 Ex
707 4243 752 4292 eo,
770 4225 845 4297 quod
864 4226 903 4296 pii
922 4243 955 4280 aa
981 4233 1079 4285 eiciunt
1098 4231 1126 4281 in
1147 4229 1337 4282 clanculariae
1354 4233 1565 4295 praeceptores,
1584 4226 1683 4292 quibem
1700 4226 1813 4287 matum,

118 4314 215 4369 fideles
246 4314 371 4368 doctores
396 4320 492 4368 contra
514 4313 599 4366 falsas
624 4313 763 4367 doctrinas
786 4317 864 4365 tanto
894 4312 953 4367 zelo
975 4318 1051 4387 proti
1071 4316 1169 4379 dolor,
1188 4313 1346 4367 docuinam
1365 4312 1505 4364 hauriunt.

117 4406 260 4471 pugnant,
286 4400 361 4453 haud
381 4398 515 4453 immerito
535 4397 689 4470 colligitur,
706 4398 780 4469 quad
795 4398 850 4452 sint
868 4398 953 4468 Spiri-

117 4494 164 4540 tus
190 4486 278 4540 sancti
303 4501 409 4556 organa
434 4498 461 4539 et
480 4485 553 4555 quod
573 4485 701 4539 doctrina
715 4485 839 4555 ipsorum
855 4485 891 4538 sit
908 4502 954 4539 va·

118 4572 236 4626 sissima.
272 4571 418 4642 Ptoprium
436 4570 490 4624 hoc
509 4577 551 4625 est
568 4570 691 4625 fidelium
709 4572 861 4637 doctorum,
879 4570 955 4640 quod

120 4660 214 4712 omnia
233 4657 352 4713 Satanae
371 4664 557 4725 excrementa,
578 4673 778 4728 aquocunque
797 4658 907 4711 demum
925 4656 954 4709 in
1217 4622 1237 4681 s
1257 4623 1283 4682 E
1303 4621 1324 4682 c
1341 4622 1366 4679 Τ
1385 4621 1441 4683 1⁰
1476 4620 1579 4680 Vm·

119 4744 266 4800 ecclesiam
290 4745 398 4798 inrecta
421 4743 477 4796 sint
500 4743 544 4797 rel
567 4741 747 4812 invehantur,
778 4759 812 4796 er
838 4742 955 4796 ecclesia
980 4779 1045 4844 DE
1081 4776 1292 4844 OCTAVA
1327 4775 1624 4842 ECCLESIAE
1659 4773 1815 4851 NOTA,

119 4847 203 4901 quam
231 4830 409 4884 mundissime
437 4844 557 4899 purgare
586 4834 730 4898 satagunt,
753 4828 827 4882 uude
847 4843 899 4882 nec
917 4828 953 4881 ad

118 4916 247 4969 mmm„
267 4916 448 4981 Μηρώ,
473 4915 496 4968 ,1
514 4912 648 4984 ΜΨ
667 4912 890 4983 dmm„
909 4912 953 4966 ,εἰ
980 4880 1119 4959 QUAM
1141 4877 1513 4944 sustinuimus
1537 4877 1813 4961 ismenus,

117 5003 155 5056 ad
179 5001 275 5055 horam
299 5001 454 5054 connivent.
493 5000 526 5053 In
549 5000 611 5053 luce
635 4999 718 5053 etism
736 4998 899 5068 pulvisculi,
925 4966 968 5077 inil
1107 4980 1244 5059 QUAE
1273 4979 1368 5045 EST
1397 4978 1690 5045 SANCTITAS

117 5087 242 5142 tenebris
269 5104 303 5140 nc
330 5085 441 5155 quidem
466 5085 592 5155 ingentes
619 5084 710 5138 trunci
737 5084 967 5154 conspiciunturl
1244 5081 1551 5149 DOCTRINAE,

118 5179 143 5227 3.
171 5173 250 5238 Quae
276 5171 397 5225 humana
424 5175 466 5224 est
490 5169 634 5223 infirmitas
659 5175 687 5225 et
711 5168 795 5238 hujus
815 5171 887 5224 ritae
905 5171 952 5223 im·

117 5258 262 5329 perfectio,
283 5256 364 5312 facile
385 5256 545 5325 contingere
560 5259 661 5326 potest,
680 5262 712 5309 ut
725 5255 953 5325 quisaveritatis
1015 5261 1073 5310 248.
1111 5254 1269 5306 Membrum
1293 5253 1426 5319 primum.
1465 5252 1543 5305 Sitne
1562 5251 1695 5305 sanctitas
1715 5250 1814 5306 doctri·
1827 5238 1954 5334 ssssdffl·

116 5344 228 5399 tramite
245 5343 389 5414 paululum
407 5343 524 5409 aberret,
541 5341 586 5395 vel
605 5346 718 5410 propter
735 5342 869 5395 sermonis
889 5342 952 5396 dru-
979 5356 1031 5394 nae
1053 5345 1121 5393 nota
1146 5335 1300 5409 ecclesius?
1339 5337 1521 5391 lelsrminns
1546 5335 1593 5390 lib.
1614 5343 1638 5392 4.
1663 5338 1700 5392 de
1717 5339 1814 5393 eccles.
1828 5343 1943 5436 :tolmai

116 5434 253 5505 potoytav
272 5435 300 5482 et
317 5443 476 5498 perversum
494 5425 612 5480 aliorum
623 5425 793 5481 intellectum
808 5426 951 5480 averitate
980 5442 1003 5482 c.
1035 5430 1074 5480 lt.
1107 5424 1136 5478 id
1165 5423 1285 5478 adstruit
1314 5422 1438 5492 sequenti
1472 5422 1692 5479 ratiocinatione.
1745 5425 1920 5487 Vera01„1..‚

1323 4488 1502 4496 ——u-——om
