4004 6022
183 226 250 287 m
758 215 880 276 DOOUS
897 215 1102 275 wensinus
1118 213 1319 274 SECUNDUS

188 373 266 429 ribus
297 372 448 429 levioribus
474 375 554 446 (qnos
582 373 725 444 apostolus
749 376 832 427 vocat
857 371 970 427 foenum
994 367 1038 484 et'
1052 369 1220 441 elegantiam
1246 377 1276 425 et
1300 368 1507 425 formositatem.
1546 368 1647 426 Altera
1669 369 1726 425 init
1752 369 1892 427 ecciesiae

188 458 307 529 stipulas
338 466 360 514 1.
379 459 442 515 Cor.
467 464 496 528 3,
525 478 550 514 v.
579 463 631 526 12.)
655 476 709 514 non
735 458 825 513 solum
850 457 887 512 ad
906 457 1247 527 tempus‚,ds9esreroutis
1264 455 1350 511 facies
1369 455 1524 511 lascivienti
1541 455 1652 525 puellae
1670 474 1727 512 non
1743 455 1891 518 absimilis,

190 546 240 601 sod
259 544 344 600 etiam
360 544 483 601 finaliter
499 545 603 599 involvi
622 550 753 614 possunt,
780 543 828 614 qni
846 551 939 609 nmen
959 543 1025 613 igno
1036 530 1038 635 i
1050 542 1187 613 siquidem
1212 542 1379 612 apostolicae
1403 541 1572 613 integritatis
1590 542 1681 597 minus
1699 549 1786 598 tenax
1804 542 1892 599 tradi·

191 631 281 686 orncis
299 638 327 685 et
343 630 504 685 tentationis
522 631 551 682 in
570 629 625 683 illis
643 630 836 696 absumuntur,
851 646 887 684 ne
908 628 1039 763 salutem}
1051 628 1157 683 tionum
1183 627 1336 697 apostolico
1359 627 1441 681 titulo
1468 628 1644 683 venditarum
1672 633 1701 683 st
1730 628 1823 683 bonae
1849 627 1890 681 in-

192 733 287 772 corum
311 722 444 771 evomant.
482 715 626 770 Catholicis
642 715 760 771 ecelesia
776 721 935 770 vocatorum
953 729 1026 768 com·
1051 713 1180 770 tentionis
1216 712 1281 767 fuco
1318 713 1451 768 illitorum
1485 713 1562 768 facta
1598 713 1652 768 init
1685 712 1890 768 observantior.

191 802 324 872 plectitur
345 818 439 856 omnes
457 800 577 854 omnium
596 806 753 870 temporum
773 809 802 855 et
818 799 939 855 locorum
960 799 1025 854 fide·
1036 774 1039 891 ἐ
1051 801 1147 855 Tertia
1164 802 1338 854 cadaverosa
1357 816 1391 853 ac
1412 801 1495 869 plane
1513 799 1600 855 livida
1617 817 1651 855 ac
1669 799 1829 854 meretricia
1845 815 1888 855 ec·

191 887 232 943 les
254 904 312 984 uve
329 887 511 943 consessores.
548 886 1152 984 Decasrquaeratur,anerrare1elcsrae
1178 884 1264 938 facies
1288 885 1343 939 furt
1368 884 1421 981 sub
1439 884 1611 983 Antichristo
1639 902 1668 938 m
1688 889 1811 955 papatu,
1840 883 1890 939 ubi

191 980 294 1043 possit,
320 974 534 1043 respondemus,
554 972 629 1042 quod
650 978 711 1027 tota
727 989 783 1027 non
801 980 887 1040 erret,
904 972 933 1025 rd
952 970 1132 1075 quod!naev1
1151 977 1180 1025 et
1196 970 1342 1025 tubercula
1360 970 1489 1025 abierunt
1506 988 1534 1024 m
1554 987 1754 1042 gangraenam,
1782 970 1891 1033 Quarta

193 1064 221 1114 et
247 1065 401 1128 temporum
431 1065 458 1112 et
484 1058 607 1112 locorum
632 1064 762 1127 respectu
787 1059 827 1112 sic
850 1057 1081 1127 explicamus.÷et
1099 1064 1237 1125 postrema
1252 1055 1306 1109 fuit
1323 1057 1492 1110 matronalis
1510 1056 1610 1123 iacies,
1630 1056 1680 1111 ubi
1697 1057 1774 1110 circa
1794 1072 1890 1126 vespe-

194 1143 325 1207 Quamvis
349 1144 471 1198 incidere
497 1145 620 1214 possint,
645 1143 812 1214 quandoque
830 1143 913 1197 etiam
931 1148 1039 1197 revera?
1052 1160 1111 1198 ram
1139 1142 1186 1195 lux
1214 1149 1276 1196 orta
1306 1148 1348 1196 est
1373 1143 1457 1200 Zacb.
1486 1150 1524 1199 14.
1576 1143 1700 1199 Luthero
1737 1151 1767 1199 et
1802 1143 1972 1214 ipsiusmet

168 1288 169 1292 ,
192 1229 318 1283 incidant
337 1235 463 1300 tempora
483 1229 627 1299 ejusmodi,
644 1236 677 1281 ut
694 1228 866 1297 corruptelae
883 1194 1213 1298 publicumisymmyssis
1235 1245 1329 1282 omnes
1352 1229 1476 1284 maculas
1502 1229 1579 1284 terbi
1598 1229 1684 1283 divini
1701 1229 1823 1299 spongia
1841 1229 1890 1285 ab·

192 1315 332 1385 religionis
361 1314 521 1368 exercitium
541 1320 691 1384 occupent,
715 1319 810 1368 tamen
826 1321 887 1369 tota
904 1315 1026 1367 omnium
1038 1306 1040 1399 j
1052 1320 1192 1384 stergente
1217 1321 1244 1368 et
1267 1320 1373 1369 remota
1390 1313 1545 1371 meretricia
1562 1314 1679 1369 obrussa
1697 1312 1890 1368 castimoniam

192 1408 346 1470 temporum
370 1398 509 1454 catholica
532 1399 651 1454 ecclesia
674 1418 727 1455 non
755 1407 842 1464 errat,
874 1401 941 1470 quia
963 1398 1186 1467 sub-iccclesias
1211 1400 1381 1455 restituente.
1422 1399 1504 1464 Quod
1529 1416 1594 1455 vero
1618 1400 1718 1455 auinet
1740 1398 1890 1468 particular

192 1488 258 1541 inde
285 1486 389 1540 excitat
413 1485 491 1540 Deus
518 1485 668 1555 prophetas
691 1493 720 1539 et
744 1484 812 1539 alios
836 1484 931 1539 fideles
949 1472 1110 1540 mini-irem
1141 1485 1263 1555 aliquam
1289 1484 1435 1539 ecclesiam
1464 1501 1526 1539 eam
1552 1502 1609 1538 non
1634 1483 1722 1540 solum
1750 1484 1891 1539 erroribus

192 1579 278 1642 atros,
306 1571 355 1643 qui
380 1571 550 1642 corruptelas
574 1572 635 1627 illas
660 1571 802 1626 doctrinae
824 1575 959 1640 arguant,
986 1540 1215 1651 diilevioribus,
1239 1570 1288 1624 sed
1307 1570 1391 1624 ctiam
1409 1569 1665 1625 fundamentalibus
1685 1569 1791 1625 involvi
1807 1583 1891 1639 posse

192 1657 287 1713 vinum
310 1658 414 1712 cultum
433 1656 582 1713 reforment
600 1664 628 1712 et
648 1657 792 1713 ecclesiam
812 1656 927 1727 pristino
945 1655 1027 1709 nitori
1053 1657 1215 1720 asserimus,
1245 1655 1293 1709 ubi
1317 1672 1369 1710 nec
1386 1655 1540 1710 &monam
1564 1655 1710 1711 ecclesiam
1727 1655 1890 1726 excipimus,

191 1745 348 1800 restituant
398 1743 530 1808 Quamvis
569 1743 652 1798 etiam
682 1743 820 1798 interdum
853 1742 1028 1812 corruptelae
1053 1743 1156 1811 quippe
1185 1757 1268 1812 qnam
1293 1758 1361 1811 pras
1384 1741 1499 1813 reliquis
1524 1741 1739 1810 particularibus
1763 1742 1891 1798 ecclesiis

193 1836 280 1885 totam
305 1829 441 1885 visibilem
461 1827 607 1883 ecclesiam
622 1834 650 1884 et
665 1828 809 1898 publicum
826 1829 887 1898 ejus
907 1827 1027 1882 ministe-
1053 1827 1108 1881 tals
1144 1826 1257 1897 aliquod
1293 1826 1471 1898 privilegium
1508 1844 1563 1881 non
1598 1827 1710 1883 errandi
1748 1828 1890 1897 accepisse

191 1915 264 1971 rium
284 1915 313 1968 in
331 1915 458 1971 omnibus
476 1912 597 1967 omnium
616 1913 737 1968 locorum
758 1913 972 1983 particularibus
984 1910 1163 2003 ‹sc-{lacibus
1190 1912 1307 1979 dicitur,
1332 1929 1416 1983 quam
1440 1930 1474 1967 ex
1498 1912 1646 1982 scripturis
1670 1914 1755 1967 sacris
1775 1913 1890 1969 demon·

193 2001 285 2057 olssiis
303 2006 447 2069 occupent,
466 1999 505 2053 ita
524 2005 556 2052 ut
574 1996 672 2053 nullibi
691 1999 812 2068 supersit
829 2016 929 2068 purum
945 2004 973 2053 et
988 1999 1027 2053 in·
1039 2028 1042 2143 ἱ
1053 2006 1164 2054 stratur.
1721 1993 1722 1996 ’

194 2103 274 2143 oomu
295 2093 355 2140 tum
374 2083 569 2152 ministerium,
590 2099 732 2155 nunquam
752 2090 845 2138 tamsm
865 2090 924 2139 tota
942 2084 1028 2138 eccle-
1092 2091 1147 2140 1⁰5.
1183 2083 1225 2137 Ex
1251 2084 1296 2138 his
1321 2084 1486 2139 sententiam
1510 2091 1631 2140 nostram
1674 2104 1717 2141 ers
1737 2086 1803 2142 ioue
1825 2094 1972 2140 con-tastu

194 2172 238 2227 sia
255 2104 295 2225 sii
314 2176 400 2239 errat,
426 2179 528 2224 utnon
551 2169 620 2229 sint.
645 2169 694 2240 qui
713 2168 865 2239 simplicem
883 2169 961 2224 verbi
979 2168 1028 2222 du·
1040 2150 1043 2225 i
1054 2177 1129 2225 stare
1146 2170 1274 2226 arbitror.
1310 2168 1450 2224 Pontificii
1470 2171 1631 2241 simpliciter
1649 2105 1678 2227 epi
1695 2105 1825 2227 nicolaos
1842 2171 1891 2226 sd·
1902 2144 1972 2237 w

196 2264 272 2313 ctum
294 2263 442 2328 sequentes
458 2256 577 2327 Spiritus
597 2256 686 2310 sancti
704 2255 855 2310 directione
873 2261 902 2309 et
921 2251 1027 2309 efficaci
1040 2252 1042 2263 '
1055 2273 1143 2327 eoque
1161 2256 1220 2311 sine
1237 2256 1295 2310 ulla
1311 2255 1423 2311 omnino
1437 2255 1615 2313 distinctione
1632 2263 1775 2327 statuunt,
1801 2257 1890 2314 eccle
1903 2258 1953 2288 η’·

195 2343 353 2414 operatione
371 2343 400 2396 in
420 2342 536 2399 verines
555 2349 584 2396 et
602 2340 656 2396 lide
673 2359 705 2397 co
717 2342 798 2396 modo
813 2338 1028 2407 sanctificentur,
1040 2372 1042 2391 ι
1054 2343 1124 2397 siam
1142 2359 1197 2397 non
1216 2357 1296 2411 posse
1315 2358 1420 2408 errare,
1441 2342 1481 2396 sic
1496 2342 1569 2396 enim
1588 2343 1685 2398 scribit
1702 2343 1890 2399 lelnrminus

194 2436 226 2484 nt
241 2429 453 2484 fundamentum
468 2427 565 2482 salutis
581 2429 718 2484 retineant
732 2429 767 2482 ab
780 2426 917 2483 erroribus
931 2425 1028 2480 funda·
1040 2418 1043 2517 i
1055 2428 1102 2484 lib.
1124 2434 1147 2482 3.
1169 2428 1204 2481 de
1222 2426 1319 2482 eccles.
1338 2443 1362 2480 e.
1379 2433 1417 2482 14.
1440 2423 1467 2500 ξ.
1490 2434 1521 2483 4:
1560 2429 1668 2482 Nostro
1685 2430 1823 2483 semona
1839 2436 1891 2496 est,

193 2513 362 2571 mentalibus
386 2514 523 2569 immunes
541 2518 717 2584 perseverent
736 2529 769 2567 ac
789 2514 892 2568 virtute
911 2512 962 2590 Dei
980 2515 1201 2634 perjeoctess'cm
1224 2515 1349 2568 absolute
1372 2533 1428 2567 noo
1442 2531 1529 2584 posse
1547 2531 1659 2592 cnoro,
1687 2533 1738 2570 nso
1758 2517 1789 2569 in
1807 2517 1891 2570 rsbns

195 2599 279 2655 iidem
300 2599 467 2656 adsalutem
480 2605 684 2668 conserventur,
701 2600 767 2656 licet
777 2599 818 2653 illi
830 2615 1029 2669 nonnunquam
1040 2640 1043 2671 ,
1055 2602 1180 2655 anselm
1196 2601 1372 2663 nscmsariis,
1392 2617 1442 2654 nec
1460 2601 1491 2655 in
1510 2601 1586 2669 otiis,
1605 2618 1677 2670 orsos
1688 2604 1836 2657 credendo
1846 2602 1891 2657 ost

194 2685 278 2757 pauci
302 2685 358 2824 sirit
381 2702 415 2739 ac
436 2683 674 2823 pefsecutionibus
690 2684 900 2826 etbffmpoelis
917 2684 1029 2824 publige
1052 2687 1193 2825 &aazia
1209 2687 1288 2740 sobs's
1299 2686 1445 2755 proponit,
1462 2686 1519 2740 sios
1540 2687 1698 2741 irrideanturr
1716 2705 1847 2756 expresss
1861 2689 1891 2742 in

162 2807 168 2824 .
195 2770 332 2842 grmsanti
354 2788 385 2824 us
409 2769 449 2824 ita
483 2776 594 2839 ateant,
625 2776 657 2824 ut
680 2787 720 2840 pu
752 2770 793 2825 'ce
815 2786 908 2825 coram
927 2788 1029 2825 muno
1117 2772 1221 2841 ptores,
1237 2772 1295 2825 sice
1313 2789 1385 2839 non,·
1403 2779 1430 2826 st
1448 2789 1510 2825 oron
1529 2773 1657 2842 dicimus,
1675 2773 1972 2830 colummannus}

196 2871 252 2911 non
280 2859 476 2927 agnoscantur.
519 2853 584 2909 Huc
610 2854 707 2911 referri
732 2861 839 2926 potest,
868 2855 942 2928 quod
970 2857 1029 2926 qui-
1051 2874 1136 2926 posse
1159 2874 1273 2925 errare,
1304 2858 1337 2910 id
1360 2857 1542 2927 intelliqs'mns
1567 2866 1625 2911 torn
1649 2861 1685 2912 ds
1709 2861 1892 2914 urbantate

197 2942 261 2997 dam
280 2941 435 3011 disputant,
454 2941 484 2995 in
499 2940 617 2996 ecclesia
635 2941 738 2996 visibili
755 2940 789 2996 N.
810 2940 844 2995 Τ.
863 2942 1028 2996 mutationes
1055 2943 1197 3009 fidetium,
1216 2961 1300 3011 qnam
1317 2942 1354 2995 ds
1371 2943 1551 2997 universitate
1572 2945 1780 3015 episcoporum,
1799 2947 1843 3000 s‘tc
1861 2954 1893 3000 ut

86 3036 122 3077 11.
139 3027 241 3084 tarel
279 3026 365 3082 iacies
399 3026 572 3097 potissimum
611 3031 731 3100 quatuor
765 3027 905 3083 observari
942 3045 1030 3098 posse,
1055 3047 1152 3084 sensns
1178 3030 1217 3082 sit
1241 3030 1304 3098 ejas
1323 3030 1547 3098 propositionis.-
1575 3031 1709 3084 Ecstssic
1726 3050 1782 3085 non
1798 3040 1895 3101 potest

195 3113 289 3170 Primo
313 3120 373 3168 erat
392 3113 511 3183 pulchre
531 3121 633 3167 ornatu
652 3118 775 3183 tempore
795 3113 983 3183 apostolorum
1002 3119 1031 3168 et
1056 3133 1163 3184 errore,
1182 3116 1215 3168 id
1233 3124 1272 3168 est
1291 3117 1324 3169 id
1341 3118 1418 3186 qraod
1436 3124 1527 3170 tenent
1539 3133 1632 3169 omncs
1644 3117 1743 3180 fideles
1754 3125 1893 3187 tanquam

195 3205 362 3272 martyrum,
393 3199 443 3254 ubi
477 3198 514 3254 ob
536 3199 745 3296 'persecutiones
777 3199 889 3270 quidem
917 3199 1030 3268 latebat,
1056 3205 1092 3257 dc
1109 3204 1167 3266 fide
1185 3201 1344 3256 marano
1362 3210 1402 3255 est
1419 3219 1514 3255 cenem
1530 3208 1557 3255 ct
1574 3203 1609 3255 dc
1629 3204 1701 3271 tids5
1720 3211 1747 3258 et
1760 3205 1894 3260 similiter

195 3286 245 3342 sod
272 3286 364 3358 quoad
387 3284 453 3340 fidei
480 3292 629 3356 puritatem
655 3302 719 3341 vere
746 3284 882 3356 fulgebat
920 3290 944 3340 2.
961 3285 1031 3340 Erat
1056 3290 1089 3342 id
1110 3290 1188 3357 quod
1206 3291 1305 3342 docent
1321 3305 1415 3342 ornnes
1433 3289 1559 3357 episcopi
1584 3296 1718 3357 tanquam
1742 3293 1785 3344 od
1808 3293 1893 3351 ridear

195 3390 251 3427 non
269 3373 341 3426 nihii
360 3372 504 3425 mandata
517 3378 640 3442 tempore
654 3370 857 3426 baereticorum
871 3378 900 3427 et
910 3377 1029 3465 patrum,
1053 3374 1207 3445 pertinens,
1224 3376 1385 3429 nccoesorr'o
1403 3382 1444 3429 est
1461 3393 1556 3429 onom
1576 3383 1601 3428 ct
1614 3376 1649 3428 dc
1660 3375 1730 3441 fids.
1760 3374 1892 3433 Costarus

196 3457 245 3513 nbi
269 3474 287 3511 a
308 3457 401 3528 prisca
424 3456 602 3527 simplicitate
627 3456 764 3527 paulatim
786 3456 985 3513 deflectebatur
1003 3464 1031 3512 et
1056 3460 1085 3515 in
1102 3460 1204 3515 enchir.
1223 3476 1247 3513 c.
1265 3460 1300 3514 dc
1320 3461 1419 3515 eccles.
1430 3459 1535 3530 privil:
1554 3461 1701 3515 Ecclesiae
1708 3462 1893 3532 prioitspioos

195 3542 333 3599 hnmanae
356 3542 498 3612 opiniones
522 3559 556 3597 ac
578 3543 741 3598 traditiones
763 3542 881 3598 subinde
899 3543 1031 3598 admisce·
1056 3554 1105 3615 est,
1123 3547 1153 3599 ia
1171 3562 1206 3599 eo
1224 3544 1289 3599 solo
1308 3562 1366 3599 esse
1384 3562 1479 3598 ossum
1497 3546 1556 3599 Dei
1572 3545 1701 3600 notitiam
1719 3547 1893 3601 diuinorum·

196 3631 306 3698 bantur,
324 3628 399 3683 unde
416 3627 595 3700 Hegesippus
613 3627 689 3698 apud
708 3627 861 3684 Eusebium
878 3629 925 3686 lib.
943 3637 966 3684 1.
987 3629 1030 3683 hi·
1056 3648 1108 3700 quc
1124 3633 1227 3684 'rerum
1254 3631 1335 3685 nullo
1355 3632 1523 3699 parentam
1547 3647 1644 3684 errore
1668 3631 1893 3700 inteilipentiorn,

196 3720 260 3769 ator.
286 3713 384 3770 eccles.
412 3729 435 3766 c.
462 3718 504 3768 22.
528 3712 609 3781 dicit,
642 3714 791 3769 eeclesiam
811 3722 878 3783 post
903 3721 1030 3784 temporo
1056 3733 1169 3785 euinque
1187 3716 1228 3770 ito
1248 3724 1419 3771 constantem
1441 3717 1546 3771 Christi
1564 3710 1678 3785 Spiritu
1695 3717 1845 3782 directore,
1862 3726 1892 3771 set

196 3799 390 3870 apostolorum
411 3798 500 3859 fnisse
520 3800 625 3852 duram
642 3799 791 3868 sirpinem,
821 3800 889 3868 quia
905 3803 1029 3856 nondum
1056 3820 1138 3858 error
1173 3802 1204 3854 in
1225 3803 1289 3869 fide
1318 3803 1399 3870 opud
1426 3818 1488 3855 sam
1520 3802 1611 3855 houm
1639 3803 1740 3856 haben
1764 3811 1891 3872 nemost.

196 3883 354 3938 odsdtcsini
368 3884 447 3936 corbi
463 3883 638 3951 subreptione
656 3885 752 3950 suerit
771 3894 918 3954 corrupto,
944 3886 1030 3940 sotem
1056 3889 1243 3959 ititRupertus
1268 3886 1418 3942 Tuitiensis
1439 3886 1486 3942 lib.
1507 3891 1530 3942 3.
1554 3888 1589 3941 de
1608 3886 1681 3941 offic.
1701 3904 1726 3941 c.
1746 3893 1778 3943 2;
1818 3889 1891 3942 Ton-

196 3986 261 4024 oero
282 3969 334 4023 din
352 3986 408 4022 non
423 3969 567 4023 memisse.
602 3967 790 4040 Hieronymus
808 3970 837 4023 in
855 3970 914 4025 vita
925 3970 1029 4024 Malohi
1057 3983 1102 4029 tos
1123 3975 1294 4028 sinceritatis
1311 3989 1420 4043 semper
1434 3973 1494 4039 fait
1512 3974 1631 4028 nonos
1642 3974 1781 4041 Romana,
1800 3982 1832 4026 nt
1844 3975 1892 4027 coi

197 4054 306 4123 scribit,
334 4054 479 4109 ecclesiam
503 4063 657 4125 postquam
679 4057 720 4108 od
745 4052 923 4109 Cbrmdunos
947 4058 1029 4126 pria·
1056 4064 1134 4114 deest
1152 4060 1366 4128 &ripaeorum
1391 4057 1491 4112 notitia
1513 4066 1539 4111 et
1562 4059 1779 4127 orpnmentarads'
1794 4057 1890 4125 focul-

196 4142 273 4212 cipes
287 4141 422 4210 pervenit,
436 4141 564 4210 potentio
581 4141 737 4211 quidemst
756 4141 865 4195 divitiis
884 4143 1028 4212 mojorem,
1056 4154 1113 4214 tos,
1135 4145 1200 4198 solo
1217 4144 1265 4198 tur·
1280 4145 1413 4210 sufficere
1432 4143 1531 4196 debssn
1548 4143 1610 4210 ejus
1627 4145 1792 4198 auctordos.
1827 4143 1888 4199 sss-

195 4230 248 4284 sed
265 4226 412 4281 densans
433 4227 568 4280 minorem
585 4243 644 4279 csse
659 4227 789 4296 sactum
812 4226 881 4281 alibi
898 4235 1029 4299 tempora,
1055 4231 1182 4301 pletonus
1209 4230 1304 4285 relect.
1330 4228 1418 4298 princ.
1448 4227 1495 4281 fid.
1527 4235 1649 4287 controv.
1675 4236 1700 4285 t.
1736 4236 1843 4300 quaest
1866 4237 1889 4285 1.

216 4315 297 4370 uibus
332 4313 414 4381 vixit,
459 4319 540 4367 vocat
577 4321 729 4382 mansorum
762 4315 894 4384 priorum
926 4317 1029 4383 fecem.
1055 4323 1106 4372 art.
1124 4321 1155 4371 l:
1187 4315 1345 4368 Ecclesiam
1362 4313 1445 4367 cebo
1464 4313 1523 4365 Dei
1540 4315 1816 4377 conmunicent
1834 4332 1889 4368 non

196 4333 408 4471 ghrysostomus
435 4397 529 4454 homil.
559 4405 599 4455 36.
624 4399 654 4453 in
682 4406 702 4455 1.
727 4398 789 4455 Cor.
816 4402 961 4455 ecclesiam
985 4403 1031 4455 sui
1055 4403 1118 4456 otiu
1135 4399 1294 4455 conditione
1312 4398 1485 4451 audiendam
1503 4398 1585 4453 illurn
1604 4416 1678 4467 esse,
1702 4400 1759 4453 nisi
1776 4400 1888 4453 vestrm

197 4486 329 4556 temporis
353 4492 499 4552 comparat
525 4484 652 4548 mulieri,
678 4503 750 4553 qnos
768 4487 897 4554 aprime
915 4488 1030 4556 cirpini·
1056 4488 1117 4541 Dei
1129 4486 1278 4556 proferat,
1296 4491 1345 4537 aot
1361 4484 1420 4536 nesi
1436 4493 1622 4538 consentaneo
1641 4487 1741 4539 doceat
1763 4485 1888 4554 Scripta·

197 4573 264 4626 tots's
295 4571 368 4641 flore
400 4571 525 4640 perierit.
576 4574 599 4625 3.
630 4570 699 4624 Erat
725 4589 847 4640 prorsrss
870 4573 1030 4637 deformato
1055 4591 1116 4642 ras,
1133 4573 1202 4625 haec
1222 4570 1347 4624 conditio
1365 4570 1497 4638 apposito
1516 4587 1579 4625 cers
1593 4571 1794 4624 mtbocrcts‘co.
1816 4571 1889 4625 Esse

197 4664 320 4726 tempore
349 4654 516 4710 dominantis
541 4654 659 4709 Romani
686 4656 837 4725 pontificis,
872 4657 925 4711 sub
950 4659 1030 4728 cnjus
1056 4666 1148 4713 autern
1166 4655 1309 4710 cccimmm
1326 4654 1355 4706 in
1373 4653 1429 4708 toti
1439 4656 1606 4710 sonoritate
1615 4656 1740 4724 positam
1754 4657 1819 4710 ideo
1831 4673 1888 4710 cre·

93 4755 128 4797 xi
140 4754 185 4798 ltu
198 4741 345 4817 tyrannide
377 4745 466 4797 totum
493 4756 593 4810 corpus
615 4739 758 4796 doetrinae
782 4742 908 4798 coelestis
932 4742 1031 4798 misere
1057 4745 1179 4800 ᾱεηάαπι
1196 4747 1244 4804 est,
1263 4740 1331 4808 quic
1348 4740 1467 4793 ecclesia
1483 4741 1535 4795 troc
1554 4743 1590 4794 de
1609 4758 1638 4795 se
1655 4749 1800 4795 osseoerot
1819 4750 1845 4795 et
1858 4749 1888 4795 ut

197 4831 348 4886 laceratum
376 4832 405 4882 et
431 4825 580 4897 disjectum
598 4825 660 4881 fuit.
697 4833 722 4883 t.
741 4827 852 4883 Ultimis
870 4826 946 4884 hisce
963 4835 1030 4884 tem·
1056 4830 1098 4884 ito
1114 4829 1160 4892 sit,
1176 4842 1298 4897 proretas
1315 4827 1504 4880 moncatum
1523 4835 1577 4896 est,
1603 4835 1629 4880 et
1646 4828 1698 4881 boc
1715 4835 1757 4881 est
1774 4828 1805 4881 in
1824 4828 1888 4882 sim·

198 4915 312 4987 poribus
338 4913 428 4968 denuo
455 4919 497 4966 est
516 4913 675 4979 reformato
698 4918 727 4968 et
743 4912 861 4983 pristino
880 4912 946 4968 fidei
964 4930 1029 4984 apo-
1051 4914 1184 4984 plicitots
1203 4911 1298 4996 cordis
1316 4918 1341 4964 st
1358 4929 1414 4965 non
1431 4912 1462 4965 in
1480 4913 1622 4982 sapientia
1639 4912 1760 4967 carnali
1789 4913 1889 4967 Petrus

199 5002 312 5057 stolicae
331 4998 415 5054 nitori
434 4997 568 5053 restituta
604 4996 747 5067 idipsum
765 4998 801 5053 ab
823 4997 884 5052 aliis
898 4998 937 5053 sio
952 4998 1030 5055 effer·
1056 5017 1075 5055 a
1092 4997 1158 5054 Soto
1179 4995 1342 5052 inconfess.
1361 4997 1459 5054 cathol.
1478 4998 1508 5053 in
1527 5014 1551 5052 c.
1570 4997 1753 5054 deecclesia:
1790 4998 1888 5051 Eccle-

199 5094 260 5153 tur,
289 5084 362 5156 quod
391 5084 482 5155 prima
508 5083 641 5139 ecclesiae
665 5083 751 5139 iacies
774 5083 859 5139 tuerit
880 5083 1031 5151 sirpiculis
1056 5085 1101 5139 sia
1125 5083 1270 5153 (Romana)
1292 5083 1374 5137 habet
1393 5083 1585 5152 mopisters'urn
1603 5083 1695 5137 cirum
1712 5091 1738 5136 et
1749 5100 1890 5152 praesens

198 5177 322 5240 tempore
346 5169 534 5241 apostolorum
557 5168 721 5239 conspicua,
749 5170 797 5226 ubi
822 5170 932 5241 integra
952 5167 1030 5233 fides,
1057 5170 1178 5225 omnium
1203 5185 1310 5238 sonim,
1338 5186 1409 5238 qnos
1430 5168 1573 5239 pertineat
1597 5170 1639 5222 od
1663 5169 1782 5224 sulutem
1801 5178 1889 5224 nster-

199 5255 288 5310 solida
311 5273 389 5326 spes,
412 5256 521 5312 sincera
543 5256 644 5310 caritas
664 5256 704 5324 (in
722 5255 824 5327 quibus
842 5253 1030 5327 virginitatem
1055 5273 1131 5322 nom,
1148 5255 1221 5309 sends
1239 5261 1264 5308 st
1282 5254 1347 5325 apso
1365 5255 1455 5309 nodi
1474 5252 1554 5306 nobis
1576 5251 1756 5322 Scriptorum
1774 5272 1888 5309 socrum

199 5340 299 5395 mentis
324 5340 472 5396 consistere
497 5339 579 5395 docet
597 5341 773 5413 Augustinus
798 5338 828 5393 in
853 5338 956 5393 Psalm.
977 5344 1029 5401 11.)
1055 5339 1169 5408 clicone
1196 5347 1275 5393 ano
1298 5355 1360 5393 som
1376 5339 1453 5408 fidei
1476 5338 1609 5404 dopmno
1633 5346 1659 5390 ct
1685 5340 1888 5410 interpretatur

199 5422 428 5501 speciosissimam
465 5425 598 5482 ecclesiae
630 5423 819 5482 conciliabant
846 5429 1028 5495 venustatem,
1055 5424 1142 5480 dnbio
1164 5426 1243 5480 circo
1258 5424 1341 5495 tosc,
1365 5439 1453 5495 nepus
1471 5437 1505 5474 so
1521 5420 1680 5490 aliqnando
1697 5427 1819 5496 emam,
1842 5443 1889 5481 sse·
