3998 6024
250 317 291 376 52
836 306 959 365 LOCUS
977 305 1181 366 vleasntns
1198 306 1342 366 PRIMUS

247 467 294 534 eit,
311 465 337 519 ci
349 473 449 535 pas-tec
469 463 630 519 materiales
647 464 766 532 symboli
786 465 892 518 aeterni
906 465 1082 519 eomiaeren·
1108 464 1240 537 Singulae
1264 452 1372 535 species
1388 463 1446 518 sive
1463 460 1591 534 symbols
1610 461 1640 517 in
1658 477 1744 516 coena
1762 464 1828 515 sunt
1847 466 1941 532 partes

246 560 293 605 tur
311 559 362 607 etc.
402 552 485 614 Quod
507 553 606 605 attinet
630 554 672 604 ad
695 551 816 605 aiteram
840 552 1081 622 eipnificationem,
1108 551 1291 607 eucharistiae
1309 550 1403 614 totius,
1422 566 1521 619 nempe
1535 548 1695 604 essentiales
1706 555 1840 603 marenae.
1864 546 1944 618 Ergo

247 637 277 691 in
303 639 395 708 apetie
417 639 481 692 sola
500 640 588 706 panio
607 645 633 691 et
654 638 684 690 in
703 638 795 707 cpecie
814 639 877 692 saia
894 639 955 693 cini
973 639 1081 707 eipniri·
1107 639 1234 710 singulae
1263 637 1371 708 species
1396 636 1454 692 sive
1478 635 1604 707 symbola
1627 637 1657 689 in
1681 651 1762 689 sacra
1783 649 1870 690 coena
1886 650 1943 689 non

247 732 329 777 catur
348 726 415 778 nnio
428 726 557 793 fidelium
578 742 640 778 aum
652 723 763 780 Christo
784 733 809 779 et
828 726 902 779 inter
920 744 958 781 ee.
987 725 1081 787 Quan-
1108 731 1174 779 sunt
1191 724 1283 796 ipsum
1301 729 1404 792 totum,
1422 739 1521 793 nempe
1539 722 1678 794 integrum
1696 720 1882 777 eucharistiae
1900 736 1943 775 ss·

247 817 304 863 tum
321 813 363 864 ad
379 811 576 865 cautelitatem
596 829 645 865 ceu
663 813 859 881 efficientiam,
885 815 981 866 eadem
1002 829 1081 883 repe·
1109 815 1288 866 crumentum.
1325 815 1350 866 9.
1368 809 1414 864 De
1432 808 1544 881 figuris,
1561 825 1630 879 quas
1650 807 1835 864 Bellarminus
1852 805 1943 870 addit,

247 898 322 951 ritur
353 899 384 952 in
413 898 537 967 qualibet
567 899 658 969 speeie
685 893 769 968 iuius
792 900 969 953 sacramenti.
1005 897 1182 970 Namtinira
1206 914 1272 951 suus
1290 895 1343 951 erit
1360 894 1473 951 dicendi
1491 895 1577 950 locus.
1621 895 1716 948 ”Alii
1735 911 1767 950 ex
1786 891 1944 949 Pontificiis

246 992 307 1037 tota
333 985 486 1051 efficientia
513 986 640 1038 nascetur
667 1002 700 1039 ea
725 985 851 1055 Cisrieto,
879 987 929 1056 qui
950 987 1000 1039 sub
1021 986 1081 1040 iiiia
1108 988 1222 1056 urgent,
1251 984 1335 1037 etiam
1365 1001 1423 1036 una
1451 984 1544 1051 specie
1571 983 1751 1037 Dominiccm
1776 980 1945 1052 paccionem

167 1129 169 1138 ¹
246 1071 388 1139 epeoiebua
410 1070 581 1139 contineatur,
605 1070 734 1125 Christus
758 1080 848 1126 autem
870 1073 944 1126 idem
964 1080 990 1125 et
1009 1079 1082 1126 totae
1108 1070 1332 1140 repraesentari,
1351 1069 1436 1139 idque
1455 1069 1584 1123 docuim
1602 1070 1708 1123 lamam
1726 1085 1759 1122 eo
1776 1068 1851 1136 epto,
1875 1067 1946 1119 dum

247 1165 299 1224 eet,
331 1164 389 1210 tam
420 1158 470 1210 aab
492 1159 584 1226 cpecie
608 1159 712 1228 paam,
736 1177 819 1228 wem
836 1159 887 1212 aab
903 1160 995 1228 aperie
1014 1159 1082 1212 cini.
1106 1154 1338 1228 significationem
1359 1157 1506 1226 paccionie
1534 1156 1666 1226 adjunait
1688 1157 1802 1224 primae
1829 1152 1945 1223 speciei,

246 1244 366 1296 Accedit
385 1245 462 1311 quod
479 1245 619 1313 quaelibet
637 1246 742 1314 speciae
760 1246 841 1300 hahet
856 1246 1007 1315 propriam
1024 1262 1081 1298 ma·
1106 1244 1170 1300 ioh.
1192 1244 1339 1299 Gibbouua
1362 1245 1391 1298 in
1408 1244 1534 1300 thesibus
1553 1243 1588 1299 de
1606 1240 1797 1299 communione
1814 1237 1869 1295 sub
1886 1255 1945 1294 una

246 1330 356 1397 temam,
381 1331 535 1398 propriam
559 1333 697 1396 formam,
727 1341 754 1385 et
784 1334 861 1402 meod
887 1339 928 1385 eat
951 1332 1081 1401 amplius,
1106 1331 1199 1403 specie
1233 1329 1354 1385 'Ibeviris
1380 1347 1453 1385 anno
1487 1335 1560 1386 1583.
1594 1328 1742 1401 propositis
1780 1327 1851 1382 thes.
1885 1331 1943 1381 114.

241 1417 365 1485 propria
384 1419 509 1485 padam
530 1420 639 1472 actione
658 1427 684 1472 et
703 1419 912 1473 consecratione
926 1419 1080 1483 conficitur,
1105 1417 1329 1489 Respondemus:
1366 1416 1457 1471 Lucas
1482 1423 1627 1488 eapropter
1655 1433 1711 1471 non
1730 1413 1853 1469 excludit
1871 1410 1943 1467 alte

245 1519 295 1555 nec
321 1503 381 1556 ulto
406 1505 505 1573 mado,
535 1512 565 1557 at
590 1514 795 1560 sacramentum
812 1507 863 1573 ait,
895 1524 951 1558 una
975 1504 1082 1574 epeciee
1105 1522 1165 1560 ram
1190 1504 1324 1575 speciem,
1351 1509 1447 1574 utpote
1473 1520 1556 1574 quam
1576 1504 1670 1557 statim
1688 1500 1810 1572 subjicit.
1845 1498 1942 1554 Lucas

242 1591 347 1658 pendet
374 1591 408 1642 at
437 1589 506 1644 clia.
543 1592 619 1644 Nam
645 1580 786 1645 Dominae
809 1593 894 1661 princ
917 1592 967 1644 suh
990 1591 1082 1660 specie
1105 1590 1336 1664 significationem
1370 1591 1506 1663 passionis
1541 1590 1666 1645 annectit
1693 1588 1799 1660 primae
1827 1585 1943 1658 speciei.

240 1676 330 1745 panie
347 1684 552 1730 samanaentum
572 1679 694 1742 confecit
714 1687 739 1731 et
753 1680 982 1732 manducandum
995 1677 1082 1744 dedit,
1106 1676 1264 1732 Matthaeus
1292 1677 1386 1745 alteri,
1415 1677 1521 1732 Paulus
1549 1677 1676 1748 utrique,
1707 1692 1741 1730 ex
1772 1691 1828 1746 qno
1854 1673 1944 1729 mani·

247 1779 282 1815 ae
308 1761 411 1815 deinde
437 1765 654 1818 manducatione
680 1764 809 1818 absoluta
833 1765 883 1817 aab
906 1765 997 1833 specie
1022 1763 1083 1817 nini
1104 1763 1206 1819 festum
1233 1764 1373 1829 redditur,
1403 1771 1522 1835 unaque
1548 1764 1642 1835 specie
1663 1762 1745 1821 simul
1766 1760 1945 1816 Dominicam

247 1857 451 1902 tenementum
480 1851 602 1918 confecit
633 1859 658 1905 et
686 1852 831 1905 &bendum
861 1851 992 1907 tradidit.
1043 1850 1083 1904 Id
1105 1850 1262 1921 pensionem
1280 1848 1431 1922 significari
1451 1857 1480 1904 et
1496 1867 1551 1905 non
1568 1866 1624 1905 una
1641 1855 1758 1918 tantum,
1779 1848 1851 1902 alter
1869 1847 1945 1902 enim

248 1935 340 2002 ipsum
358 1952 390 1987 ea
406 1937 507 2004 fiparie
533 1938 561 1991 V.
582 1938 614 1993 T.
629 1939 768 2007 probatur
792 1945 844 1994 etc.
880 1937 958 1993 Haec
976 1936 1082 1992 Bellar-
1106 1936 1339 2008 evangelistarum
1364 1953 1398 1992 ex
1421 1935 1509 1992 altero
1529 1937 1711 2008 explicandus
1731 1940 1787 2001 est,
1816 1933 1944 2006 alioquin

248 2019 347 2074 minus.
382 2022 608 2092 Respondemus:
640 2032 659 2080 1.
677 2024 844 2079 Primarium
862 2024 985 2080 officinm
1002 2025 1081 2096 panis
1106 2041 1140 2078 ex
1158 2024 1252 2079 Marco
1271 2023 1454 2094 colligeretur,
1472 2029 1587 2079 mortem
1608 2022 1710 2078 Christi
1729 2026 1829 2077 neuma
1847 2021 1944 2092 specie

250 2112 278 2160 et
295 2107 353 2160 vini
372 2107 401 2161 in
421 2126 500 2163 sacra
521 2127 608 2165 coena
625 2129 680 2166 non
700 2110 910 2184 estsignilicare
925 2129 958 2167 ac
972 2128 1080 2184 reprae·
1105 2110 1269 2182 significari,
1303 2109 1528 2181 quandoquidem
1553 2109 1602 2166 ille
1624 2127 1680 2164 non
1703 2108 1851 2181 subjungit
1871 2107 1943 2161 haec

248 2201 372 2263 senmre,
396 2195 446 2249 sed
466 2213 526 2251 esse
544 2196 680 2267 medium,
708 2214 844 2270 organum
868 2205 896 2253 et
914 2198 1081 2267 vehiculum,
1104 2198 1203 2254 verba:
1216 2199 1280 2251 Hoc
1288 2197 1383 2266 facite
1394 2197 1424 2250 in
1436 2197 1491 2250 mei
1502 2196 1795 2251 commemorationem.
1822 2193 1944 2248 Exstant

246 2298 297 2351 per
315 2282 389 2352 quod
408 2283 675 2339 communicantibus
687 2285 869 2341 exhibeantur
883 2304 926 2341 res
938 2286 1079 2355 coelestes,
1105 2285 1134 2339 in
1143 2287 1206 2356 jure
1218 2283 1351 2339 canonico
1360 2283 1436 2338 dicta
1448 2290 1582 2349 veterum,
1603 2282 1743 2355 inquibus
1756 2299 1813 2337 non
1823 2297 1881 2336 um
1893 2279 1944 2335 sed

247 2384 346 2439 corpus
366 2368 473 2424 scilicet
491 2375 518 2424 et
534 2371 649 2442 sanguis
666 2370 778 2426 Christi.
802 2371 856 2427 llla
868 2390 934 2428 vero
947 2377 1079 2427 κοινωνία
1104 2378 1223 2444 ιιῐινιᾳαθ
1240 2371 1333 2443 specie
1343 2371 1436 2441 passio
1448 2371 1561 2426 Domini
1572 2371 1698 2426 denotari
1710 2370 1819 2439 dicitur,
1842 2386 1865 2424 a
1878 2385 1943 2422 cum

242 2456 325 2524 juxta
355 2454 528 2509 manifestam
554 2454 655 2510 Christi
677 2457 879 2513 institutionem
906 2463 934 2514 et
962 2457 1080 2529 apostoli
1104 2458 1242 2530 frangitur
1260 2459 1324 2516 dist.
1341 2464 1365 2514 2.
1384 2458 1418 2514 de
1436 2476 1555 2514 conseer.
1574 2475 1597 2514 a
1616 2457 1689 2525 Quia
1701 2461 1788 2511 morte
1801 2455 1865 2510 dist
1878 2453 1942 2513 ead.

248 2541 461 2596 declarationem
474 2543 685 2613 itaeomparate
696 2551 746 2614 est,
765 2552 797 2600 ut
810 2546 888 2615 panis
900 2546 937 2599 sit
948 2551 1079 2600 κοινωνία
1105 2546 1217 2603 Stanisl.
1236 2544 1383 2600 Grudicius
1402 2545 1432 2599 in
1449 2552 1520 2617 post
1537 2544 1588 2601 ier.
1607 2549 1632 2601 2.
1649 2543 1743 2615 pasch.
1761 2558 1841 2599 conc.
1854 2546 1884 2598 2:
1904 2540 1942 2595 In

246 2627 383 2698 corporis,
409 2627 504 2682 vinnm
524 2633 617 2683 autem
635 2631 749 2702 sanguis
767 2630 884 2696 Christi,
911 2649 945 2686 ae
962 2632 1079 2703 proinde
1104 2635 1191 2688 udam
1203 2633 1290 2688 rediit
1302 2634 1430 2687 Laturus
1442 2632 1584 2687 adeoiam
1593 2631 1701 2687 Cirieti
1711 2645 1813 2698 uocem,
1822 2629 1890 2684 dot.
1901 2632 1941 2681 ll.

246 2729 303 2767 una
323 2713 430 2784 speeies
447 2714 484 2767 ad
502 2716 710 2770 sacramentalis
730 2735 797 2772 usus
815 2717 1004 2789 integritatem
1024 2736 1079 2773 nou
1100 2722 1181 2790 filine
1204 2720 1307 2773 aidum
1332 2727 1358 2773 et
1376 2719 1445 2788 fitia
1470 2718 1691 2787 arctabynapopi
1711 2725 1769 2771 tum
1786 2718 1829 2770 ad
1848 2733 1942 2770 accan

245 2798 356 2854 sufficit
393 2806 415 2854 2.
437 2799 511 2856 Num
534 2817 599 2856 vero
616 2801 699 2871 plena
717 2810 746 2857 et
764 2804 889 2873 perlecta
906 2804 1019 2859 refectio
1037 2810 1080 2860 est
1104 2815 1163 2860 tum
1182 2809 1223 2859 ad
1239 2813 1343 2859 tactum
1360 2805 1422 2860 silio
1439 2805 1551 2874 quidem
1570 2804 1671 2868 loculi,
1695 2803 1740 2856 tic
1756 2819 1823 2857 aero
1840 2813 1943 2857 manue

246 2885 352 2957 absque
368 2886 458 2956 potu?
481 2886 584 2941 Medici
602 2888 717 2941 tradunt
735 2896 762 2943 et
780 2889 950 2959 experientia
968 2895 1080 2946 attesta-
1101 2892 1225 2961 puellae.
1266 2892 1351 2945 Vides
1374 2892 1537 2944 tantundem
1562 2908 1660 2959 unam,
1687 2896 1821 2959 quantum
1841 2888 1943 2959 piures

246 2977 305 3041 tur,
329 2971 452 3028 homines
475 2972 588 3044 gravim
612 2974 735 3045 torqueri
759 2974 806 3029 siti
831 2993 914 3047 quam
933 2976 1013 3032 ieme.
1051 2976 1080 3032 Si
1105 2978 1275 3033 ceremoniae
1297 2977 1399 3033 anime
1431 2978 1509 3045 Erpa
1531 2976 1561 3030 in
1581 2976 1754 3030 eucharistia
1778 2975 1943 3030 tantundem

246 3075 312 3131 ergo
329 3059 437 3130 species
456 3058 536 3128 panis
554 3059 692 3132 signifieat
709 3061 887 3118 reiectionem
904 3070 1013 3119 tantum
1031 3081 1080 3135 per
1104 3066 1154 3118 auh
1172 3083 1230 3118 aaa
1247 3064 1346 3134 epecie,
1365 3071 1499 3133 quantum
1517 3063 1569 3116 eut
1586 3070 1704 3132 utraque
1723 3062 1852 3116 sumitur.
1886 3060 1942 3116 Re·

247 3147 360 3202 modum
377 3146 448 3212 cibi,
469 3163 535 3219 ergo
553 3165 608 3203 non
627 3147 768 3219 significat
784 3149 936 3220 perfectam
953 3150 1079 3206 reiectio
1104 3150 1287 3222 spondemus:
1310 3157 1361 3206 l.a
1381 3165 1463 3220 posse
1481 3148 1517 3202 ad
1533 3165 1593 3204 esse
1610 3164 1666 3203 non
1676 3146 1752 3203 valet
1769 3164 1939 3220 consequeu-

246 3252 317 3290 nem.
352 3234 390 3288 Et
411 3234 538 3304 vicissim,
556 3235 578 3288 sl
599 3235 706 3307 specics
721 3236 779 3291 vini
796 3236 936 3309 signifieat
954 3237 1080 3293 refectio·
1104 3238 1151 3294 tia.
1189 3237 1252 3295 Non
1269 3254 1412 3309 negamus,
1433 3235 1666 3308 quemadmodum
1679 3234 1805 3290 Christus
1824 3235 1869 3289 vel
1882 3234 1941 3290 sols

247 3338 309 3377 nem
332 3326 440 3375 tantum
467 3338 517 3393 per
534 3327 645 3376 modum
661 3328 761 3394 potus,
784 3341 850 3395 ergo
868 3341 923 3379 non
941 3324 1082 3397 significat
1105 3341 1173 3381 voce
1197 3324 1242 3381 vel
1271 3331 1349 3380 tactu
1375 3341 1439 3378 cum
1463 3340 1530 3378 voce
1555 3324 1704 3393 conjuncto
1730 3321 1774 3377 sel
1792 3321 1852 3376 solo
1871 3328 1942 3376 nutu

246 3409 399 3480 perfectum
418 3409 605 3466 relectionem.
640 3415 663 3465 3.
677 3409 806 3465 Essentia
825 3427 857 3464 ac
875 3410 965 3467 forma
980 3411 1081 3467 encha-
1105 3412 1150 3468 vel
1178 3410 1304 3483 pluribus
1331 3410 1420 3465 modis
1445 3409 1564 3465 eundem
1588 3408 1717 3464 effectum
1744 3408 1942 3463 miraculosum

246 3496 340 3551 ristine
366 3496 492 3552 consistit
517 3497 547 3551 in
567 3497 711 3552 actiones
729 3497 839 3552 Christo
859 3498 974 3553 definita
990 3504 1019 3554 et
1036 3516 1081 3554 ex·
1106 3499 1198 3570 potuit
1216 3498 1377 3568 producere,
1395 3497 1434 3551 ita
1454 3496 1536 3552 etiam
1553 3495 1673 3551 eundem
1685 3493 1809 3566 potuisse
1820 3500 1942 3564 etposse

246 3599 355 3654 pressa,
381 3583 454 3637 sicut
478 3589 506 3637 et
526 3582 658 3654 baptismi
682 3600 715 3639 ac
735 3584 905 3655 reliquorum
925 3601 1078 3640 sacramen·
1106 3585 1159 3641 sub
1181 3601 1238 3640 una
1261 3585 1353 3655 specie
1372 3601 1422 3639 sen
1438 3584 1574 3639 elemento
1592 3580 1787 3637 sacramentali
1803 3586 1861 3635 tam
1881 3597 1942 3634 san·

246 3674 336 3723 terum
355 3668 452 3722 forma.
489 3667 571 3723 Actio
589 3669 638 3723 illa
658 3669 687 3722 in
705 3671 872 3725 eucharistia
888 3689 943 3726 non
962 3676 1004 3727 est
1019 3678 1080 3726 tan·
1106 3673 1220 3745 guinem
1246 3688 1329 3743 quam
1355 3687 1455 3740 eorpus
1482 3687 1563 3724 suum
1581 3667 1724 3736 exhibere,
1752 3668 1775 3722 si
1798 3666 1942 3723 voluisset

247 3760 306 3808 tum
325 3754 465 3809 benedieti
485 3755 564 3823 panis
581 3755 765 3820 manducatio,
784 3757 833 3812 sed
847 3757 930 3813 etiam
942 3756 1081 3813 benedicti
1106 3759 1235 3816 Noluisse
1259 3757 1332 3813 enim
1360 3757 1439 3811 illum
1462 3755 1621 3812 testamenti
1638 3754 1743 3810 amotio
1762 3753 1943 3810 manifestum

164 3848 188 3890 x.
202 3841 304 3896 anni
325 3840 432 3896 bibitio.
468 3839 545 3911 Ergo
568 3857 634 3894 usus
660 3840 756 3895 caliois
781 3849 906 3913 estpars
926 3843 1081 3899 essentialis
1106 3846 1187 3908 fecit,
1218 3846 1248 3898 in
1276 3861 1332 3915 qna
1357 3844 1460 3900 diserte
1484 3842 1563 3898 dieit:
1595 3842 1658 3897 Hoc
1679 3841 1778 3907 facite.
1814 3845 1838 3896 2.
1864 3838 1943 3898 Nihil

249 3925 438 3982 eucharistiae.
473 3933 497 3981 t.
517 3924 547 3981 Si
574 3927 680 3997 species
700 3927 756 3980 vini
775 3945 808 3983 ex
826 3928 1002 3985 concessione
1019 3930 1081 3985 Bel·
1107 3950 1173 4004 ergo
1192 3931 1228 3986 ad
1247 3946 1304 3985 rem
1324 3930 1444 4000 pertinet
1463 3929 1527 3985 talis
1544 3928 1687 4001 analogia,
1716 3943 1788 3999 qnae
1812 3943 1830 3982 a
1846 3925 1943 3983 liberis

247 4013 356 4068 larmini
375 4020 418 4069 est
438 4031 502 4085 pars
523 4012 668 4084 integralis
688 4020 716 4068 et
733 4015 897 4085 materialis,
916 4017 1013 4087 utique
1030 4018 1082 4072 erit
1106 4017 1267 4075 ceremoniis
1294 4016 1411 4071 actionis
1438 4016 1563 4087 privatae
1591 4022 1619 4071 et
1644 4014 1680 4069 ad
1697 4013 1882 4070 imitanonem
1897 4013 1943 4068 rel

247 4101 277 4154 in
296 4119 349 4155 usu
367 4101 548 4156 eucharistiae
570 4101 736 4160 necessaria.
773 4101 890 4158 Sublata
910 4104 983 4158 enim
1000 4111 1081 4175 parte
1107 4104 1342 4161 continuationem
1361 4119 1504 4174 nunquam
1522 4101 1675 4157 trahendae
1697 4100 1733 4155 ad
1756 4106 1942 4156 sacramenta-

246 4189 376 4260 integrali
400 4198 428 4244 et
450 4188 587 4244 materiali
611 4207 655 4244 res
681 4189 743 4259 ipsa
768 4207 823 4244 nou
850 4191 968 4261 amplius
988 4198 1081 4247 manet
1105 4191 1160 4246 lem
1188 4191 1325 4265 actionem
1351 4189 1514 4245 traducitur.
1555 4188 1617 4243 Hoc
1643 4192 1704 4242 erat
1727 4187 1944 4254 ostendendum,

246 4275 363 4347 integra.
401 4283 425 4332 5.
450 4277 479 4334 Si
505 4277 570 4331 unio
596 4273 721 4331 fidelium
745 4293 807 4330 cum
832 4275 940 4332 Christo
965 4282 993 4332 et
1009 4278 1081 4334 inter
1107 4283 1255 4349 postquam
1267 4276 1402 4332 Dominus
1420 4284 1594 4331 sacramente
1609 4275 1692 4330 certis
1710 4272 1943 4329 substantialibus

247 4380 277 4417 se
295 4364 397 4433 optime
415 4379 471 4416 una
490 4363 682 4432 solumspecie
696 4362 876 4434 significatur,
894 4382 944 4418 cur
955 4363 1081 4421 Christus
1106 4363 1247 4436 requisitis
1276 4380 1327 4418 sua
1359 4363 1531 4418 institutione
1561 4378 1690 4433 expresse
1717 4360 1944 4431 circumscripsit,

247 4449 300 4505 sub
327 4458 445 4522 utraque
471 4450 665 4505 eucharistiam
688 4450 831 4505 instituit?
862 4469 912 4506 cur
941 4452 1082 4523 primitiva
1106 4451 1223 4507 liberum
1250 4449 1383 4505 mansisse
1412 4450 1488 4521 apud
1513 4448 1608 4504 fideles
1635 4448 1681 4505 vel
1702 4448 1785 4503 etiam
1808 4447 1897 4503 libere
1916 4453 1945 4504 et

247 4536 365 4592 ecclesia
388 4542 535 4606 utramque
559 4536 680 4607 speciem
702 4537 866 4608 usurpavit?
907 4544 929 4594 6.
951 4538 1028 4603 Quae
1047 4541 1082 4596 de
1106 4538 1152 4608 pie
1173 4538 1279 4592 factum
1304 4552 1364 4591 esse
1386 4534 1422 4590 ab
1446 4535 1578 4605 apostolis
1603 4534 1720 4607 aliisque
1739 4533 1885 4603 fidelibus,
1912 4542 1945 4588 ut

247 4623 398 4679 efficientia
426 4623 591 4677 sacramenti
615 4622 739 4693 perfecte
765 4623 801 4679 ab
828 4641 885 4678 nna
910 4626 1001 4695 specie
1019 4644 1080 4697 pro·
1108 4641 1193 4678 unum
1218 4622 1263 4677 vel
1285 4621 1366 4692 plura
1393 4621 1583 4677 omitterentur
1608 4639 1672 4676 cum
1692 4620 1747 4676 Dei
1765 4619 1943 4691 beneplacito

248 4715 377 4766 manente
410 4710 604 4780 disputantur,
638 4708 821 4764 fundamento
854 4711 1082 4768 concomitantiae
1107 4715 1135 4766 et
1154 4708 1233 4764 salva
1250 4707 1411 4779 integritate
1429 4708 1635 4763 sacramenti.*¹¹

248 4797 381 4853 nituntur.
417 4794 462 4850 De
484 4794 610 4850 efficacia
634 4795 799 4850 sacramenti
817 4795 993 4866 eucharistici¹
1006 4799 1081 4869 judi·
1143 4801 1183 4851 54.
1219 4793 1286 4865 Cap.
1312 4798 1353 4850 23.
1378 4799 1494 4848 conatur
1516 4793 1701 4851 Bellarminus
1725 4793 1859 4866 probare,
1886 4802 1991 4849 nouat

248 4885 368 4938 candum
400 4887 442 4938 est
473 4899 507 4936 ex
537 4881 649 4953 propria
677 4881 858 4936 institutionis
890 4883 971 4954 sede,
1010 4903 1082 4957 quae
1107 4883 1238 4953 majorem
1264 4879 1413 4935 utilitatem
1438 4880 1510 4934 sumi
1534 4895 1566 4935 ex
1585 4879 1775 4936 communione
1794 4879 1848 4936 sub
1867 4864 1991 4959 utra-fif}

248 4971 381 5039 ostendit,
408 4968 549 5022 mediante
572 4985 644 5037 pane
670 4968 832 5022 manducari
851 4986 949 5042 corpus
969 4971 1080 5039 Christi,
1106 4985 1159 5039 que
1177 4966 1277 5038 specie,
1295 4981 1379 5037 quam
1395 4965 1448 5019 sub
1469 4983 1533 5021 uua.
1567 4965 1792 5037 Respondemus:
1817 4966 1940 5024 1.Alen·
1955 4958 1991 5052 2¹²:

249 5055 323 5125 quod
342 5074 391 5126 pro
406 5055 486 5110 nobis
504 5055 533 5108 in
554 5060 668 5109 mortem
687 5055 835 5126 traditum,
860 5056 998 5112 mediante
1016 5058 1080 5113 vino
1105 5054 1142 5107 tis
1159 5058 1230 5122 ptri·
1252 5057 1276 5107 4·
1295 5057 1402 5123 quaest.
1423 5058 1462 5107 53·
1486 5052 1600 5108 membr.
1622 5058 1644 5107 l·
1682 5051 1788 5125 Cfflptr
1797 5052 1941 5109 Castalius
1956 5072 1991 5104 ιν

244 5140 307 5195 bibi
335 5142 497 5213 sanguinem
522 5140 625 5195 Christi
650 5140 679 5194 in
706 5157 755 5195 ara
781 5142 871 5197 crucis
889 5161 939 5213 pro
958 5144 1081 5214 peccatis
1104 5140 1153 5196 lib
1173 5144 1197 5194 2.
1217 5140 1251 5192 de
1267 5155 1354 5194 coena
1374 5157 1396 5195 c.
1417 5145 1458 5196 25.
1496 5138 1598 5211 Georg.
1612 5138 1767 5195 Cassander
1787 5141 1823 5196 de
1841 5158 1941 5196 comm.
1955 5115 1991 5216 ἑξ..

246 5227 346 5281 nostris
369 5229 495 5283 effusum.
533 5235 557 5285 7.
582 5227 611 5284 si
639 5227 715 5282 nullo
740 5229 823 5284 modo
848 5247 905 5284 nna
921 5231 1027 5301 species
1043 5230 1079 5284 ab
1106 5226 1158 5281 sub
1173 5225 1332 5296 unaspecie
1344 5221 1371 5281 e't
1383 5243 1415 5281 ex
1428 5230 1508 5296 parte
1521 5224 1651 5279 Ruardus
1663 5225 1810 5298 Tapperus
1819 5227 1943 5283 decanus
1954 5220 1991 5260 '⁸'

247 5314 302 5368 ulia
323 5315 433 5383 pendet,
452 5323 484 5371 ut
502 5314 538 5369 sit
556 5322 768 5384 sacramentum,
782 5316 1079 5386 quomodoconcilium
1104 5311 1285 5366 Louaniensis
1298 5330 1331 5367 ex
1342 5312 1409 5382 ipsis
1421 5312 1574 5368 Pontificiis
1585 5312 1637 5367 hoc
1649 5320 1763 5384 negant.
1794 5319 1817 5370 2.
1828 5314 1942 5370 Funus·
1954 5280 1991 5322 ⁸1³·

246 5399 457 5456 Constantiense
474 5408 502 5456 et
518 5402 711 5458 Tridentinnm
733 5402 842 5471 deant,
867 5402 1007 5457 Christum
1027 5402 1079 5456 sub
1105 5405 1229 5455 mentum
1247 5416 1341 5455 eorum
1360 5400 1494 5466 omnium,
1515 5417 1587 5471 qnae
1605 5398 1791 5455 Bellarminus
1808 5400 1862 5456 hoc
1880 5399 1945 5458 loco

245 5493 364 5557 utraque
381 5487 472 5557 specie
492 5488 686 5543 eucharistiam
706 5487 878 5545 instituisse?
905 5496 926 5545 8.
939 5489 1009 5544 Pars
1024 5506 1080 5544 una
1105 5486 1234 5557 adducit,
1261 5492 1304 5542 est
1321 5486 1548 5557 concomitantia,
1567 5485 1603 5542 de
1620 5502 1676 5557 qua
1694 5488 1830 5558 superius.
1867 5494 1892 5544 t.
1913 5488 1944 5544 Si

244 5590 387 5649 nunquam
404 5581 446 5630 est
463 5579 561 5646 totum,
581 5591 672 5648 neque
691 5592 827 5648 unapars
846 5575 966 5632 absolvit
979 5582 1078 5633 totum.
1103 5591 1159 5632 uon
1179 5574 1297 5631 sumitur
1312 5573 1403 5646 major
1420 5571 1526 5629 utilitas
1545 5587 1579 5630 ex
1595 5573 1853 5648 conmunionejmb
1866 5581 1943 5633 utra·
