3998 6024
238 243 297 303 itt
833 236 955 294 LOCUS
974 235 1179 292 VIcasmus
1197 234 1343 292 PRIMUS

234 408 302 445 sens
319 400 466 461 utrumqne
484 391 514 443 in
526 393 654 460 potentio
671 398 699 445 st
715 393 839 456 confusa
875 390 1028 464 Gregorius
1040 392 1074 446 de
1100 406 1225 459 sensum,
1243 389 1358 443 alteram
1376 388 1413 443 sd
1431 388 1617 452 intellectum:
1646 388 1675 444 in
1695 389 1745 444 illa
1762 405 1808 444 res
1825 395 1941 446 externa

237 478 346 534 Valent.
365 486 461 534 contra
478 477 690 534 Heerbrandnm
707 477 747 531 sio
763 477 889 533 resolvit:
916 480 979 532 Hor
998 481 1072 546 (sub
1099 477 1225 531 sensibus
1253 476 1336 530 obvia
1362 483 1390 530 et
1415 493 1467 546 per
1491 493 1522 530 se
1545 481 1612 532 nota
1632 494 1688 531 non
1706 477 1882 545 nominatum
1912 477 1941 531 in

236 565 384 628 ιισιιιίσνιι,
409 566 515 633 inquit,
535 572 633 631 totam,
651 582 734 632 quom
753 565 880 617 mundus
901 567 1008 618 unebot
1025 569 1072 618 dc·
1098 562 1150 617 hac
1167 580 1231 618 reto
1250 579 1294 617 ret
1312 561 1455 617 intellecta
1474 569 1505 617 ut
1522 563 1612 617 minue
1630 569 1697 618 nota
1713 571 1743 617 et
1759 564 1997 633 praestantis-1¹.

235 652 436 719 monstrando)
461 658 500 702 est
523 667 625 718 corpus
643 668 740 703 meum.
775 650 905 705 Costerus
924 651 952 704 in
970 652 1072 706 enchir.
1098 649 1167 702 sima
1193 648 1223 702 in
1247 647 1406 717 praedicato
1435 647 1580 704 evolvitur.
1616 648 1690 704 Vide
1713 648 1797 720 plura
1824 649 1862 705 de
1884 649 1940 705 hae

236 756 263 808 p.
288 743 346 791 350.
370 737 409 789 ιιι
426 736 550 790 resolvit:
580 737 643 788 Hos
661 736 767 805 ipsum,
794 739 872 805 quod
889 738 966 790 vobis
985 741 1071 791 trudo
1097 734 1284 804 propositione
1301 730 1475 808 ιιιρσιιιιιξ.
1493 739 1534 790 81.
1551 733 1666 790 membr.
1679 740 1704 793 ι.
1715 738 1742 805 ι.
1752 741 1795 792 93.
1806 742 1920 806 portet

236 823 476 883 mondueoncinn
502 829 542 873 est
567 838 670 889 corpus
688 840 786 876 nsum
821 822 983 879 Pistoriae
976 841 1003 876 m
1023 823 1071 878 ho·
1135 826 1191 875 135.
1211 819 1314 874 Contra
1338 819 1444 874 hanc
1429 817 1576 888 ιῖνάιυσιν,
1603 836 1677 892 quae
1696 839 1729 876 ex
1748 821 1842 877 trabis
1859 821 1939 876 Chri·
1952 827 1997 867 nn

237 909 298 979 deg
317 926 343 978 p.
363 912 425 962 338:
452 908 528 975 Hoc,
553 908 585 959 id
602 915 643 960 est
662 908 708 960 bio
724 909 1005 963 transsubstantiatus
1019 928 1070 979 po·
1097 905 1132 958 eti
1160 904 1321 975 simphciter
1346 912 1375 959 et
1400 904 1512 975 proprie
1540 905 1600 959 sine
1623 905 1680 961 ullo
1697 911 1779 977 tropo
1797 906 1939 963 rhetorico
1953 881 1997 971 :ini

234 996 279 1048 nis
299 995 342 1047 sel
361 994 405 1045 bio
420 995 508 1062 panis
526 1001 659 1061 tanquam
679 995 770 1062 σιίσι,
792 995 835 1047 oei
854 995 918 1059 boc,
938 998 1015 1065 qnod
1031 1004 1070 1049 est
1096 990 1218 1060 acceptis
1238 990 1395 1046 immediate
1417 990 1544 1060 profluit,
1570 989 1642 1045 nihil
1668 991 1751 1047 solidi
1769 991 1854 1048 affert
1871 992 1938 1049 Bel-
1952 983 1997 1074 23:

235 1081 284 1133 sui
313 1081 376 1132 istis
398 1079 546 1147 speciebus.
587 1078 679 1142 Quare
702 1097 765 1134 cum
789 1086 831 1135 tot
850 1097 906 1135 non
924 1083 1011 1136 solum
1031 1083 1070 1136 di-
1096 1075 1238 1130 larmirus
1269 1074 1417 1143 Concedit,
1438 1076 1544 1146 quod'
1531 1095 1562 1130 sn
1576 1078 1821 1145 propositionibus
1841 1096 1939 1147 speso-
1952 1095 1997 1178 pta

233 1182 340 1229 versas,
369 1167 417 1220 sed
447 1166 530 1220 etiam
554 1166 685 1220 adversae
711 1168 853 1237 opiniones
876 1169 913 1223 ds
935 1169 1072 1239 particula
1097 1162 1221 1216 docbt'dt
1241 1165 1276 1216 dt
1296 1180 1327 1215 rt
1347 1164 1500 1216 continebit
1519 1171 1546 1217 tt
1566 1171 1694 1217 contenit
1709 1181 1868 1235 pronomen
1886 1137 1997 1219 boam
1952 1190 1997 1228 nan

233 1254 351 1325 δεικιικῇ
379 1252 505 1316 foveant,
538 1269 592 1306 non
622 1260 773 1321 potnerunt
801 1270 834 1308 ex
859 1254 949 1308 verbis
968 1254 1070 1309 Christi
1093 1249 1185 1316 possit
1223 1251 1416 1303 demonstrare
1451 1249 1616 1302 alter-rmum
1656 1250 1816 1321 (utrumque
1845 1251 1985 1331 dicere„
1952 1241 1986 1280 ‘⁸¹

234 1337 571 1392 manmubstsntiationem
589 1355 668 1391 suam
680 1338 862 1394 rnfslhbrhter
873 1341 1069 1395 demonstrare
1098 1334 1209 1398 debuit,
1237 1342 1268 1389 ut
1295 1335 1467 1405 mbssquens
1495 1335 1642 1405 explicatio
1663 1336 1811 1405 obtendit),
1844 1339 1877 1392 id
1895 1293 1985 1394 estun

234 1429 257 1478 b.
284 1423 336 1478 Est
361 1424 473 1495 quidem
501 1423 670 1478 communior
696 1425 835 1480 sententia
852 1426 1070 1495 Pontificierum,
1097 1428 1153 1474 tam
1171 1439 1230 1474 rem
1249 1421 1446 1484 committit,
1471 1438 1556 1489 duam
1574 1438 1634 1474 teti·
1652 1429 1827 1493 commit
1858 1423 1940 1478 addit

233 1510 448 1581 propositionem
472 1509 573 1563 Christi
601 1511 640 1563 sie
657 1511 850 1566 resolvendam
866 1528 938 1577 esse,
961 1514 1013 1567 ioc
1031 1523 1072 1566 est
1097 1522 1178 1576 vero,
1209 1508 1238 1559 in
1264 1507 1436 1560 eucban'stiu
1461 1524 1518 1560 non
1544 1508 1729 1562 sumariam
1752 1511 1858 1577 petits
1889 1511 1942 1563 ⁸⁶6

234 1615 336 1666 corpsw
356 1613 452 1664 meum,
470 1597 503 1648 id
521 1604 562 1649 est
582 1598 661 1664 qnod
676 1598 727 1648 rub
745 1600 837 1666 specis
850 1600 937 1668 panis
951 1602 1070 1653 consins-
1097 1593 1160 1646 sota
1178 1593 1448 1646 accusationum
1467 1593 1568 1646 totns
1585 1595 1630 1647 rei
1645 1594 1822 1651 σοιιίιιιιιιιι.
1856 1594 1940 1650 Unde

235 1692 294 1750 tur,
318 1692 359 1736 est
382 1701 484 1751 eorpus
506 1699 604 1734 tasum.
640 1682 695 1738 Sed
713 1680 845 1744 ἀνάλυσις
860 1684 910 1738 illa
927 1685 1071 1741 manifeste
1096 1694 1162 1733 vero
1191 1677 1243 1732 boc
1270 1678 1388 1748 probati
1430 1682 1454 1734 1,
1484 1679 1519 1733 Si
1538 1681 1651 1735 adsim
1667 1680 1761 1734 adime
1781 1682 1940 1735 ωόσιαιιιία

235 1769 305 1839 petit
333 1766 514 1837 principium,
546 1768 581 1821 de
610 1785 641 1822 eo
671 1768 743 1823 enim
773 1771 928 1840 quaeritur,
958 1789 995 1825 sn
1017 1772 1070 1827 sub
1095 1766 1189 1834 ponit,
1210 1773 1281 1818 wei
1299 1764 1381 1818 timtd
1401 1782 1462 1817 tum
1480 1782 1599 1833 torpore
1614 1764 1722 1820 Christi
1737 1783 1786 1820 m
1799 1775 1939 1835 emto,

235 1852 381 1923 speciebus
405 1858 513 1906 ιιιιιιιιιι
534 1853 615 1922 panis
641 1870 741 1923 corpus
765 1855 867 1910 Christi
888 1857 1071 1926 contineatur,
1097 1859 1123 1905 ot
1147 1852 1270 1920 proinde
1293 1851 1375 1915 fulto
1400 1859 1469 1904 esset
1489 1853 1653 1921 propositio
1673 1852 1793 1921 Christi,
1826 1854 1880 1908 hoo
1899 1862 1938 1907 est

235 1938 342 1993 abolita
364 1937 444 2008 panis
467 1938 629 1993 substantia
672 1938 745 2003 Quin
769 1941 823 1995 imo
846 1942 943 1996 eodem
961 1944 1027 2012 jure
1044 1952 1072 1998 et
1097 1955 1200 2006 eorpus
1215 1954 1314 2006 mcum,
1337 1937 1365 1990 si
1381 1938 1423 1990 ibi
1440 1945 1530 1992 essent
1547 1940 1622 1992 duas
1638 1940 1821 1994 ιιιινισιιιισσ.
1858 1939 1892 1994 ld
1911 1941 1939 1993 in

236 2023 307 2078 eitra
328 2023 413 2077 ullam
437 2023 637 2079 absurditatem
655 2025 695 2079 sio
715 2025 815 2081 resolvi
832 2034 935 2096 potest:
960 2028 1011 2083 hoc
1029 2037 1071 2083 est
1096 2022 1328 2093 praecedentibus
1346 2022 1386 2077 sie
1406 2022 1543 2078 declarat:
1577 2023 1645 2079 Chim
1664 2026 1876 2081 &mandentur
1893 2043 1939 2081 res

237 2123 338 2178 eorpus
357 2110 504 2176 meum,id
524 2111 629 2176 estid,
652 2111 727 2182 quod
747 2111 897 2182 subponis
915 2116 1072 2169 substantia
1098 2117 1239 2177 comem,
1271 2110 1477 2162 dimittimini·
1508 2127 1566 2162 “M
1596 2125 1642 2164 ιιι
1667 2117 1775 2165 tanum
1799 2119 1828 2166 tt
1849 2112 1938 2166 waltt-

235 2194 405 2257 continetur,
432 2201 474 2248 est
500 2211 602 2265 corpus
625 2213 724 2250 meum.
768 2197 903 2252 Nimirum
927 2199 1072 2269 probanda
1098 2196 1204 2248 duntur
1223 2212 1317 2248 omnes
1333 2194 1424 2257 oliae,
1452 2212 1524 2263 quae
1545 2196 1588 2248 iii
1605 2196 1744 2250 σσιιιιιισιι
1757 2206 1890 2268 poemat,
1912 2206 1937 2251 et

235 2280 312 2350 prius
336 2286 395 2335 erat
419 2280 591 2336 substantiae
615 2282 698 2353 panis
715 2282 844 2352 abolitio,
864 2292 1014 2355 antequam
1031 2287 1071 2340 sio
1093 2281 1218 2349 proinde
1243 2297 1275 2333 ss
1299 2281 1383 2333 modo
1405 2281 1545 2334 commoni
1567 2280 1703 2350 loquendi
1721 2283 1807 2348 saiso
1828 2291 1870 2337 est
1890 2285 1937 2338 as-

234 2367 415 2421 resolverent:
442 2367 526 2429 Quod
540 2370 589 2420 art
607 2371 686 2422 nucia
697 2370 787 2438 ponis
800 2371 892 2437 specie
906 2373 1071 2436 continetur,
1097 2367 1278 2431 monstratio,
1302 2365 1330 2418 si
1342 2365 1433 2434 plura
1451 2366 1654 2422 contineantur.
1694 2367 1779 2423 Verbi
1798 2370 1897 2438 pratia
1912 2370 1939 2424 si
1949 2379 1953 2385 ’

235 2462 273 2505 est
297 2471 400 2522 sorpta
428 2472 522 2508 nisum.
565 2455 664 2509 Merito
688 2455 774 2526 igitur
797 2455 833 2510 D.
851 2455 990 2512 Lutherus
1008 2474 1071 2512 eon·
1097 2454 1160 2521 quis
1179 2452 1325 2514 usitatio,
1349 2452 1397 2503 tbi
1410 2452 1448 2504 tii
1466 2452 1561 2506 vitum
1579 2461 1605 2506 tt
1626 2453 1732 2523 onum,
1749 2456 1856 2527 ,dionis
1886 2456 1938 2511 boc

233 2545 278 2592 tra
299 2538 472 2599 adversarios
497 2547 580 2610 urget
602 2539 655 2595 hoc
681 2548 886 2612 argumentum:
919 2542 957 2596 at
976 2543 1071 2596 solans
1098 2548 1137 2592 est
1155 2540 1259 2605 vinnm,
1276 2538 1434 2600 fraudator
1452 2545 1594 2607 σσιιισισν,
1622 2539 1698 2594 iilud
1715 2541 1791 2595 enim
1808 2542 1878 2605 (ior
1898 2550 1938 2596 set

230 2624 405 2693 particulam
428 2626 480 2679 tos
501 2635 600 2679 notare
623 2635 780 2680 contentum
804 2629 854 2681 sub
871 2630 963 2697 specie
975 2630 1071 2697 ponis,
1097 2626 1207 2693 uinum)
1236 2641 1268 2678 ao
1293 2626 1377 2678 modo
1399 2626 1539 2696 communi
1564 2626 1699 2694 ιυρισικιι
1720 2626 1879 2698 ambient,
1908 2629 1938 2682 in

234 2719 265 2764 ut
287 2729 464 2780 newaquom
488 2713 525 2764 ait
548 2730 657 2775 senua,
682 2731 744 2766 cum
761 2714 812 2767 boc
830 2722 878 2767 out
895 2716 946 2767 sub
963 2716 1014 2768 ιισσ
1032 2724 1071 2768 est
1096 2713 1148 2765 boe
1164 2711 1242 2765 dolio
1258 2711 1330 2764 nibil
1351 2718 1390 2763 est
1409 2711 1467 2763 nisi
1477 2712 1578 2767 uinum.
1608 2713 1685 2767 Puri
1696 2714 1819 2782 ratione,
1834 2717 1863 2768 ss·
1875 2715 1938 2783 φιίι

235 2812 338 2865 corpus
355 2815 459 2866 meum,
484 2816 540 2850 non
555 2806 688 2866 poterant
707 2800 817 2852 dicere:
840 2800 891 2852 sub
907 2800 951 2852 bis
968 2802 1070 2868 speon
1097 2799 1133 2851 do
1161 2799 1307 2865 marsupio
1332 2798 1418 2866 pleno
1439 2798 1547 2866 partim
1572 2816 1658 2868 auro,
1678 2801 1791 2868 partim
1818 2811 1938 2872 arpenta

235 2883 285 2936 iar
303 2886 391 2953 panis
417 2893 458 2937 ast
477 2902 587 2953 eorpus.
625 2884 659 2938 Si
679 2901 744 2938 uero
761 2885 922 2953 propositio
940 2886 994 2939 illo
1006 2894 1070 2954 pot·
1097 2885 1192 2938 dicat.-
1222 2883 1272 2937 boo
1299 2892 1339 2936 est
1363 2901 1478 2948 auruns;
1506 2885 1549 2939 oei
1572 2886 1607 2938 de
1624 2903 1707 2941 sueoo
1721 2887 1812 2956 pleno
1824 2888 1939 2957 partim

235 2976 276 3022 est
299 2970 384 3037 serre
409 2970 526 3023 iliorum
552 2970 822 3038 interpretationem,
855 2973 906 3024 sub
929 2973 1071 3039 speciebus
1097 2969 1205 3036 tritico,
1217 2970 1328 3042 partim
1347 2987 1454 3035 anano,
1473 2970 1597 3023 durrat:
1614 2971 1711 3040 accipe
1729 2978 1757 3025 st
1772 2981 1865 3043 ιιισισ,
1886 2974 1938 3028 boo

186 3101 187 3104 ,
231 3055 318 3123 panis
338 3063 379 3107 est
397 3072 501 3123 corpus
519 3072 617 3122 meum,
634 3056 737 3124 poterit
756 3057 840 3110 etiam
857 3059 1071 3119 turonensem
1097 3056 1171 3109 enim
1189 3062 1229 3108 est
1248 3055 1380 3121 triticum,
1398 3056 1531 3123 deceptor
1543 3057 1621 3123 juro
1631 3057 1788 3112 iubentur.
1824 3060 1938 3115 Eodem

234 3138 382 3204 iviinosr,
396 3142 490 3210 sieque
508 3141 580 3194 nihii
597 3141 739 3194 coriciudit
755 3151 945 3209 ornamentum
963 3162 995 3198 es
1012 3163 1071 3199 oer-
1097 3142 1183 3211 igitur
1207 3143 1290 3195 modo
1317 3141 1371 3193 ilio
1392 3140 1492 3204 uerbo,
1522 3141 1573 3194 hoc
1591 3150 1631 3195 est
1649 3159 1751 3211 corpus
1769 3160 1879 3210 meum,
1906 3162 1939 3199 aa

235 3226 278 3280 bis
295 3227 478 3281 institutionis
492 3228 618 3296 petitum.
655 3232 679 3282 6.
701 3226 825 3282 Christus
842 3245 899 3283 non
916 3230 1005 3284 utitur
1018 3229 1070 3285 hac
1097 3229 1180 3282 modo
1207 3228 1346 3281 communi
1375 3227 1511 3296 loquendi
1529 3228 1670 3298 quidquid
1686 3231 1724 3284 sit
1741 3231 1777 3284 ds
1794 3232 1938 3302 metaphy-

235 3313 434 3383 propositione:
461 3313 540 3383 penis
565 3319 608 3367 est
626 3330 726 3384 corpus
747 3332 847 3385 meum,
865 3316 913 3372 sed
930 3315 993 3372 ills:
1019 3319 1070 3372 ior
1095 3314 1163 3367 sicis
1186 3312 1399 3381 subtilitatibus,
1431 3313 1605 3382 agnitioni,
1637 3315 1688 3368 sub
1713 3314 1775 3369 iliis
1792 3318 1938 3386 marinus

234 3407 274 3454 est
301 3418 403 3468 corpus
425 3417 522 3455 mcum.
563 3398 694 3462 Quamvis
716 3417 781 3456 vero
805 3401 923 3471 priorem
947 3421 1002 3458 non
1021 3405 1067 3458 im·
1096 3418 1152 3454 non
1175 3402 1271 3467 fuisse
1298 3400 1383 3454 aiirsd
1411 3418 1494 3468 quom
1522 3418 1624 3469 corpus
1651 3402 1786 3471 Domini,·
1813 3404 1843 3456 si
1865 3406 1938 3458 σιιισι

234 3486 397 3556 probemus,
425 3503 489 3539 enm
512 3491 540 3540 et
564 3491 671 3541 retexes
700 3494 729 3541 et
748 3489 914 3543 recentiores
938 3491 1070 3546 ecclesiae
1086 3487 1197 3554 ftitttt
1216 3487 1301 3540 etiam
1316 3487 1417 3555 Petit,
1436 3487 1574 3541 subimus
1596 3487 1735 3541 Dominus
1752 3488 1865 3558 dicero,
1882 3491 1936 3559 iio,

234 3570 361 3625 doctores
387 3573 415 3624 in
438 3588 506 3625 sano
529 3589 611 3626 sensu
634 3589 668 3626 ea
691 3570 820 3642 utantur,
851 3581 944 3630 tamen
973 3576 1070 3632 distin·
1096 3573 1128 3626 id
1148 3573 1234 3625 estin
1253 3573 1404 3641 herpone,
1423 3580 1462 3625 est
1479 3590 1582 3643 eorpus
1598 3591 1695 3642 meum,
1714 3581 1764 3627 asst
1781 3584 1866 3641 oerts,
1886 3577 1937 3631 ios

234 3656 348 3727 guenda
365 3661 408 3710 est
425 3673 443 3709 a
459 3657 616 3726 posteriori,
640 3675 696 3728 qua
713 3658 772 3728 ipsc
789 3659 915 3714 Christus
934 3670 978 3716 est
994 3680 1069 3731 usus,
1087 3677 1150 3713 non
1178 3667 1284 3712 taatrtm
1314 3666 1353 3712 est
1381 3659 1483 3727 ponis,
1513 3661 1565 3712 sed
1594 3661 1678 3714 σιισιιι
1708 3677 1811 3729 eorpus
1835 3680 1936 3718 meum.

233 3741 263 3795 in
290 3758 347 3811 qus
368 3758 519 3811 pronomen
543 3742 597 3796 hoe
616 3743 731 3797 denotat
748 3745 860 3816 quidem
878 3763 990 3815 panem,
1020 3750 1068 3803 sed
1096 3744 1320 3812 Respondemus:
1339 3760 1431 3814 nugae
1448 3743 1501 3799 hae
1519 3751 1585 3799 sunt
1600 3745 1688 3816 gerris
1708 3744 1810 3801 Siculis
1827 3748 1935 3804 inanio-

234 3844 290 3882 non
306 3827 409 3896 solum,
431 3845 526 3882 rerum
543 3836 632 3882 totum
650 3834 903 3903 συμπεπλεγμένον
921 3833 979 3888 sive
998 3850 1069 3888 eom·
1096 3848 1147 3886 res·
1194 3830 1278 3884 Panis
1301 3828 1457 3883 substantia
1482 3835 1542 3884 erat
1565 3832 1684 3886 extemis
1705 3833 1834 3889 sensibus
1853 3834 1936 3891 obvia

234 3913 361 3985 plexum,
387 3920 418 3968 ut
440 3914 567 3983 superius
587 3910 614 3987 ᾖ.
633 3919 674 3968 83.
692 3913 800 3984 aliquot
816 3919 987 3987 argumentis
1006 3937 1069 3974 oon·
1096 3916 1225 3984 (mediate
1251 3915 1359 3970 scilicet
1386 3931 1436 3986 per
1462 3917 1642 3985 accidentis),
1670 3935 1726 3973 nou
1750 3918 1840 3990 igitar
1865 3938 1936 3993 opus

234 3997 412 4054 firmavimus.
454 3998 483 4054 Si
510 3999 688 4053 denotaretur
710 4000 784 4054 solus
808 4002 904 4070 panis,
933 4022 1070 4075 quaenam
1096 4010 1168 4069 erat,
1205 4008 1236 4056 ut
1276 4002 1304 4055 in
1340 4001 1501 4071 praedicato
1536 4003 1733 4073 exprimeretur
1767 4012 1797 4059 et
1827 4005 1934 4062 intelle

233 4084 306 4140 foret
330 4086 500 4140 constructio
523 4085 704 4156 grammatica
725 4084 806 4159 ἄρτος
823 4092 924 4143 sonet
948 4091 1070 4147 sideno
1095 4088 1152 4142 otui
1201 4087 1404 4151 notificaretur,
1462 4088 1510 4142 sed
1552 4088 1708 4160 principale
1743 4095 1771 4145 et
1806 4092 1935 4149 sensibus

234 4176 340 4226 taretur
356 4171 445 4225 solum
464 4189 580 4241 corpus,
599 4173 751 4242 propositio
769 4174 841 4229 foret
858 4175 985 4232 identiea
1021 4179 1071 4234 Est
1096 4173 1186 4227 minua
1221 4173 1346 4239 obvium,
1384 4173 1459 4242 quod
1497 4172 1563 4242 paui
1603 4179 1664 4228 erat
1695 4178 1935 4235 sacramentaliter

233 4256 320 4328 igitur
337 4257 488 4327 propositio
509 4257 724 4313 demonstrativa
740 4265 768 4314 et
786 4260 950 4330 exhibitiva,
968 4265 996 4317 in
1015 4282 1071 4336 qus
1096 4260 1219 4326 unitum,
1257 4264 1317 4312 erat
1354 4258 1560 4328 exprimendum
1593 4264 1622 4314 et
1657 4260 1812 4316 intellectui
1843 4262 1934 4319 notiti-

234 4343 391 4412 subjeotum
409 4347 499 4397 totum
517 4350 595 4398 notat
615 4345 800 4414 complexum,
818 4348 1006 4416 praedicatum
1026 4367 1070 4405 ex·
1097 4346 1225 4401 candum.
1267 4344 1504 4408 Quem³d11¹0dum
1531 4361 1596 4400 '010
1619 4346 1773 4402 tecundum
1799 4348 1936 4405 mimum

233 4427 328 4499 primit
345 4427 456 4499 dignius
478 4436 507 4484 et
523 4429 616 4484 senam
633 4431 723 4486 minus
743 4433 871 4501 obvium3
895 4433 991 4489 harum
1008 4454 1070 4506 pro.
1096 4431 1228 4502 loquendi
1254 4430 1366 4484 modum
1393 4435 1502 4484 ostenso
1529 4437 1558 4485 et
1583 4431 1706 4487 exhibito
1735 4432 1827 4503 dolio,
1858 4434 1935 4506 quod

232 4516 400 4586 positionum
428 4514 638 4570 fundamentum
666 4523 711 4572 est
735 4534 826 4573 rerum
855 4521 973 4576 duarum
997 4523 1071 4588 unio,
1097 4518 1191 4572 vinum
1212 4517 1343 4585 eontinet,
1362 4517 1438 4570 dico:
1457 4516 1509 4573 hoe
1528 4525 1571 4571 est
1587 4518 1697 4587 riuum,
1717 4524 1830 4576 ostenso
1846 4526 1934 4577 etex·

232 4601 391 4671 conjunctio
424 4608 452 4655 et
480 4600 645 4658 simultanea
672 4603 819 4673 exhibitio,
850 4604 923 4660 sicut
949 4608 977 4662 in
998 4625 1070 4663 com·
1097 4603 1185 4658 bibito
1214 4603 1368 4673 marsupio:
1401 4602 1453 4656 hoc
1478 4608 1521 4656 est
1545 4604 1664 4673 ριιιιιιιι
1690 4610 1743 4663 etc.
1774 4605 1816 4660 ita
1846 4615 1879 4662 ut
1905 4608 1934 4662 in

232 4688 307 4744 muni
331 4702 458 4742 sermone
477 4695 628 4742 monstrato
650 4688 725 4743 dolio
743 4689 874 4755 dicimus,
901 4691 954 4748 hec
973 4703 1014 4748 est
1031 4681 1072 4747 vil
1097 4688 1256 4759 praedicato
1281 4689 1451 4758 exprimetur
1473 4705 1538 4759 pars
1562 4689 1672 4761 dignior
1696 4697 1724 4747 et
1741 4691 1935 4763 principalior,

230 4791 311 4841 nam3
337 4781 366 4830 et
392 4773 522 4828 exhibitis
547 4773 659 4843 loculis,
684 4775 737 4830 hoe
756 4782 799 4830 eat
815 4778 935 4846 pecunia
952 4778 1004 4833 tibi
1022 4781 1069 4835 de·
1096 4777 1183 4830 altera
1200 4792 1296 4829 sensns
1312 4774 1420 4844 judicio
1438 4775 1550 4844 relicta;
1568 4776 1608 4829 ita
1626 4775 1753 4833 Christus
1772 4784 1886 4835 ostenso
1906 4788 1935 4835 et

230 4859 297 4923 bita,
317 4860 366 4915 ubi
384 4860 463 4915 nulla
483 4867 526 4915 est
543 4861 817 4917 transsubstantiatio
834 4863 927 4918 dolii
918 4881 948 4919 ιιι
966 4866 1069 4933 vinum,
1096 4861 1217 4917 exhibito
1237 4878 1310 4932 pane
1328 4860 1475 4916 benedicto
1495 4868 1571 4917 recte
1594 4863 1676 4918 dixit:
1702 4864 1752 4917 hoc
1771 4872 1813 4919 est
1830 4883 1935 4936 corpus

229 4947 273 4999 rel
296 4946 409 5002 loculi
401 4965 431 5001 m
448 4947 609 5018 pecuniam,
633 4948 683 5002 sed
700 4949 844 5019 utriusque
862 4951 1021 5020 conjunctio
1041 4958 1070 5006 et
1096 4966 1200 5014 mouns,
1218 4949 1258 5003 ita
1275 4954 1307 5002 ut
1325 4947 1354 5000 in
1371 4934 1531 5018 praedieato
1550 4954 1579 5003 et
1596 4949 1739 5005 nominata
1756 4956 1785 5006 et
1802 4967 1936 5022 exprem

230 5033 379 5100 conjuncta
397 5033 538 5088 exhibitio
573 5032 714 5088 Lntherus
730 5039 787 5089 tom
808 5041 832 5090 3.
848 5034 912 5092 Jen.
925 5053 952 5105 p.
966 5042 1027 5092 tet.
1040 5036 1068 5090 b
1081 5024 1180 5119 {tuerit
1198 5050 1262 5104 pars
1282 5033 1400 5103 dignior,
1419 5033 1598 5104 principalior
1615 5040 1644 5089 et
1662 5035 1755 5090 sensui
1774 5035 1866 5093 minus
1886 5037 1936 5095 ob

232 5116 293 5182 Quo
311 5119 439 5189 pertinet,
457 5120 532 5192 quod
553 5120 668 5191 quidam
682 5139 715 5176 ex
729 5120 906 5176 Scholasticis
925 5129 999 5178 reete
1015 5122 1083 5176 dis
1081 5119 1154 5194 vis,
1185 5120 1379 5189 praetermissa
1408 5126 1488 5190 parte
1519 5126 1634 5176 externa
1658 5120 1761 5176 risibili
1788 5137 1824 5178 ao
1840 5123 1936 5183 mma·

230 5204 364 5272 putent,
357 5221 386 5257 m
402 5205 591 5276 propositione
610 5205 713 5261 Christi
734 5208 785 5263 boc
804 5217 844 5261 est
861 5226 962 5277 corpus
980 5219 1083 5262 meum
1081 5204 1250 5302 principali
1288 5207 1454 5261 luvertimns
1479 5207 1565 5278 igitur
1588 5206 1804 5278 appellationem
1826 5208 1935 5268 Bellar·

230 5285 292 5340 dari
315 5285 454 5367 duplicem
473 5291 748 5357 demonstrationem,
770 5310 841 5365 quae
856 5294 885 5346 in
906 5293 960 5348 illis
979 5311 1069 5349 exem·
1080 5291 1257 5346 ‘minianamz
1282 5291 1335 5356 Qui
1362 5292 1476 5349 exhibet
1494 5294 1599 5349 dolium
1619 5295 1683 5349 rino
1699 5294 1831 5366 plenum,
1857 5304 1937 5355 recte

228 5371 297 5443 plis,
322 5372 372 5427 abi
399 5375 471 5433 dnae
498 5395 542 5434 res
563 5378 646 5434 modo
665 5378 786 5450 quodam
800 5381 900 5435 unitae
917 5381 962 5434 vel
979 5386 1068 5435 osten·
1080 5348 1178 5443 idicit:
1203 5378 1254 5433 hoc
1274 5384 1316 5433 est
1336 5379 1445 5449 vinnm,
1463 5395 1515 5434 uec
1533 5396 1604 5451 opus
1624 5389 1680 5448 est,
1701 5387 1734 5436 ut
1751 5381 1852 5438 raon:
1880 5382 1937 5441 hoc

228 5458 347 5524 duntur,
374 5460 419 5514 vel
437 5463 611 5535 exhibentia,
638 5465 816 5522 ιιιιιιιιιιιιιιιι
835 5472 886 5521 est,
923 5466 1014 5523 Unam
1033 5450 1138 5523 adlest
1159 5464 1263 5521 dolium
1289 5473 1318 5520 et
1340 5465 1450 5533 ιιιιιισι,
1473 5466 1523 5537 qui
1543 5464 1655 5522 exhibet
1674 5467 1847 5538 marsupium
1864 5485 1945 5555 aare·
