4004 6022
260 259 301 315 bi
473 332 480 351 ι
859 241 983 303 IsOGUS
999 239 1204 302 uouemus
1221 239 1364 300 PRIMUS
1390 236 1392 238 ’

262 403 377 472 mentio,
396 418 467 472 quos
483 402 524 456 ita
542 408 655 456 meotes
664 400 771 469 fuisse,
794 402 871 470 quod
887 417 920 454 en
938 400 975 454 iis
987 398 1095 469 popsslo
1120 398 1232 465 animm
1249 397 1343 451 hianti
1352 411 1408 460 ore,
1427 395 1509 450 eiecis
1527 394 1667 463 faucibus,
1685 411 1791 449 munmo
1810 412 1872 448 eum
1885 392 1958 449 deei-

262 490 379 557 eanpuis
396 488 564 542 Dominicus
582 487 803 552 ministraretur,
831 486 875 541 oet
893 502 926 539 ea
943 504 995 539 suo
1014 484 1095 555 Caje-
1121 483 1201 537 derio
1227 482 1449 554 enspectantibue
1466 500 1521 536 non
1538 489 1656 551 prouate
1669 481 1870 550 praebueritis.
1910 480 1956 536 Ne

263 583 329 629 tana
342 575 479 644 petiisset
497 588 670 644 coqnsecere.
697 573 745 626 An
763 573 888 641 tanatum
907 571 955 626 illi
974 589 1033 626 esse
1041 589 1094 640 po·
1107 552 1305 638 {committatis
1318 577 1429 639 patres,
1447 576 1477 623 ut
1496 576 1536 622 tot
1552 569 1735 639 populorum,
1749 569 1956 637 totnationum,

262 662 327 726 tuit,
358 663 435 731 qrtod
462 662 492 714 in
520 660 640 713 ἀιοιιιίι
668 675 777 729 quoque
803 658 907 727 lecim
934 659 969 711 de
997 651 1159 712 Sotero'tot
1197 657 1349 728 insignium
1383 655 1611 726 prouinciarum,
1647 663 1686 710 tot
1718 656 1959 711 nobilissimorum

260 763 348 816 popa,
368 747 398 801 in
416 764 503 801 coena
520 744 641 799 Domini
654 745 828 814 poententee
849 746 890 798 ad
904 745 1093 814 percipienda
1106 669 1284 812 brianonum,
1309 759 1381 813 arrae
1405 760 1479 796 nunc
1504 743 1599 798 eodem
1616 742 1747 797 incendio
1765 743 1957 806 absumuntur,

263 834 391 903 corporet
417 841 443 887 et
465 832 612 902 sanquinis
631 830 751 884 Domini
774 838 953 884 sacramenta
972 815 1231 917 recenti-{inanem
1251 847 1308 884 esee
1322 831 1469 899 jacturam
1488 830 1649 884 entstinretis
1669 833 1720 885 etc.
1757 830 1801 883 Ne
1820 829 1957 898 capitatis,

263 921 356 974 liarit
381 919 462 989 quid,
485 937 523 973 an
542 937 597 973 non
616 919 780 972 meminerat
802 917 937 987 Greporii
950 916 1094 986 pontificis
1121 933 1177 980 eos,
1194 918 1245 986 qui
1263 924 1341 972 tanto
1362 917 1465 981 studia,
1484 924 1564 970 tanta
1577 917 1759 986 contentione,
1779 924 1839 971 tam
1853 917 1956 970 arden·

262 1007 397 1071 Romami,
421 1015 451 1060 ut
479 1007 541 1076 ejus
563 1012 753 1059 antecessores
770 1012 909 1058 taceamus
916 1045 924 1071 ,
952 1003 1050 1072 quiin
1069 1005 1095 1056 4.
1120 1010 1161 1057 ter
1187 1001 1294 1058 Christi
1318 1005 1483 1074 sanquinem
1503 1010 1630 1074 expetunt
1651 1011 1677 1057 et
1696 1003 1874 1073 efflauitant,
1898 1009 1956 1056 tam

263 1093 368 1163 diolco.
393 1093 504 1163 scribit,
531 1091 638 1146 Christi
656 1092 819 1161 sanquinem
838 1109 893 1145 non
905 1091 970 1159 jam
987 1091 1018 1142 in
1036 1107 1094 1142 ma·
1119 1090 1304 1159 replicantes,
1323 1099 1381 1145 tam
1398 1090 1501 1160 impiae
1511 1091 1646 1159 futuros,
1669 1098 1700 1144 ut
1718 1092 1794 1160 quod
1810 1097 1890 1144 tanto
1909 1109 1956 1145 ar·

261 1199 314 1236 nus
337 1179 512 1248 infidelium,
535 1181 588 1233 sed
609 1179 640 1233 in
659 1196 712 1232 ora
728 1177 854 1243 fidelium
869 1176 970 1244 fundi.
1009 1175 1093 1237 Qstem
1121 1177 1190 1230 dore
1207 1177 1261 1231 eibi
1277 1177 1346 1231 dari
1360 1177 1507 1248 postulant
1525 1184 1550 1230 et
1569 1177 1729 1247 obsecrant,
1751 1177 1785 1231 id
1802 1194 1859 1231 non
1879 1176 1958 1229 aneni

261 1283 365 1321 morem
393 1265 541 1334 sunamitis
564 1263 711 1318 Dominici
731 1263 903 1333 porripendi
926 1271 953 1317 et
976 1263 1095 1332 antiqua
1119 1265 1297 1318 eennatione
1314 1266 1370 1319 sint
1383 1266 1571 1335 prosecuturi,
1590 1283 1646 1320 non
1667 1281 1772 1319 omnem
1791 1265 1826 1318 ab
1843 1279 1876 1319 eo
1885 1282 1955 1336 pro·
1969 1260 1993 1302 ¹

263 1361 441 1409 sacramenta
473 1351 610 1420 Greporh
636 1358 663 1405 et
692 1351 803 1406 libellus
830 1351 940 1404 ordinis
971 1349 1096 1404 Romani
1114 1350 1296 1417 sanationem
1313 1351 1473 1421 lonps'ssime
1491 1354 1620 1407 amaturi.
1645 1351 1723 1407 idem
1743 1357 1812 1409 orat.
1826 1356 1859 1407 2:
1884 1349 1956 1414 Quo·

265 1448 361 1511 aperte
389 1446 533 1493 testantur.
574 1440 613 1492 Et
638 1438 762 1506 hmani
774 1437 922 1507 pontifices
939 1437 969 1489 in
986 1435 1096 1490 talentu
1121 1437 1199 1491 niam
1225 1437 1367 1493 Caesarea
1392 1440 1528 1507 majestas
1551 1441 1635 1509 tonpo
1659 1456 1753 1493 rerum
1776 1456 1830 1492 usu
1856 1439 1956 1492 edocta

263 1528 359 1595 offitio
383 1533 542 1581 comtanter
566 1541 675 1594 semper
698 1525 883 1592 retinuersmt,
911 1541 996 1594 suque
1021 1525 1094 1577 adeo
1121 1524 1337 1595 oninmduertit,
1368 1525 1464 1579 nullas
1479 1525 1566 1580 alias
1588 1525 1734 1594 praoiome
1760 1541 1819 1579 esee
1844 1531 1957 1579 conten

261 1621 292 1667 ut
318 1613 466 1667 Martinus
492 1613 521 1667 V.
546 1611 629 1664 etiam
651 1617 718 1680 poet
739 1618 865 1680 tempora
889 1610 1004 1665 concilii
1024 1610 1094 1664 Con·
1121 1611 1209 1666 tiones
1228 1622 1253 1666 et
1278 1612 1415 1682 qemeina
1434 1630 1516 1683 qnam
1537 1629 1593 1678 eae,
1614 1630 1686 1683 qrsae
1705 1613 1739 1666 ob
1758 1612 1839 1666 socri
1855 1613 1956 1666 calices

262 1700 425 1755 stauheneis
455 1699 486 1752 in
511 1698 621 1752 solenni
641 1697 769 1766 paschae
793 1697 890 1766 officio
910 1698 994 1766 juata
1009 1712 1094 1766 prae-
1120 1715 1200 1753 usum
1217 1699 1396 1754 interdictum
1413 1707 1492 1753 ortae
1510 1706 1582 1766 sunt,
1600 1697 1718 1768 idcirco,
1736 1716 1770 1753 nc
1790 1699 1889 1764 officio
1905 1716 1956 1752 esso

263 1788 397 1857 scriptum
422 1784 533 1840 orditus
556 1785 681 1839 Romani
701 1784 857 1837 uniuersum
880 1784 1017 1854 populum
1034 1801 1095 1838 cor·
1122 1786 1223 1855 aliqua
1240 1802 1273 1840 eu
1285 1794 1371 1856 parte
1390 1786 1516 1855 defuisse
1534 1785 1691 1855 viduetur,
1716 1787 1752 1839 de
1772 1786 1825 1840 hoc
1841 1785 1956 1857 potissi

261 1890 332 1944 pore
366 1881 392 1926 et
421 1871 557 1939 sanquine
586 1871 707 1924 Domini
731 1871 947 1924 communicatae
977 1871 1094 1939 lepatru.
1122 1891 1195 1926 mum
1209 1873 1396 1943 permissione
1413 1875 1455 1927 ad
1472 1890 1583 1927 sacram
1598 1874 1736 1941 synodum
1751 1874 1859 1941 referri
1870 1872 1957 1927 uolus’t

263 1959 354 2015 Idem:
391 1958 470 2012 Satis
503 1964 672 2028 compertum
698 1965 751 2026 est,
780 1957 967 2012 universalem
992 1956 1098 2011 Christi
1122 1967 1175 2015 etc.
1212 1960 1257 2013 Ne
1281 1960 1343 2029 quis
1366 1960 1497 2013 dubitare
1517 1961 1624 2029 possit,
1649 1960 1721 2029 quid
1733 1961 1768 2013 de
1788 1960 1843 2013 hac
1860 1968 1957 2013 namra

263 2046 410 2101 ecclesiam
437 2045 469 2098 in
493 2044 565 2097 hunc
588 2060 675 2112 resque
698 2043 787 2113 diem,
813 2044 1013 2099 occidentalem
1032 2061 1096 2098 uero
1119 2047 1309 2116 postulatione
1344 2048 1535 2101 sanctissimus
1568 2047 1698 2100 dominus
1730 2054 1824 2101 noster
1848 2049 1957 2111 senua,

262 2150 313 2187 eeu
337 2133 495 2187 Romanam
519 2129 596 2184 mille
620 2130 744 2198 amplisu
767 2132 849 2184 anuis
873 2149 891 2183 a
917 2131 1028 2186 Christo
1052 2148 1096 2185 so·
1123 2133 1197 2187 illud
1222 2151 1285 2187 vcre
1309 2134 1439 2202 affirmo,
1464 2151 1505 2188 me
1524 2151 1557 2186 en
1574 2134 1642 2186 urbe
1661 2133 1771 2202 (Roma)
1792 2134 1892 2188 literas
1913 2151 1958 2187 ac·

263 2220 341 2274 tenni
354 2218 523 2289 praesertim
541 2224 566 2270 et
584 2216 734 2297 ordinaria
751 2217 837 2287 hujus
855 2218 1027 2272 sacramenti
1038 2218 1096 2271 dis·
1123 2220 1241 2288 cepisse,
1266 2219 1365 2289 quiue
1384 2219 1541 2272 mundatum
1560 2219 1665 2289 sunit,
1683 2237 1798 2274 causam
1817 2239 1836 2274 a
1854 2220 1959 2274 sanen-

259 2307 426 2378 peneatione
444 2313 591 2374 utrumque
604 2301 693 2373 panis
713 2312 739 2357 et
755 2304 816 2358 uini
832 2305 951 2375 speciem
971 2306 1096 2359 omnibus
1122 2312 1178 2358 tate
1198 2323 1251 2358 sua
1269 2323 1326 2358 non
1345 2305 1436 2359 solum
1456 2306 1599 2360 honestam
1617 2313 1642 2359 et
1653 2307 1781 2376 justam,
1801 2309 1855 2362 scd
1870 2324 1958 2379 usque

264 2395 349 2462 hujus
366 2393 501 2448 eccloeiae
519 2391 648 2446 nemeis
667 2391 835 2461 exhibuisse,
855 2393 889 2446 id
906 2395 983 2463 quod
1004 2411 1037 2448 en
1055 2393 1096 2446 in·
1122 2394 1195 2446 adea
1219 2393 1408 2446 necessariam
1422 2392 1601 2462 judicatam,
1624 2394 1701 2447 utin
1723 2395 1835 2464 tonpius
1853 2403 1959 2465 tenrprm

263 2481 387 2536 numeris
404 2488 524 2535 ueterum
541 2479 709 2548 scriptorum
729 2487 786 2533 tarn
806 2477 990 2549 Graecorum,
1012 2488 1096 2549 astum
1121 2479 1181 2532 eine
1201 2479 1320 2532 marimo
1344 2478 1524 2533 Christianae
1541 2479 1690 2548 relipionis
1709 2482 1883 2535 incommodo
1899 2483 1959 2549 def-

264 2568 430 2624 Lotinorum
449 2565 614 2620 testimoniis
631 2566 810 2630 manifestum
828 2575 881 2637 est,
906 2575 989 2637 atqrte
1007 2575 1037 2621 ut
1055 2568 1096 2621 ito
1120 2566 1200 2631 ferri
1224 2585 1279 2619 non
1299 2582 1382 2635 posse
1403 2567 1580 2620 eeistimarit.
1615 2566 1653 2622 Et
1670 2566 1752 2637 paulo
1772 2572 1851 2623 aute:
1885 2567 1958 2623 Sunt

263 2657 401 2724 sacewnt,
420 2655 548 2708 inductae
559 2653 655 2718 suiset
674 2654 797 2723 exemplo
819 2653 932 2724 Christi,
953 2663 1037 2724 atque
1052 2656 1096 2708 hic
1122 2653 1172 2722 qui
1188 2652 1335 2722 mirentur,
1354 2671 1404 2705 cur
1422 2654 1474 2707 hoc
1492 2672 1510 2705 a
1528 2653 1705 2708 sanctissimo
1726 2656 1840 2709 damino
1861 2662 1957 2708 nostro

265 2760 324 2796 mos
341 2742 426 2795 etiam
445 2740 539 2794 adhuc
554 2757 608 2810 per
630 2739 783 2795 Graeciam
802 2750 828 2795 et
844 2741 1009 2794 Armeniam
1029 2741 1095 2794 obti-
1123 2741 1218 2810 (papa)
1242 2756 1297 2792 non
1317 2738 1492 2808 postulatum
1516 2749 1565 2793 out
1589 2759 1645 2795 eron
1661 2741 1841 2811 impetratum
1857 2742 1959 2809 suerit.

264 2836 326 2898 net,
354 2844 443 2899 quare
467 2828 548 2883 houd
571 2835 672 2881 temere
692 2833 747 2895 eet,
771 2829 849 2897 quod
869 2827 970 2896 optimi
995 2828 1096 2897 quique
1125 2824 1228 2887 Quibus
1245 2825 1336 2890 facilc
1354 2832 1394 2878 eet
1411 2828 1598 2897 respondere,
1613 2828 1834 2897 pntdentissime
1851 2829 1959 2883 saneti

169 2976 172 2980 ,
267 2913 409 2970 Catholici
423 2923 449 2969 et
469 2914 500 2968 in
522 2912 773 2968 ecclemasticorum
793 2913 963 2982 scriptorum
981 2913 1098 2968 lectione
1122 2917 1207 2964 tatem
1233 2928 1313 2964 mom
1340 2912 1423 2980 hujus
1453 2930 1557 2968 causae
1585 2913 1769 2981 scantianam
1795 2917 1838 2969 od
1857 2932 1961 2970 sacra

264 3004 370 3057 uersati
387 3019 493 3056 summa
511 3000 654 3055 desiderio
675 2999 812 3071 potiundi
828 3000 928 3055 calicis
947 3000 1098 3055 incendun·
1123 2998 1226 3066 synodi
1244 2997 1388 3066 judicium
1411 2999 1552 3068 rejecsbse.
1589 3000 1692 3057 Postea
1708 3007 1802 3072 patrea
1819 3001 1892 3057 hanc
1911 3019 1961 3076 po

181 3093 599 3158 maerensmaerens»
615 3086 736 3141 Domini
754 3089 795 3140 od
811 3088 1036 3142 camuetudinem
1055 3107 1098 3144 ue·
1124 3083 1300 3140 stulatianem
1323 3084 1444 3140 ricieeim
1468 3085 1623 3143 tenderunt
1647 3088 1683 3142 ad
1702 3087 1842 3159 judicium
1866 3090 1957 3162 ponti·

265 3180 351 3230 terem
372 3174 467 3229 multis
489 3174 592 3229 emulis
609 3181 808 3245 perpetuatum
828 3172 997 3228 uniuersalis
1015 3175 1098 3229 eccle-
1123 3169 1199 3241 ficis3
1227 3171 1267 3225 ita
1299 3171 1368 3227 elusi
1397 3172 1511 3229 fuerunt
1537 3191 1617 3246 reges
1642 3183 1671 3231 et
1698 3175 1837 3248 principes
1863 3175 1961 3234 calicis

266 3261 328 3314 siae
352 3262 513 3317 reducatur.
556 3257 685 3316 Oratores
709 3257 853 3330 Cossaei,
878 3257 980 3315 Gallici
998 3266 1027 3316 et
1045 3260 1099 3316 Ba·
1125 3257 1334 3328 permissionem
1360 3259 1542 3332 postulantes.
1588 3261 1782 3318 Ferdinandue
1808 3262 1963 3334 imperator

266 3346 350 3402 varici
380 3346 409 3401 in
439 3345 546 3418 modo
574 3345 739 3402 Tridentino
770 3346 971 3403 restitutionem
1003 3346 1099 3402 calicis
1125 3344 1154 3398 in
1176 3344 1263 3400 literis
1285 3346 1323 3399 ad
1342 3344 1424 3400 Pium
1444 3344 1495 3403 1v.
1514 3346 1673 3417 pontificem
1691 3349 1731 3404 sic
1750 3349 1860 3406 scribit:
1890 3350 1964 3406 Zeto

266 3434 414 3504 petierunt
458 3431 558 3490 Orator
586 3432 738 3488 Beraricus
766 3432 840 3488 inter
867 3439 959 3489 cetera
990 3433 1030 3489 sic
1060 3434 1098 3488 lo·
1121 3432 1239 3502 pietatis
1256 3439 1282 3485 et
1297 3433 1412 3487 honesta
1430 3434 1580 3488 intentione
1599 3437 1667 3489 moti
1675 3437 1798 3506 suimus,
1816 3455 1879 3491 cum
1891 3455 1963 3506 pro·

268 3520 376 3593 quitur:
406 3521 472 3574 Nan
489 3537 596 3589 parum
622 3519 655 3573 id
669 3527 758 3574 mooet
774 3520 911 3588 homines,
930 3521 1100 3591 praeeertim
1125 3520 1197 3572 aime
1224 3518 1413 3573 celebraretur
1447 3520 1580 3574 Tridenti
1610 3540 1723 3576 sacrum
1753 3525 1960 3579 oecumenicum

268 3609 298 3661 in
326 3607 378 3662 hac
404 3607 568 3678 promacia,
596 3607 673 3676 quod
696 3607 805 3661 Paulus
830 3606 894 3662 III.
919 3608 998 3661 edita
1022 3607 1100 3661 bulla
1126 3605 1288 3674 concilium,
1312 3613 1342 3659 ut
1359 3624 1504 3674 canemus
1523 3616 1549 3661 et
1566 3608 1760 3664 laboraremus
1773 3627 1833 3680 pro
1852 3629 1964 3667 conces·

267 3710 320 3748 ertu
345 3694 480 3748 concmsit
500 3692 670 3747 Germaniae
689 3692 1009 3763 episcopie'pateetatem
1029 3712 1100 3748 com·
1126 3694 1204 3748 sione
1222 3692 1329 3760 calicis,
1346 3712 1402 3748 non
1420 3702 1491 3748 certe
1509 3695 1674 3765 temporalis
1685 3696 1810 3765 elicuisse
1823 3700 1967 3754 commodi

267 3779 433 3834 municandi
448 3781 588 3851 papirium
611 3779 662 3833 sub
680 3788 797 3850 uroque
816 3780 922 3849 specie,
945 3782 1022 3850 qseod
1041 3782 1100 3852 qui-
1126 3780 1290 3849 aucupandi
1312 3780 1407 3847 pratia
1428 3784 1480 3836 etc.
1505 3782 1557 3834 secl
1578 3783 1646 3850 quia
1659 3799 1781 3851 proruet
1795 3800 1964 3854 persuasum

267 3869 328 3920 dem
354 3866 456 3919 summi
478 3866 620 3935 pontificis
648 3866 789 3920 demetam
816 3874 915 3936 urpent
947 3868 1049 3920 summi
1074 3874 1099 3921 et
1125 3866 1288 3935 habuimus,
1324 3867 1394 3920 sicut
1420 3868 1504 3921 etiam
1527 3885 1600 3922 nunc
1616 3870 1764 3940 hebemus,
1798 3871 1968 3941 hujucemodi

265 3951 363 4015 infimi.
398 3952 440 4007 Eo
457 3958 550 4006 antem
567 3950 680 4022 respicit
696 3956 805 4021 orator,
830 3951 905 4023 quod
923 3951 1028 4008 Paulus
1047 3953 1098 4008 ΙΙΙ.
1126 3953 1326 4006 concoctionem
1356 3955 1485 4018 futuram
1513 3972 1570 4009 esse
1600 3956 1779 4010 tuilsssimam
1803 3958 1965 4029 inuenere,

266 4054 339 4094 anno
368 4042 441 4095 1548.
464 4037 554 4110 pridie
574 4038 682 4095 eumd.
703 4035 844 4109 Septemb.
864 4045 920 4095 tres
938 4039 967 4094 in
985 4038 1099 4096 Germa·
1121 4038 1278 4106 plurimum
1302 4039 1434 4094 momenti
1450 4039 1606 4095 allaturam
1623 4041 1654 4095 in
1672 4042 1763 4112 specie
1782 4045 1824 4096 ad
1840 4047 1965 4100 reducti·

265 4125 341 4179 niem
358 4124 465 4197 legatae
483 4124 612 4194 miserat,
629 4123 730 4197 quibus
747 4126 909 4181 mandatum
927 4128 963 4181 dc
980 4127 1099 4181 consilio
1126 4143 1204 4180 onem
1226 4126 1371 4196 lapsorum
1395 4134 1421 4178 et
1446 4127 1618 4196 errantium,
1649 4144 1700 4182 nec
1719 4146 1776 4183 non
1794 4132 1837 4184 ud
1850 4131 1965 4197 facien·

268 4220 293 4265 et
316 4228 432 4266 assensn
455 4213 576 4266 omnium
600 4212 793 4266 cardinalium
816 4212 867 4281 (sic
891 4212 965 4269 enim
981 4212 1100 4268 habetur
1127 4214 1193 4266 dum
1204 4213 1270 4282 jam
1291 4213 1403 4267 tandem
1415 4213 1484 4267 utile
1494 4213 1667 4283 principium
1678 4219 1888 4274 restaurandae
1899 4222 1964 4275 uni·

268 4298 297 4353 in
320 4297 408 4368 bulla)
434 4296 563 4365 dederet,
588 4304 621 4353 ut
638 4299 798 4370 petentibus
818 4297 872 4354 eibi
890 4299 1013 4371 permitti
1032 4299 1097 4355 cali-
1126 4299 1193 4352 tutis
1218 4307 1243 4353 et
1265 4299 1350 4370 pacis
1374 4299 1508 4354 ecclesiae
1533 4301 1642 4355 tamdiu
1666 4303 1779 4365 frustra
1799 4315 1966 4376 expectatae

268 4399 329 4441 cem
360 4389 409 4441 ant
431 4400 512 4440 neum
534 4383 679 4457 utrimque
704 4385 808 4457 speciei
835 4404 891 4442 non
920 4385 1097 4458 denegarent
1127 4393 1153 4439 et
1177 4386 1365 4440 dendumae.
1407 4385 1506 4440 Verum
1530 4388 1662 4456 quoniam
1686 4406 1718 4444 eo
1741 4399 1864 4462 tempore
1883 4394 1967 4450 nobis

267 4470 310 4526 Ea
330 4469 408 4527 bulla
424 4476 514 4529 metat
531 4471 666 4543 imressa
683 4472 812 4529 Basileae
830 4478 944 4528 curante
962 4470 1097 4544 vergerio
1125 4472 1249 4549 relatsun
1260 4474 1381 4542 fuerat,
1397 4491 1452 4526 non
1470 4474 1579 4544 decem,
1603 4476 1654 4545 qui
1671 4477 1705 4530 de
1722 4478 1920 4535 hocsmateria
1940 4490 1968 4536 et

267 4558 343 4632 apud
376 4558 536 4630 Oporinum.
588 4558 720 4630 Aloysins
751 4559 941 4631 Lippomanus
973 4557 1100 4616 Veronae
1127 4560 1302 4614 concessione
1336 4558 1464 4613 nonnihil
1493 4559 1655 4616 dubitarent
1683 4571 1709 4617 et
1733 4566 1816 4620 uaria
1845 4566 1969 4638 impedi-

268 4641 415 4718 e'piscopne
433 4644 487 4701 fuis
505 4663 576 4701 unns
596 4662 629 4702 ex
647 4644 736 4702 tribus
758 4646 814 4700 illis
831 4645 946 4717 legatis,
973 4645 1021 4719 qui
1039 4646 1100 4702 bul·
1127 4653 1218 4700 menta
1247 4646 1410 4715 injicerent,
1436 4644 1527 4711 fonte
1552 4648 1681 4719 tulimus,
1705 4665 1765 4704 rem
1785 4651 1969 4724 αιιφοῃιαια

267 4732 324 4790 lam
357 4749 408 4804 per
441 4730 621 4788 Germaniam
655 4731 894 4790 circumferebant.
948 4731 1100 4790 Dndithius
1127 4733 1256 4804 defferri,
1281 4740 1311 4786 ut
1323 4749 1471 4802 possemus
1488 4733 1600 4790 interim
1612 4755 1668 4806 pro
1687 4739 1884 4795 exoneratione
1901 4759 1969 4798 eon·

267 4820 422 4877 anmeoe
440 4819 596 4891 majestatie
613 4819 722 4892 legatus
739 4824 807 4873 orat
825 4822 850 4873 2.
868 4817 908 4872 sic
924 4818 1047 4892 loquitur
1064 4822 1101 4877 ad
1127 4819 1261 4873 scientiae
1278 4827 1393 4873 noemae
1413 4821 1448 4873 de
1468 4819 1519 4875 hoc
1537 4824 1646 4892 nepotsb
1666 4825 1799 4892 cavom
1815 4844 1879 4882 cum
1896 4847 1969 4885 non·

268 4915 360 4980 patret
396 4905 587 4962 Tridentinae:
635 4907 756 4971 Videtis,
795 4906 907 4974 quomis
938 4908 1100 4978 discordiis,
1126 4907 1215 4961 nullos
1237 4906 1403 4977 praecipuis
1430 4915 1512 4977 utque
1534 4909 1713 4978 pott'ssimsun
1737 4914 1817 4968 sacri
1840 4914 1972 4972 Romani

269 4995 382 5064 quantis
400 4993 628 5063 dissensionibus,
647 4991 760 5063 meantis
778 4991 853 5045 odiis
870 5009 916 5046 ree
935 5000 1100 5063 apaturetc.
1126 4993 1242 5064 imperii
1253 4993 1397 5064 praelatis
1416 5012 1450 5049 ac
1463 4995 1643 5067 principibus
1661 4999 1867 5072 existimantes,
1887 5005 1970 5072 quod

269 5080 346 5134 Huic
363 5098 412 5136 uos
428 5081 473 5135 rei
492 5088 550 5134 tum
569 5082 679 5135 demum
703 5077 811 5132 obviam
835 5079 876 5132 ire
896 5080 1031 5149 poteritis
1038 5122 1046 5151 ,
1075 5083 1103 5137 si
1123 5079 1292 5151 praehabito
1310 5097 1404 5135 eorsem
1424 5083 1542 5138 consilio
1560 5085 1666 5139 rectius
1681 5103 1716 5139 ae
1734 5086 1884 5142 liberalius
1895 5107 1967 5160 pos·

269 5167 471 5223 imbecillitatis
489 5167 619 5234 filiarum
644 5171 796 5218 amborum
823 5165 931 5220 miseni
948 5169 990 5220 ad
1005 5185 1100 5224 eorum
1126 5184 1217 5221 semus
1240 5167 1342 5222 &inde
1370 5172 1495 5226 ommibus
1518 5171 1609 5226 modis
1632 5173 1739 5228 instare
1760 5181 1786 5228 et
1801 5174 1967 5249 elaborare,

263 5271 318 5308 eos
346 5254 535 5318 infirmitatem
561 5251 725 5305 dimiseritis
749 5257 775 5304 et
799 5252 994 5308 incredibilem
1018 5255 1100 5310 illam
1126 5263 1157 5310 ut
1177 5255 1312 5325 petitioni
1327 5266 1439 5313 nostrae
1457 5259 1611 5324 satisfieret
1643 5258 1777 5315 Imtituta
1795 5261 1884 5331 iyitssr
1903 5282 1965 5319 ma·

270 5357 365 5394 earum
384 5339 474 5424 sitim,
492 5357 549 5410 quo
567 5338 629 5392 dies
645 5343 791 5407 noctesque
810 5339 989 5408 cmuciantur,
1016 5359 1099 5412 meam
1127 5349 1192 5397 tura
1211 5360 1245 5397 ac
1263 5343 1481 5414 dilipentissima
1499 5343 1699 5402 deliberatione
1719 5349 1755 5404 de
1773 5347 1825 5402 hoc
1842 5354 1965 5422 negotio,

266 5427 390 5497 primam
405 5425 615 5480 restinta-itis.
653 5421 736 5486 Quod
755 5423 867 5493 osiidm
886 5443 942 5478 non
962 5434 1028 5480 ante
1040 5429 1100 5499 fiet,
1126 5437 1218 5484 unum
1238 5431 1346 5486 scilicet
1364 5432 1505 5503 repediat,
1526 5429 1599 5485 ‘hanc
1619 5435 1821 5489 concessionem
1842 5436 1964 5495 uberius

270 5529 354 5585 quam
374 5529 423 5569 sos
445 5520 589 5582 mopere
607 5512 643 5566 ab
663 5510 723 5567 illis
742 5511 889 5582 tapetibum
908 5511 1017 5568 Christi
1032 5530 1096 5569 san·
1128 5520 1270 5587 acquirere
1294 5527 1320 5571 et
1344 5531 1457 5586 urpersn
1481 5533 1532 5571 net
1555 5535 1603 5586 ne,
1627 5538 1687 5573 cum
1711 5520 1796 5576 dictis
1815 5524 1963 5592 praelatis
