4004 6022
329 320 367 377 ld
926 308 1051 369 Locus
1067 306 1274 370 vibremus
1291 308 1437 370 PRIMUS

210 514 221 525 .
323 466 414 538 posis
437 467 569 536 quodque
593 484 692 537 asyma
720 470 762 522 ud
779 471 888 538 figurae
911 466 1060 523 Judusirmi
1077 467 1168 539 perti·
1195 467 1340 540 oblongus,
1358 465 1405 520 vel
1421 466 1570 536 rotundus3
1588 465 1710 538 itemque
1728 465 1788 520 sive
1806 465 1905 521 vinum
1929 465 1968 522 sit

327 560 421 608 mesot.
450 552 662 609 “dioscoritas
678 553 707 609 in
724 555 962 612 administratione
978 572 1082 611 coenae
1095 572 1167 628 pane
1192 555 1287 620 brum,
1317 553 1375 609 sire
1407 551 1564 608 candidum.
1606 558 1632 608 t.
1651 552 1736 606 Panis
1760 551 1964 608 eucharisticae
1987 585 1997 599 ·¹

328 644 445 694 utuntur
469 639 649 709 fermentato,
677 639 746 696 dicit
764 640 849 696 cuim
873 641 1050 712 metropolita
1073 659 1166 698 eorum
1192 645 1343 712 usurpatur
1369 639 1405 693 ud
1428 639 1550 709 corporis
1574 636 1752 693 nutritionem
1768 640 1972 710 praestandam

327 725 468 782 dohannes
486 726 516 781 in
533 727 614 797 epist.
626 727 663 782 ad
676 728 837 801 episcopum
848 729 1019 786 Romanum:
1039 728 1166 783 Clarium
1194 727 1334 782 alitionem
1352 727 1462 780 animae
1480 723 1700 795 significandam,
1718 725 1768 780 sed
1784 731 1900 797 propter
1911 742 1947 780 ιι·
1969 755 1999 775 ..⁴

327 813 382 866 teli
398 830 476 882 pase
497 814 641 885 utebatur,
663 833 730 868 uam
753 822 811 869 tum
832 816 996 869 renatabat
1015 815 1100 886 (quod
1119 832 1166 870 ne·
1193 813 1295 870 Christi
1325 812 1416 868 eidem
1446 811 1683 867 sacramentaliter
1705 811 1777 866 uniti
1806 813 1999 867 communi

332 897 482 954 cassanum
513 905 574 954 erat
599 900 628 955 in
658 916 731 972 agno
757 900 882 973 paschali
909 900 1094 967 comedendo,
1117 901 1166 956 ubi
1191 918 1268 969 nem,
1306 905 1328 955 1.
1349 897 1411 954 Cor.
1432 903 1477 963 10,
1499 916 1525 952 ι.
1547 904 1587 953 16.
1611 913 1667 969 quo
1691 899 1813 968 pertinet
1833 915 1926 953 canon
1999 932 2002 946 ·

329 984 420 1055 azymi
443 985 524 1056 panis
546 1003 614 1041 usus
637 989 722 1057 erat),
751 989 804 1040 sed
821 988 998 1042 accumbebat
1018 1006 1079 1041 eum
1097 989 1166 1041 duo-
1192 1004 1261 1041 nus:
1280 987 1346 1040 Nou
1362 985 1481 1038 multum
1499 985 1632 1037 sumimus
1648 985 1699 1037 sed
1711 1002 1826 1054 purum,
1843 985 1913 1053 quta
1924 1004 2002 1040 uos

331 1073 422 1125 decim
440 1073 481 1125 ad
497 1088 628 1128 memsam.
653 1073 756 1142 Itaque
772 1081 876 1126 certum
888 1081 936 1142 eet,
953 1074 1002 1137 ait,
1015 1090 1076 1126 eum
1090 1090 1166 1143 poue
1193 1074 1363 1141 sotietatem,
1383 1073 1436 1124 aed
1455 1078 1574 1140 propter
1591 1070 1842 1137 sanctificationem
1859 1071 1931 1125 base
1973 1105 1985 1116 »Ἰ

328 1159 498 1223 femneutato
514 1158 611 1224 fluisse
634 1176 721 1212 urum.
756 1158 790 1212 ln
816 1175 899 1230 opere
917 1159 953 1215 dc
971 1159 1055 1215 variis
1074 1176 1165 1214 rerum
1193 1178 1262 1214 mus.
1294 1165 1318 1214 5.
1336 1157 1429 1212 Panes
1448 1155 1489 1210 illi
1507 1155 1620 1210 rotundi
1640 1161 1705 1211 aute
1721 1173 1802 1210 nsum
1820 1173 2002 1213 sacraeco

331 1244 452 1298 Moscov.
480 1244 640 1299 auctoribus
667 1263 695 1316 p.
720 1247 800 1301 23³*
844 1253 868 1301 t.
887 1246 1048 1301 Pontificios
1065 1262 1165 1317 panem
1192 1245 1274 1300 fracti
1301 1260 1335 1299 ac
1359 1242 1517 1314 praeparati
1541 1242 1578 1296 ad
1600 1242 1822 1298 distributionem
1839 1243 1909 1297 satis
1927 1244 1990 1315 apti

240 1332 267 1375 ¹·
281 1333 314 1376 δι·
329 1348 459 1402 azymum
479 1346 543 1385 cum
561 1330 690 1400 opinione
707 1331 879 1387 necessitatis
899 1332 1165 1389 nondebereeccle-
1192 1330 1283 1387 idonei
1302 1337 1374 1385 sunt.
1410 1330 1485 1402 Ergo
1503 1346 1584 1384 usum
1599 1329 1709 1384 illorum
1726 1346 1830 1400 panum
1847 1334 1956 1386 temere
1993 1357 2002 1378 ι

328 1416 387 1473 siae
409 1416 564 1472 obtrudere.
611 1416 681 1471 Cum
708 1418 780 1473 enim
804 1418 954 1473 necessitas
975 1420 1055 1489 panis
1075 1419 1165 1490 azymi
1192 1435 1253 1473 cere
1273 1435 1306 1473 ac
1324 1417 1499 1486 contendere,
1518 1417 1593 1488 quod
1612 1416 1800 1471 necessarium
1819 1416 1863 1485 sit,
1883 1422 1958 1471 utu
1971 1443 1992 1463 ιΓ

328 1519 378 1557 nec
396 1518 430 1557 ex
450 1501 615 1574 Scripturis,
638 1518 691 1556 nec
709 1520 742 1558 ex
759 1505 837 1573 praxi
856 1504 1013 1576 primitivae
1033 1506 1165 1561 ecclesiae
1192 1504 1272 1576 panis
1289 1506 1379 1575 major
1397 1504 1427 1557 in
1444 1503 1505 1573 ipsa
1523 1519 1618 1558 sacrae
1636 1519 1739 1558 coenae
1756 1503 1864 1558 actione
1876 1502 2002 1575 frans

327 1588 417 1645 evinci
435 1588 532 1660 possit,
551 1588 599 1643 sed
618 1588 655 1643 sit
671 1605 715 1644 res
732 1589 885 1660 adiaphora
905 1603 932 1646 ct
947 1591 1116 1658 indifferens,
1134 1601 1166 1647 ut
1191 1591 1348 1646 libertatem
1378 1589 1564 1644 Christianam
1589 1606 1645 1644 non
1673 1589 1848 1645 mediocriter
1875 1590 1989 1661 impu

326 1674 454 1744 superius
492 1674 677 1745 ostendimus,
713 1674 775 1731 ideo
810 1683 919 1749 pugnat
947 1695 1010 1732 cnm
1036 1678 1166 1734 libertate
1193 1683 1216 1734 6.
1235 1677 1263 1734 si
1283 1677 1459 1749 placentulas
1478 1676 1543 1731 illae
1563 1675 1731 1732 orbiculares
1759 1694 1815 1731 uon
1837 1682 1933 1732 esseut
1951 1694 1989 1730 ra

326 1759 497 1829 Christiana,
521 1760 551 1814 in
573 1776 604 1815 re
629 1778 680 1831 per
703 1779 732 1816 sc
758 1769 787 1819 et
804 1780 855 1818 sua
874 1769 975 1819 natura
994 1764 1082 1820 libera
1101 1782 1164 1819 con·
1191 1764 1286 1834 panis,
1313 1769 1356 1818 tot
1383 1762 1502 1818 saeculis
1530 1763 1648 1818 ecclesia
1665 1762 1694 1816 in
1711 1780 1765 1817 usu
1782 1779 1887 1818 coenae
1908 1782 1966 1818 uon
1993 1791 2002 1809 a

325 1845 456 1901 scientias
481 1846 610 1917 opinione
637 1849 810 1904 necessitatis
831 1869 1024 1924 praegravare.
1060 1851 1164 1907 Bellar-
1192 1849 1297 1904 buisset
1323 1866 1418 1904 verum
1449 1865 1558 1919 panem.
1605 1848 1764 1912 ”Quidam
1795 1850 1870 1904 enim
1896 1850 2000 1920 origin

324 1932 417 1987 minus
431 1931 480 1987 lib.
500 1939 523 1988 1.
546 1931 581 1988 de
599 1933 677 1989 euch.
696 1951 719 1991 c.
741 1941 771 1990 7:
797 1938 844 1990 Ee
862 1938 988 1992 instituto
1010 1939 1119 1993 Christi
1134 1941 1164 1993 iu
1192 1937 1290 1992 horum
1314 1952 1419 2007 panum
1443 1936 1579 1990 minorum
1605 1934 1730 1990 referunt
1751 1936 1787 1990 ad
1803 1942 1932 2007 tempora
1949 1937 1996 1991 Al·

327 2019 498 2074 euobartatio
517 2037 612 2089 asyma
630 2022 751 2090 utimur,
781 2030 832 2081 ιιι.
871 2023 998 2080 Tolletus
1018 2025 1065 2079 lib.
1085 2031 1107 2083 ι.
1130 2026 1164 2082 de
1192 2021 1274 2077 andri
1292 2021 1314 2078 I.
1333 2022 1408 2077 circa
1426 2038 1529 2075 annum
1543 2019 1646 2076 Christi
1663 2027 1718 2079 119.
1738 2023 1852 2093 quidam
1871 2023 1908 2077 ad
1928 2041 2002 2079 annu

326 2106 390 2161 inst.
408 2106 514 2164 sacerd.
532 2122 556 2164 o.
574 2112 616 2164 15.
637 2103 664 2182 ὅ.
679 2115 702 2163 5.
720 2126 747 2179 p.
765 2114 826 2166 158:
848 2112 940 2165 Poris
958 2129 1070 2181 azymus
1085 2115 1163 2166 debet
1192 2108 1294 2164 Christi
1307 2113 1364 2164 607.
1380 2108 1531 2180 etquidem
1544 2109 1581 2162 ad
1592 2113 1718 2180 tempora
1727 2109 1837 2165 Phocae
1847 2110 1957 2181 impera
1975 2136 1980 2157 ι

327 2210 384 2246 ease
407 2193 438 2246 is
464 2193 582 2247 coclerio
600 2195 719 2264 Latius,
750 2197 780 2250 io
802 2194 917 2251 Graeca
942 2214 1008 2252 uero
1027 2215 1090 2252 cum
1099 2201 1163 2266 ser·
1191 2195 1373 2266 Epiphanius,
1392 2196 1441 2266 qui
1458 2195 1526 2249 vixit
1546 2195 1619 2250 circa
1636 2212 1738 2250 annum
1749 2195 1852 2252 Christi
1870 2203 1931 2254 380.
1950 2216 2002 2251 ιιν

327 2286 431 2345 meato,
459 2281 531 2334 adeo
548 2287 578 2332 ut
596 2288 694 2349 peccet
711 2282 831 2336 Latinus
851 2284 1010 2338 mortaliter
1026 2304 1081 2348 uon
1100 2303 1163 2340 cou-
1190 2298 1291 2357 panem
1312 2282 1537 2354 σιρογγυλοειδῆ,
1577 2279 1730 2353 Gregorius
1749 2282 1796 2338 lib.
1816 2289 1840 2338 4.
1857 2283 1924 2339 dial.
1945 2301 1969 2338 ι.

212 2363 215 2369 ’
326 2382 442 2420 serrone
460 2366 490 2419 io
508 2382 613 2435 azymo.
1191 2366 1318 2422 aforma
1340 2373 1422 2422 vocat
1445 2386 1566 2421 coronas
1588 2369 1771 2427 oblationum.
1810 2369 1871 2424 Imo
1891 2371 1994 2440 ejusm

1191 2454 1310 2509 usitatae
1327 2460 1391 2509 sunt
1407 2454 1537 2521 Basiliac,
1553 2454 1619 2509 item
1638 2454 1745 2511 Bernae
1758 2446 1869 2511 Helvet.
1890 2456 2001 2512 referen

640 2559 849 2568 -—--
1192 2540 1225 2594 D.
1250 2540 1364 2594 Hubero
1393 2540 1421 2595 ιιι
1445 2540 1527 2609 imum
1553 2541 1678 2597 ilutuort
1704 2547 1757 2597 cut
1784 2543 1828 2598 ιιι
1856 2543 1919 2611 itini
1938 2543 1998 2600 eit

1191 2627 1328 2696 utlstldm
1358 2627 1507 2696 timitem
1542 2627 1721 2696 dispertiendi
1750 2647 1778 2700 p.
1805 2635 1862 2685 139.
1888 2635 1945 2685 163.
1974 2635 2002 2685 1ι

588 2724 610 2783 0
630 2726 658 2785 Α
675 2725 700 2785 p
718 2726 788 2785 Μ·
822 2725 903 2787 ΠΙ,
1191 2713 1233 2768 uti
1255 2713 1339 2768 etiam
1364 2713 1393 2766 in
1416 2713 1522 2785 Anglia
1540 2713 1677 2770 referente
1696 2714 1818 2769 Zanchio
1837 2714 1886 2770 lib.
1908 2722 1930 2771 1.
1949 2714 1994 2787 ep'

327 2863 394 2929 nu
422 2862 791 2932 ruloauruurs
1191 2816 1219 2869 Ρ·
1239 2804 1297 2854 ²³³·
1323 2798 1401 2854 ⁰⁰¹¹f·
1426 2798 2000 2897 effermo.ume,u0010,r„.2

818 2865 1165 2936 ORBICULARI‘
1191 2887 1299 2958 ruptpqr
1327 2884 1445 2955 apostoli
1472 2884 1547 2969 dicto
1573 2891 1594 2941 l.
1619 2884 1679 2942 Cor.
1708 2892 1754 2956 10,
1779 2892 1865 2943 ι.16.
1891 2887 1930 2943 th.
1951 2893 1991 2943 12.

359 2963 471 3049 BUS,
500 2964 634 3044 QUAS
664 2966 890 3058 HOSTIAS
913 2969 1128 3039 VOCANT,
1192 2969 1365 3042 Epiphanius
1390 2970 1419 3024 in
1442 2977 1573 3026 ancorato
1596 2971 1615 3027 f.
1634 2979 1692 3029 ιιι.
1710 2973 1877 3028 mentionem
1895 2973 1964 3028 faeie
1989 3003 1994 3022 .

1192 3074 1259 3111 num
1278 3058 1516 3130 σιρογγυιοειδῶν
1528 3075 1578 3113 suo
1592 3063 1717 3129 tempore
1727 3059 1898 3114 usitatorum.
1924 3062 1955 3095 *⁸
1972 3068 1980 3085 '

197 3142 314 3236 qqulezm
362 3139 403 3189 24.
439 3133 589 3199 Quaeritur
608 3141 638 3190 t:
665 3135 711 3190 An
726 3135 817 3192 liceat
842 3137 882 3193 uti
906 3138 1027 3210 panibus
1047 3140 1102 3195 illis
1122 3160 1163 3197 ro·
1191 3143 1289 3200 bamus
1310 3161 1389 3214 vero,
1414 3145 1518 3200 hostias
1536 3162 1596 3200 esse
1613 3163 1709 3201 revera
1726 3163 1842 3218 panem:
1870 3152 1895 3203 1.
1914 3148 1942 3201 A
1961 3149 1997 3201 ele

197 3248 231 3287 uu
247 3249 313 3297 pm.
327 3219 421 3275 tundis
440 3220 608 3291 minoribus,
630 3238 747 3293 quorum
765 3241 833 3278 usus
850 3224 879 3279 in
899 3226 1000 3280 nostris
1019 3229 1163 3284 ecclesiis?
1191 3232 1303 3287 uitione.
1339 3232 1390 3285 Cui
1412 3233 1543 3302 competit
1562 3231 1685 3288 definitio
1701 3235 1790 3304 panis,
1808 3233 1877 3287 illud
1891 3241 1933 3288 est
1946 3251 2002 3287 ιιι

197 3299 291 3391 ffiff
326 3305 551 3377 Respondemus:
574 3308 737 3364 considerat.
765 3311 927 3366 commouet.
946 3329 969 3368 ι.
986 3319 1009 3368 4.
1028 3331 1101 3372 uum.
1121 3322 1162 3373 18.
1191 3318 1278 3387 panis.
1302 3317 1472 3373 Placentulis
1489 3318 1543 3372 illis
1560 3320 1762 3374 orbicularibus
1781 3320 1914 3390 competit
1932 3321 1997 3374 ado·

197 3400 313 3494 miris?
325 3409 390 3465 pag.
410 3397 469 3449 488.
490 3399 572 3448 vocat
590 3396 743 3449 mutatum
760 3397 936 3465 forrooeum,
956 3403 1034 3467 quod
1051 3419 1163 3457 ecoerra
1190 3404 1228 3457 tio
1246 3404 1341 3473 panis,
1365 3410 1430 3458 sunt
1448 3403 1519 3458 euim
1537 3420 1570 3457 ex
1589 3403 1678 3459 farina
1696 3412 1724 3460 et
1741 3422 1815 3476 aqua
1832 3406 1955 3460 subactis
1982 3431 1984 3438 ·

196 3504 247 3547 m
326 3479 496 3548 ejiciendum
517 3481 622 3549 ueniat,
649 3499 710 3534 cum
728 3482 803 3536 uelut
819 3501 919 3551 spuma
939 3486 1048 3540 inutilis
1066 3490 1102 3542 sit
1124 3492 1164 3543 od
1190 3496 1249 3545 tute
1267 3490 1340 3561 ignis
1354 3490 1453 3560 pistae.
1495 3489 1634 3545 Definitur
1652 3491 1747 3561 panis,
1765 3491 1840 3562 quod
1860 3492 1896 3545 sit
1914 3493 2002 3546 alim

324 3566 513 3620 nutriendum.
535 3565 1164 3644 Scholast.Pseudo-Wittcb.indisputcontra
1189 3585 1248 3630 tum
1275 3593 1308 3631 er
1332 3575 1424 3630 farina
1447 3583 1474 3631 et
1494 3593 1569 3648 aqua
1588 3577 1628 3631 sic
1652 3577 1681 3631 in
1708 3594 1737 3632 se
1759 3578 1914 3632 commixtis
1939 3586 1967 3633 et

325 3651 358 3706 D.
380 3651 558 3706 Schachtium
576 3659 677 3708 vocant
696 3656 801 3708 hostias
820 3659 1041 3728 nummularios,
1060 3678 1162 3734 easque
1188 3664 1254 3734 igne
1280 3663 1415 3733 percoctis
1442 3669 1589 3726 constans,
1620 3669 1652 3716 ut
1681 3662 1816 3719 crassiore
1837 3663 1951 3720 humore
1973 3682 2002 3734 p·

324 3744 429 3809 negant
440 3739 568 3810 usurpari
579 3755 668 3810 posse.
687 3741 745 3795 Alii
757 3750 857 3798 vocant
871 3745 1006 3800 lentorem
1017 3749 1161 3818 viscosum,
1188 3750 1307 3805 calorem
1330 3756 1473 3805 externum
1499 3748 1627 3804 absumta
1650 3749 1685 3802 ad
1712 3765 1795 3802 unam
1824 3750 2002 3806 masticabil

323 3824 439 3878 sairdas
450 3827 759 3894 etspumampom'setc.
779 3829 1160 3904 ilVocantquoqnceusdem
1188 3842 1216 3890 et
1234 3836 1375 3890 nutritiam
1394 3834 1601 3890 consistentiam
1612 3835 1769 3907 redigatur,
1787 3841 1819 3889 nt
1838 3836 1991 3891 ePliniob

324 3909 547 3979 &teristratum
576 3912 773 3983 Εῴαιιιιιιιι,
800 3917 981 3988 iiltilirtltim,
1008 3921 1072 3975 vide
1096 3925 1160 3979 ider·
1189 3928 1228 3978 18.
1252 3922 1297 3976 vel
1319 3922 1471 3976 secuudum
1495 3920 1563 3975 alios
1590 3928 1629 3976 15.
1654 3938 1677 3975 ι.
1698 3927 1738 3978 15.
1756 3927 1813 3976 nat
1834 3921 1898 3977 hist.
1916 3928 1944 3976 et
1960 3920 1995 3976 ι’

325 3995 425 4064 {intime
454 3996 581 4066 Beituug,
619 3997 677 4069 Diij
706 3999 761 4070 Fiij
794 4002 995 4072 iltbelh'lcbieit,
1032 4008 1161 4078 suique
1187 4008 1335 4079 colligitur.
1377 4011 1403 4064 2.
1422 4009 1450 4061 A
1470 4008 1565 4060 causis
1588 4008 1716 4064 eneruis.
1752 4008 1896 4079 Quidquid
1916 4026 1948 4064 ex

324 4082 519 4152 Cilmllltblein,
541 4083 720 4155 illitliicblrin,
741 4088 1058 4161 bicipiilfiitbtboitim,
1074 4096 1160 4151 bitume
1187 4095 1271 4149 menti
1294 4095 1388 4165 granis
1410 4093 1504 4149 debito
1528 4094 1609 4148 modo
1635 4110 1652 4147 a
1673 4092 1801 4165 panificia
1826 4096 1918 4151 calore
1940 4115 1992 4150 ma

323 4168 535 4238 unlmmcdbcilt
567 4171 707 4240 illdtltin,
742 4175 817 4244 fllihe.
835 4178 982 4247 uhlrbhultt
1018 4181 1158 4248 histrum,
1187 4182 1276 4238 medio
1303 4179 1336 4235 fit
1361 4187 1390 4234 et
1415 4180 1507 4250 ipsum
1530 4186 1680 4235 comestum
1705 4189 1771 4235 actu
1788 4182 1890 4245 nutrit,
1913 4183 1943 4237 id
1958 4201 1997 4237 r.»

321 4253 509 4324 mutuetur,
537 4256 654 4326 brobiolt
682 4260 914 4331 bicflenidtblein,
941 4265 1158 4336 ilupitrliicbleiu.
1186 4276 1228 4324 est
1264 4266 1352 4338 panis.
1404 4265 1554 4320 Placentae
1586 4265 1651 4321 illae
1680 4267 1863 4337 orbiculares,
1895 4285 1966 4340 quae

322 4338 396 4394 Vide
412 4341 541 4395 Anatom.
563 4341 746 4414 Marpurg.**
786 4346 873 4418 Atqui
894 4355 915 4403 1.
935 4365 1030 4405 rerum
1048 4359 1158 4409 natura-
1185 4371 1272 4409 coena
1297 4351 1478 4418 adhibentur,
1503 4367 1536 4404 er
1560 4349 1693 4406 frumenti
1717 4353 1811 4424 granis
1829 4352 1924 4408 debito
1941 4372 2001 4408 mu

322 4427 376 4480 lem
401 4443 501 4496 panem
520 4444 552 4483 er
568 4427 659 4483 ιἰιιιιιι
679 4436 707 4484 ιι
724 4447 798 4502 aqua
817 4439 926 4489 coctum
946 4435 975 4489 in
994 4437 1159 4496 eucharistia
1185 4457 1203 4494 a
1225 4438 1351 4510 panificis
1377 4438 1467 4492 calore
1485 4437 1648 4492 intermedio
1670 4437 1741 4494 fiunt
1757 4446 1785 4493 et
1803 4447 1941 4495 comestae
1964 4466 1967 4488 π

323 4511 456 4580 adhiberi,
476 4511 503 4566 vi
521 4512 701 4583 iustitutionis
720 4517 831 4574 divinae
848 4522 1035 4576 necessarium
1046 4532 1103 4595 est3
1122 4544 1157 4581 an
1185 4524 1320 4579 nutriunt.
1335 4524 1418 4594 Ergo.
1430 4523 1473 4579 De
1481 4523 1572 4593 priore
1585 4524 1708 4580 membro
1714 4529 1832 4579 testatur
1840 4526 1991 4596 experien'

321 4615 387 4653 vero
411 4598 492 4668 panis
515 4599 551 4655 sit
568 4603 657 4672 major
672 4602 717 4657 rel
737 4603 839 4674 minor,
864 4606 990 4662 triticeus
1009 4610 1054 4665 vel
1073 4611 1157 4683 siligi·
1185 4612 1220 4666 dc
1245 4609 1408 4681 posteriore,
1434 4625 1470 4663 an
1496 4610 1602 4664 scilicet
1627 4610 1767 4678 nutriant,
1794 4627 1846 4666 nec
1865 4611 1927 4682 ipsa
1946 4613 1997 4666 du*

320 4701 402 4748 neus,
431 4684 566 4739 rotundus
587 4686 633 4740 vel
650 4686 788 4761 oblongus
806 4697 858 4746 etc.
878 4692 948 4747 nihil
968 4694 1066 4763 refert,
1094 4714 1157 4751 cum
1183 4704 1246 4751 tura
1270 4701 1320 4750 est.
1363 4695 1392 4751 si
1417 4694 1547 4750 esurienti
1574 4696 1603 4751 in
1627 4713 1728 4766 magno
1749 4714 1865 4752 numero
1886 4701 1986 4770 ejusm·

320 4775 435 4825 externa
451 4771 606 4826 accidentia
625 4772 664 4827 rei
682 4775 829 4829 essentiam
846 4794 901 4831 non
920 4784 1036 4837 mutent.
1072 4782 1157 4837 Panis
1183 4783 1328 4852 placentae
1347 4780 1454 4851 deutur,
1471 4781 1699 4853 deprehendetur,
1718 4783 1780 4837 illas
1801 4783 1902 4840 famem
1925 4786 1983 4841 sed

320 4864 413 4911 noster
433 4857 607 4914 maentialem
624 4860 705 4930 panis
724 4867 852 4916 naturam
870 4862 970 4929 babet,
989 4883 1052 4921 cum
1070 4868 1106 4922 ιιι
1124 4886 1156 4923 er
1184 4886 1216 4922 ac
1244 4868 1360 4938 proinde
1385 4868 1467 4922 etiam
1492 4875 1612 4938 nutrire3
1638 4871 1667 4922 et
1684 4868 1723 4922 sic
1741 4870 1817 4941 quod
1836 4872 1941 4927 multae
1960 4889 1998 4929 eo

318 4960 392 5016 aqua
415 4949 444 4999 et
466 4944 557 4999 farina
574 4946 683 5002 triticea
699 4947 802 5016 pistus,
829 4948 864 5003 de
882 4949 971 5003 forma
988 4953 1156 5010 accidentali
1179 4954 1301 5026 junctim
1329 4955 1453 5028 faciunt,
1488 4957 1518 5010 id
1547 4962 1575 5011 et
1609 4956 1737 5027 singulae
1767 4958 1882 5013 seorsim
1910 4959 2002 5015 faci

319 5034 348 5086 et
375 5035 489 5086 externa
513 5049 568 5086 non
604 5049 698 5087 sumus
722 5032 842 5090 solliciti.
887 5042 911 5090 2.
937 5035 1051 5093 Nullum
1077 5043 1156 5098 adest
1182 5042 1308 5114 quamvis
1326 5058 1382 5097 non
1401 5047 1459 5097 tam
1478 5041 1659 5111 sensibiliter,
1681 5043 1807 5114 quisvis
1826 5046 1978 5102 multarum

319 5117 442 5172 divinum
462 5117 624 5173 mandatum
645 5119 680 5173 dc
698 5119 853 5189 quantitate
866 5121 912 5175 rel
927 5123 1061 5192 qualitate
1074 5130 1226 5209 panis;bic
1254 5129 1352 5183 fortior
1376 5136 1419 5184 est
1447 5129 1620 5201 singularum
1646 5128 1780 5198 dispersa.
1822 5134 1849 5184 3.
1877 5133 1904 5185 A
1930 5152 1958 5186 ιι

318 5201 500 5258 eucharistici.
528 5202 795 5266 &Quemadmodum
814 5204 944 5274 baptismi
958 5207 1097 5267 efficaciae
1109 5209 1304 5327 relqtnterm'r.
1341 5216 1484 5288 Quidquid
1508 5218 1618 5269 constet
1637 5215 1765 5285 partibus
1789 5217 1870 5287 panis
1890 5236 1970 5275 essen
1986 5213 1998 5229 ”

317 5288 471 5361 integritati
491 5287 559 5342 nibil
577 5288 701 5353 decedit,
725 5289 784 5345 sire
801 5306 875 5362 aqua
895 5293 931 5347 ad
951 5311 1012 5350 eam
1029 5298 1155 5356 adhibita
1180 5303 1253 5358 libus
1281 5306 1309 5356 et
1334 5302 1374 5358 sic
1400 5300 1515 5356 materia
1537 5304 1566 5354 et
1590 5299 1679 5354 forma
1702 5302 1797 5372 panis,
1820 5303 1849 5357 id
1879 5311 1922 5360 est
1941 5324 1972 5361 r-.

317 5374 353 5430 sit
373 5373 502 5440 fluvialis,
521 5374 579 5428 ιιιι
595 5373 720 5440 fontana,
742 5375 800 5432 sive
818 5378 937 5451 marina,
955 5381 1077 5456 itemque
1097 5389 1155 5444 eive
1183 5389 1274 5459 panis,
1302 5389 1369 5461 qnia
1387 5388 1485 5459 positis
1503 5387 1630 5458 partibus
1652 5388 1845 5444 essentialibus
1864 5398 1956 5448 totum

317 5462 354 5515 sit
368 5459 467 5529 calida,
488 5460 547 5515 sive
564 5459 681 5532 frigida,
701 5461 742 5517 ita
761 5480 871 5537 quoque
890 5484 985 5524 sacrae
999 5487 1101 5528 coense
1113 5493 1153 5530 re·
1183 5477 1265 5531 nitur.
1308 5475 1348 5529 at
1371 5474 1518 5545 placentae
1541 5474 1606 5530 illae
1624 5475 1793 5532 orbiculares
1813 5486 1943 5536 constant
1959 5499 1994 5552 p2

315 5551 412 5621 speetu
428 5544 545 5619 perinde
563 5551 614 5617 est,
633 5546 691 5603 sire
708 5549 790 5620 panis
807 5552 844 5609 sit
859 5555 963 5628 major,
987 5557 1033 5613 vel
1050 5560 1155 5623 minori
1183 5561 1260 5618 tibns
1277 5559 1470 5620 essentialibus
1489 5566 1518 5616 et
1536 5561 1576 5618 sio
1592 5562 1708 5619 materia
1727 5569 1756 5620 et
1772 5564 1870 5621 forma
1900 5565 1946 5625 De
1971 5590 1989 5613 a·
