4004 6022
211 149 272 206 bib
781 137 903 195 Locus
921 133 1126 194 menemus
1143 135 1343 194 SECUNDUS

210 298 403 366 paupertatem
420 310 485 356 cum
500 293 615 364 reliquis
632 291 788 356 monachis,
812 291 862 347 sed
881 291 935 345 bac
951 290 1046 345 eondi-
1072 308 1127 344 sae
1151 299 1216 345 eust
1239 306 1304 346 oses
1326 299 1353 344 et
1379 298 1515 345 merant
1538 290 1569 345 iss
1591 293 1698 346 ametis
1718 293 1865 347 monebas
1887 300 1914 346 et

210 381 300 449 tione,
327 386 359 434 ut
383 380 515 451 quamdiu
533 384 664 434 maneant
681 379 710 432 in
727 384 790 432 voto
809 378 946 448 simplice,
971 377 1045 447 quod
1071 379 1165 445 apris,
1193 386 1220 431 et
1243 378 1414 447 pomatieres
1436 367 1549 446 quidem
1567 379 1603 431 ab
1621 379 1794 433 euewritate
1810 380 1842 433 in
1862 382 1911 433 do·

211 473 325 531 vocant,
346 467 457 520 divitias
476 467 558 536 hujus
578 465 674 518 mundi
693 464 834 534 possidere
852 469 880 518 et
891 464 1046 517 hereditate
1071 465 1202 527 minium,
1221 481 1240 516 a
1259 464 1385 517 dominio
1403 463 1434 516 in
1454 464 1645 533 tyrannidem,
1669 481 1688 517 a
1699 465 1771 532 jure
1789 465 1821 516 in
1836 464 1913 531 inju-

211 554 354 623 ecquirere
372 553 478 623 possint
497 550 525 605 in
544 551 616 605 linea
633 551 737 604 directa
755 557 783 604 et
794 550 956 613 collaterali,
970 548 1046 602 unde
1070 549 1153 616 riam,
1174 568 1192 600 a
1211 557 1320 617 sceptro
1339 550 1368 601 in
1384 551 1493 617 uirpam
1510 550 1647 613 ferream,
1667 568 1686 603 e
1700 551 1761 602 Dei
1781 550 1860 602 eidos
1874 551 1914 602 ad

174 654 177 657 ⁴
211 648 305 695 votum
330 640 382 693 hoc
406 656 423 692 a
446 638 570 694 Navarro
591 639 662 708 juris
687 638 811 692 canonici
831 637 981 706 interprete
999 653 1045 689 no·
1071 635 1252 704 impietatem,
1276 653 1295 688 a
1317 636 1406 689 tutela
1423 636 1557 690 ecelesiae
1575 638 1618 688 ad
1635 636 1870 698 internecionem,
1896 652 1914 687 a

210 727 332 780 minatur
348 743 479 792 mepnum
498 735 523 778 et
542 725 687 791 mirabile,
718 724 823 794 quippe
840 723 915 792 quod
934 721 1045 774 divitias
1071 722 1155 773 morlo
1173 723 1214 774 ad
1229 721 1385 790 libidinem,
1404 740 1424 775 a
1442 722 1553 775 ratione
1573 723 1743 785 adnutum,
1764 739 1785 774 a
1802 721 1913 774 tributis

211 818 241 866 et
260 818 451 882 paupertatem
471 811 499 862 in
518 827 603 864 unum
622 809 777 878 subjectum
796 809 973 877 compingere
984 824 1046 876 pos·
1071 808 1112 858 ad
1130 807 1325 875 importabilia
1343 825 1439 877 cama,
1457 826 1476 861 e
1488 824 1562 876 paee
1581 808 1623 861 ad
1640 808 1715 862 bella
1735 807 1878 875 andelia,
1895 825 1913 859 e
1924 814 1987 856 mr

211 897 262 964 sit,
286 914 341 967 qua
366 897 401 951 de
423 913 453 949 re
472 894 582 948 disserit
600 895 775 963 Monteignes
794 895 823 946 in
843 893 947 947 defens.
967 891 1046 946 verit.
1072 892 1253 960 simplicitate
1267 895 1308 945 ad
1325 894 1421 957 doles,
1445 911 1464 945 a
1478 893 1633 961 praecientia
1652 894 1694 946 ad
1711 893 1872 954 maiitiam,
1894 909 1913 944 a

211 990 308 1037 contra
331 983 433 1036 Anton.
458 980 574 1034 Amold.
595 998 617 1034 c.
637 988 661 1033 5.
698 980 792 1049 Atque
810 980 875 1032 inde
893 985 948 1047 est,
972 977 1046 1047 quod
1072 979 1245 1032 liberalitate
1264 980 1306 1031 ad
1322 979 1432 1045 lunum,
1459 996 1480 1032 a
1490 978 1672 1047 parsimonia
1691 980 1732 1030 ad
1749 978 1913 1045 oswium,

212 1069 337 1122 Sorbona
358 1067 522 1121 Parisicnsie
547 1066 576 1119 in
601 1082 719 1119 censure
743 1066 778 1119 de
804 1063 1000 1134 diplomatibus
1020 1068 1047 1116 et
1074 1065 1110 1117 ab
1135 1072 1238 1117 ornatu
1260 1067 1302 1117 ad
1314 1082 1463 1133 pompam,
1489 1066 1525 1117 ab
1543 1064 1701 1119 obedientia
1720 1066 1764 1117 ad
1782 1072 1914 1133 apertam

211 1154 365 1224 privilegiis
393 1170 411 1212 a
440 1152 528 1206 Paulo
556 1151 608 1205 III.
635 1158 663 1206 et
689 1150 766 1205 lulio
793 1150 845 1203 Ill.
869 1148 1046 1219 pontificibus
1072 1151 1252 1204 rebellionem
1271 1167 1404 1204 conuersa
1422 1151 1506 1203 eunti
1533 1151 1644 1203 Utinam
1662 1168 1757 1203 nona
1775 1150 1916 1222 rsiipione

212 1241 276 1293 hnic
301 1240 389 1294 ordini
410 1239 546 1293 concessis
564 1255 637 1292 anno
660 1243 732 1291 1554.
752 1237 851 1289 durum
870 1244 967 1289 contra
985 1235 1046 1289 illos
1073 1239 1115 1289 ad
1128 1236 1360 1305 meperstitionem,
1379 1253 1398 1288 a
1412 1237 1475 1303 fids
1489 1238 1531 1288 ad
1541 1236 1744 1303 infidelitatem,
1765 1253 1785 1289 a
1802 1237 1915 1290 Christo

211 1326 316 1395 profert
339 1325 490 1396 judicium,
524 1325 595 1377 inter
619 1331 711 1376 cetere
734 1323 807 1375 enim
824 1322 864 1375 sic
882 1322 1045 1392 loquuntur:
1073 1325 1114 1376 aet
1133 1321 1430 1388 Anticbristum,‹1uin
1447 1338 1467 1373 a
1487 1322 1551 1374 Deo
1569 1322 1611 1374 ad
1629 1323 1792 1388 Epicurum
1810 1323 1917 1375 uelud

213 1412 292 1464 Haeo
314 1429 387 1463 notra
409 1411 529 1463 societas
557 1408 700 1461 incolitant
723 1408 844 1460 nonsinis
862 1409 932 1460 Jesa
950 1407 1046 1475 appel·
1073 1409 1265 1476 Pptbaporam
1301 1407 1374 1461 celest
1395 1424 1519 1475 prorsus
1545 1407 1683 1459 inanimes
1711 1408 1913 1471 declinassent,

212 1498 346 1550 lationem
362 1497 417 1548 sibi
435 1496 589 1548 nendicans
607 1501 664 1546 tam
685 1494 800 1546 licenter
818 1502 844 1546 et
861 1495 922 1546 sine
936 1495 1046 1546 delectu
1074 1496 1197 1547 dieentes
1215 1494 1245 1546 in
1263 1495 1348 1547 corde
1366 1493 1453 1560 impio
1472 1501 1498 1545 et
1515 1493 1545 1544 in
1560 1509 1607 1546 ore
1619 1493 1772 1562 impudico,
1793 1496 1863 1548 Non
1875 1501 1915 1547 est

212 1584 351 1653 praelibet
366 1600 521 1651 paeones,
549 1581 752 1648 qimntunilibet
772 1582 964 1642 facinorosas,
983 1579 1045 1632 ille·
1058 1562 1062 1644 i
1075 1583 1155 1633 Deus
1171 1587 1222 1634 etc.
1261 1578 1492 1633 itiBellarminus
1513 1579 1542 1633 in
1561 1595 1639 1633 conc.
1657 1578 1692 1632 de
1711 1578 1820 1634 lumine
1839 1579 1913 1644 fidei,

212 1669 327 1737 pitines
347 1677 371 1720 et
389 1670 513 1735 infames
531 1667 695 1733 admittens,
721 1668 830 1720 nullam
857 1686 876 1720 a
893 1666 1046 1720 sacedoti-
1073 1667 1108 1721 de
1128 1665 1333 1720 Catholieorum
1354 1669 1414 1718 tum
1426 1654 1568 1718 'laicorum
1587 1670 1647 1719 tum
1665 1666 1848 1720 sacerdotnm
1867 1668 1914 1721 im·

212 1755 263 1807 biis
290 1755 465 1807 secularibus
488 1755 593 1805 babens
616 1753 808 1821 differentiam
831 1754 861 1805 in
882 1751 979 1804 babitu
1003 1768 1045 1803 es·
1073 1752 1177 1821 pietate
1201 1757 1325 1820 tempore
1350 1748 1468 1805 Lutberi
1493 1751 1598 1820 passim
1622 1758 1769 1822 massanus
1787 1752 1830 1806 sic
1847 1769 1913 1807 con·

211 1842 330 1904 teriore,
349 1841 379 1892 in
398 1848 527 1905 tonstrua,
545 1840 575 1892 in
595 1840 673 1892 boris
691 1840 835 1891 canendis
848 1840 985 1907 priuatim
1004 1839 1046 1890 di·
1074 1840 1209 1910 queritur:
1222 1839 1316 1890 Eram
1324 1855 1414 1890 mores
1422 1839 1564 1890 bominum
1573 1839 1798 1892 Cbmmianorum
1808 1857 1914 1906 mepna

212 1928 310 1979 eenelis
328 1936 377 1978 aut
391 1928 505 1995 pellice
525 1926 676 1994 intemplo
695 1927 897 1989 decantandis,
922 1927 951 1978 in
969 1926 1046 1978 clau·
1074 1942 1107 1978 ea
1114 1933 1199 1993 parte
1207 1923 1422 1992 corruptissimi,
1432 1932 1618 1989 sememonta,
1630 1925 1742 1994 relipio,
1755 1926 1914 1996 disciplina

211 2014 279 2065 stris
297 2021 322 2065 et
341 2013 469 2075 silentio,
496 2013 525 2064 in
550 2012 659 2063 delectu
677 2012 800 2063 ciberum
820 2020 845 2065 et
867 2014 990 2076 dierum,
1017 2011 1047 2063 ia
1073 2011 1264 2065 melesiastiea
1283 2011 1527 2063 condemnabantur
1547 2017 1574 2062 ct
1591 2011 1746 2077 rcpnabent
1759 2013 1858 2064 omnia
1869 2031 1913 2080 pc·

158 2121 166 2132 ·
207 2098 332 2168 jejuniis
359 2107 384 2151 et
409 2098 477 2150 aliis
502 2098 592 2150 variis
616 2099 795 2163 ceremoniis,
832 2098 930 2165 aridus
958 2105 1048 2149 states
1073 2116 1143 2150 nera
1161 2096 1300 2149 citiorum.
1330 2094 1395 2150 Vid.
1414 2095 1450 2149 ib.
1468 2095 1551 2165 plura
1568 2095 1596 2148 in
1613 2096 1685 2149 hanc
1701 2097 1912 2152 sententiam⁸⁸

213 2185 383 2250 relipionum
403 2185 614 2252 «smirnamum
632 2190 657 2236 et
676 2191 887 2251 conservantur,
903 2191 961 2235 tam
978 2183 1047 2235 mul-
1076 2182 1209 2236 Claudius
1221 2181 1397 2250 Espencaeus
1416 2181 1446 2233 in
1464 2189 1602 2235 comment
1624 2188 1644 2236 l.
1661 2181 1734 2236 Tim.
1752 2200 1779 2252 p.
1801 2189 1862 2238 ³74.
1880 2201 1913 2238 ex

213 2271 250 2322 tis
266 2278 377 2338 tannarie
395 2272 483 2323 varin
499 2270 669 2339 pricilepiis,
688 2270 808 2323 indultis
827 2278 854 2321 et
871 2270 1048 2322 libertatibus
1075 2267 1237 2323 Bemhardo
1253 2266 1326 2322 hanc
1343 2265 1445 2337 repetit
1463 2267 1615 2335 querelem:
1645 2269 1702 2321 Vae
1721 2287 1774 2322 cae
1794 2286 1912 2336 penere-

213 2358 334 2422 donatu,
353 2358 522 2425 praesertim
547 2358 577 2409 in
602 2357 849 2410 administratione
867 2357 1046 2417 sacramenti,
1074 2355 1145 2408 tioni
1161 2354 1244 2406 baie!
1268 2360 1354 2406 totum
1376 2369 1478 2420 corpus
1497 2353 1852 2422 nominatumque
1872 2356 1912 2408 la-

208 2444 397 2511 poenitentiae
422 2451 449 2496 ct
471 2444 674 2507 erlebaristiae,
703 2443 789 2511 idque
806 2444 866 2495 sinc
886 2443 1047 2495 discrimine
1074 2444 1136 2508 tius,
1156 2457 1188 2492 eo
1207 2439 1386 2508 desperatius
1403 2439 1490 2506 serpit
1507 2438 1591 2491 bodie
1605 2439 1712 2507 putido
1729 2440 1808 2493 tabes
1826 2442 1913 2511 lippo-

213 2528 338 2582 loeorum
363 2538 414 2581 eut
434 2546 633 2598 personarum,
659 2531 689 2582 in
713 2531 810 2594 officio
832 2530 915 2582 etiam
931 2529 1048 2597 praedi·
1073 2530 1177 2580 crisces
1199 2543 1252 2594 per
1276 2533 1363 2578 tetram
1385 2541 1487 2592 corpus
1511 2524 1661 2592 occimian-
1684 2543 1759 2578 nunc
1778 2528 1913 2596 impletur

212 2617 306 2682 cendi,
325 2616 439 2682 dependi
458 2624 483 2666 et
500 2616 637 2680 docendi,
656 2615 686 2667 in
699 2616 912 2683 praejudicinm
931 2615 1046 2666 ordina·
1073 2613 1149 2665 illud
1169 2613 1292 2665 Esaiae:
1320 2612 1394 2663 Ecce
1418 2610 1448 2662 in
1470 2627 1544 2677 pace
1569 2611 1732 2665 amaritudo
1751 2630 1814 2665 mea
1832 2632 1911 2667 ama·

211 2702 319 2753 riorum
338 2708 364 2753 et
380 2701 557 2753 bierarrbiae
576 2701 695 2766 aretinis,
714 2701 744 2752 ia
757 2701 967 2768 praejrulioinm
980 2717 1045 2768 qrso·
1072 2699 1195 2753 riasima.
1231 2696 1397 2750 Franciscus
1419 2695 1585 2750 Lambcrtus
1604 2696 1634 2751 in
1651 2696 1770 2766 praefat
1787 2698 1856 2754 libri
1877 2701 1912 2755 de

213 2802 265 2854 pue
291 2787 416 2838 aliarum
439 2786 623 2852 relipionum,
652 2787 707 2836 insa
733 2786 818 2837 etiam
838 2786 1000 2852 principum
1021 2793 1047 2837 et
1073 2784 1219 2854 conjugio:
1245 2784 1310 2850 Epo
1334 2782 1365 2834 in
1385 2781 1491 2848 inclyta
1513 2780 1678 2835 Galliarum
1696 2784 1845 2838 Avenione
1862 2805 1912 2839 na·

213 2873 391 2924 «laminarum
411 2871 623 2938 temporalium,
651 2878 750 2922 contra
772 2871 924 2938 privilepia
939 2871 1047 2923 uniuer·
1073 2879 1116 2922 tus
1134 2878 1161 2922 et
1180 2871 1209 2921 in
1225 2867 1338 2937 palatio
1356 2867 1419 2934 eius
1435 2883 1520 2934 saepe
1540 2875 1680 2934 emeatus,
1706 2871 1785 2938 prod
1800 2874 1913 2940 pendor

139 2998 141 3002 .
212 2959 344 3023 silatum,
385 2957 505 3024 denique
537 2957 568 3007 in
597 2973 728 3022 mapnum
756 2957 860 3024 populi
887 2974 1048 3023 precamen,
1072 2974 1150 3009 meus
1167 2953 1317 3021 tonationis
1335 2953 1410 3020 eius,
1438 2969 1510 3020 meae
1533 2955 1615 3020 apud
1632 2957 1752 3008 eaneiem
1770 2957 1912 3011 αὐίιαωνι

212 3043 359 3110 relipionis
392 3043 563 3095 nrersastieee
590 3042 760 3094 honestatem
790 3043 898 3094 uiolare
928 3044 1046 3110 uidetur,
1074 3050 1114 3094 est
1132 3050 1156 3094 et
1171 3040 1287 3109 palatii,
1306 3047 1336 3093 ut
1354 3047 1463 3101 coeam,
1481 3039 1635 3107 apostolici
1650 3044 1821 3097 secretarius
1833 3053 1912 3111 esset

212 3130 382 3195 studiosum,
398 3129 481 3199 pium
499 3136 523 3180 et
541 3129 729 3181 necessarium
743 3128 889 3192 uirtutum,
907 3129 1046 3182 abstinen-
1073 3128 1139 3180 noui
1167 3127 1341 3180 sanctitatem
1366 3127 1447 3194 repni
1474 3127 1549 3194 ejus,
1575 3127 1609 3179 id
1633 3134 1675 3180 est
1699 3129 1862 3198 impietates
1886 3138 1912 3183 et

212 3216 316 3267 tiaram
340 3222 366 3268 et
389 3214 565 3266 austeritatis
589 3222 703 3267 enervat
727 3215 901 3280 enercitium,
929 3216 984 3268 imo
1003 3233 1045 3268 oc·
1073 3214 1296 3267 inmundissime
1326 3213 1410 3265 simul
1438 3220 1523 3280 atque
1553 3213 1762 3279 nefandissima
1791 3218 1912 3280 seclae,

212 3301 353 3353 casiancm
368 3302 420 3352 dat
432 3300 518 3352 libere
533 3300 720 3368 apostatandi
730 3302 766 3352 ab
778 3300 1046 3370 aliisrelipionibus,
1073 3299 1185 3353 tametsi
1206 3300 1242 3351 ab
1264 3315 1361 3351 eorum
1381 3298 1561 3352 multitudine
1575 3301 1673 3364 fateor
1689 3301 1807 3371 uictum,
1837 3307 1913 3373 qssoel

213 3388 335 3439 debitam
355 3386 513 3438 ordinariis
530 3386 727 3453 subJ'eetinnem
749 3395 774 3439 et
788 3387 972 3439 obedientiam
984 3389 1046 3440 sub·
1074 3394 1131 3438 tarn
1146 3385 1236 3438 multa
1255 3391 1338 3451 atque
1358 3385 1483 3438 enormia
1506 3386 1576 3452 sint,
1601 3395 1630 3438 ut
1655 3388 1702 3439 ore
1725 3406 1852 3457 tunquam
1878 3408 1912 3442 ea

213 3472 307 3538 trabit,
325 3472 454 3523 domitios
472 3478 529 3522 tam
549 3473 718 3540 temporales
739 3490 823 3540 pisam
845 3474 1047 3526 ecclesiastices
1073 3472 1193 3525 recitare
1207 3472 1321 3539 pesam.
1355 3469 1438 3524 Forte
1453 3487 1517 3524 sero
1536 3471 1625 3541 major
1636 3474 1814 3528 sanctitasin
1827 3474 1912 3530 ltalia

212 3557 271 3609 sais
284 3558 399 3624 juribus
419 3557 521 3625 injuste
537 3559 650 3626 privent,
663 3559 904 3625 perturbationem
921 3561 952 3610 in
970 3568 1047 3612 utra·
1073 3558 1109 3612 ob
1129 3556 1247 3610 vicinam
1264 3554 1382 3609 Romani
1400 3556 1535 3626 praesulis
1552 3557 1665 3611 sedem?
1684 3558 1740 3613 imo
1759 3577 1828 3616 sero
1846 3579 1910 3617 con-

213 3659 265 3710 que
281 3643 396 3710 politia,
416 3643 518 3695 nsultas
538 3644 567 3694 in
577 3643 686 3711 populo
700 3645 840 3712 qraerelas,
859 3646 1045 3706 multaslites,
1073 3644 1186 3697 trarium
1206 3647 1324 3696 testetur
1341 3641 1539 3697 Machiavellus
1557 3642 1605 3697 lib.
1623 3650 1644 3699 t.
1657 3652 1804 3702 comment
1821 3664 1846 3703 c,
1863 3655 1908 3703 ll:

128 3720 136 3731 '
213 3727 351 3795 dissidia,
369 3728 568 3795 contentiones,
588 3730 798 3798 aemulationes,
817 3731 983 3784 rebelliones
999 3750 1046 3783 aa·
1075 3731 1242 3797 Quanquam
1264 3729 1374 3799 (inquit)
1394 3730 1485 3782 ltalia
1504 3730 1626 3783 omnium
1646 3731 1805 3786 Christiani
1823 3737 1912 3788 nonsi-

212 3815 313 3880 riaepse
331 3812 485 3865 scbmmeta
502 3813 617 3868 inducit.
649 3816 750 3882 Itaque
766 3817 809 3868 bis
824 3817 948 3870 ortsnibes
965 3827 1047 3886 enque
1072 3819 1116 3870 nis
1125 3817 1339 3884 prouinciarum
1354 3816 1488 3869 ecelesiae
1498 3817 1644 3870 Rornanae
1658 3819 1777 3870 nmmme
1788 3821 1913 3883 finitima

213 3899 281 3952 aliis
298 3900 449 3966 dilipcnter
467 3901 632 3952 examinatis
651 3909 676 3953 et
687 3902 835 3970 perpensis
847 3903 915 3954 liare
928 3904 1047 3957 sacietas
1072 3904 1122 3971 sit,
1146 3903 1228 3955 nulla
1246 3911 1340 3954 tamen
1357 3909 1411 3969 est,
1436 3919 1509 3970 quae
1529 3904 1618 3955 saintes
1635 3905 1782 3972 relipionis
1799 3906 1912 3970 babeat,

211 3985 325 4038 videtur
349 3987 379 4037 in
399 3986 510 4054 nepotio
521 3987 597 4054 fidei
610 3987 787 4054 periculosa,
810 3990 895 4055 pacis
912 3991 1047 4043 ecclesiae
1073 3990 1204 4058 pitantiam
1227 3990 1405 4042 sanctissima
1427 3989 1482 4041 illa
1502 3990 1633 4042 Romana
1655 3993 1737 4044 ersria
1752 4002 1913 4061 perpetuas

208 4072 418 4142 perturbativa,
442 4073 612 4125 monasticae
635 4072 783 4139 relipiens's
804 4075 926 4125 sveraina
945 4083 971 4127 et
988 4094 1046 4127 rna·
1075 4077 1113 4128 ibi
1131 4077 1277 4143 factiosam
1302 4082 1327 4127 et
1345 4074 1509 4128 discordias
1528 4077 1604 4130 serit.
1642 4075 1767 4141 Bodinus
1788 4079 1827 4134 de
1846 4080 1912 4134 dae

213 4158 257 4226 pis
275 4159 317 4210 ad
331 4158 546 4211 destructionem
564 4175 649 4225 priam
666 4159 708 4209 ad
726 4160 949 4220 aedificationem
969 4166 1022 4216 etc.
1074 4178 1228 4217 monoman.
1253 4161 1352 4228 refert,
1382 4162 1539 4214 Treeealcm
1563 4161 1698 4230 insipnem
1720 4181 1834 4230 mnptsm
1858 4167 1914 4219 eibi

86 4258 200 4300 emortus
248 4249 308 4300 268.
346 4243 426 4309 Quod
452 4243 488 4297 ad
512 4244 698 4314 promiscuum
723 4244 824 4314 vulgus
847 4244 876 4298 in
894 4262 980 4316 regno
999 4264 1047 4316 pa·
1075 4249 1195 4315 diuiem,
1221 4249 1251 4301 in
1277 4265 1333 4301 uno
1356 4248 1479 4315 quocum
1504 4263 1591 4316 repno
1612 4249 1744 4302 aetnae
1760 4251 1912 4305 Romanae

85 4311 200 4412 mais„
213 4328 269 4399 pali
294 4329 407 4397 attinet,
431 4329 501 4383 illud
520 4347 583 4382 cum
602 4346 618 4383 a
636 4330 796 4399 scripturae
817 4347 911 4385 sacrae
930 4331 1048 4387 lectione
1075 4335 1191 4388 addicto
1217 4350 1277 4387 esse
1299 4351 1387 4401 supra
1412 4339 1520 4386 centum
1546 4334 1639 4386 millia
1656 4351 1813 4400 naporum.
1855 4337 1913 4392 Sed

87 4414 129 4455 Μ’·
213 4421 349 4484 arceatur,
368 4416 397 4469 in
415 4415 594 4470 concionibus
606 4432 680 4483 vero,
700 4432 773 4487 quae
786 4417 924 4487 plerisque
937 4418 965 4470 in
980 4418 1048 4472 locis
1074 4420 1141 4491 quid
1167 4420 1333 4473 camarinam
1357 4418 1428 4473 hanc
1450 4418 1554 4473 diutius
1573 4419 1735 4474 moremus?
1765 4419 1837 4476 Dies
1855 4423 1914 4479 Do-

109 4554 114 4562 ,
213 4501 368 4556 rarissimae
389 4501 534 4570 habentur,
554 4501 673 4565 fabulas,
695 4503 903 4571 superstitiones
923 4504 1047 4557 ottradi·
1074 4506 1141 4560 mini
1160 4504 1307 4573 revelabit,
1328 4509 1434 4575 quanta
1451 4505 1573 4575 flagitia,
1595 4512 1747 4575 quantasve
1765 4506 1915 4578 impurita-

211 4588 303 4642 tiones
325 4587 385 4642 loco
409 4587 486 4642 verbi
508 4587 635 4642 coelestis
654 4588 764 4654 audiat,
792 4588 856 4642 indo
874 4589 973 4642 mirum
992 4607 1047 4643 non
1073 4600 1114 4647 tes
1135 4593 1178 4647 vel
1202 4593 1285 4645 unice
1301 4591 1350 4645 illa
1366 4591 1411 4645 lex
1431 4591 1540 4660 papalis
1561 4591 1596 4645 de
1616 4598 1753 4661 perpetuo
1772 4595 1915 4651 coelibatu

214 4678 265 4736 est,
283 4691 333 4744 pro
350 4674 456 4744 pietate
473 4673 710 4743 superstitionem,
734 4691 783 4743 pro
803 4673 901 4727 notitia
917 4676 975 4728 veri
993 4675 1047 4731 Dei
1073 4697 1090 4734 a
1107 4677 1314 4746 sacerdotibus,
1337 4677 1480 4731 monacbis
1500 4682 1529 4731 ot
1545 4677 1709 4732 monialibus
1726 4681 1866 4737 servando
1884 4684 1916 4737 in

214 4774 334 4814 crassam
354 4759 547 4830 ignorantiam,
576 4776 626 4830 pro
645 4777 710 4814 vero
729 4759 781 4813 Dei
802 4759 879 4814 cultu
898 4760 1046 4835 teuocnn-
1073 4765 1218 4819 ecclesiam
1235 4763 1389 4817 Romanam
1409 4762 1600 4818 introduxerit.

213 4852 307 4905 aeetae
335 4845 440 4914 ubique
466 4844 608 4899 dominari.
653 4844 808 4915 Episcopus
836 4845 995 4902 Bitontinus
1018 4850 1046 4902 in
1108 4858 1167 4906 269.
1204 4851 1362 4904 Membrum
1385 4849 1505 4903 tertium.
1540 4848 1615 4905 Num
1637 4849 1712 4904 ritae
1735 4851 1872 4907 sanctitas
1896 4867 1961 4909 atr
1974 4880 1987 4907 s

214 4933 338 4986 oratione
364 4947 456 4985 coram
479 4931 636 4985 Tridentini
661 4931 770 4984 concilii
800 4932 925 5002 patribus
951 4933 1048 4989 habite
1073 4937 1232 4991 doctoribus
1252 4943 1279 4991 et
1298 4934 1473 4990 auditoribus
1492 4935 1521 4988 in
1541 4935 1663 4991 ecclesiis
1681 4937 1852 5008 evangelicis
1866 4957 1915 4995 ex·
1928 4925 1987 5013 :iffi

214 5017 286 5071 inter
319 5023 413 5072 cetere
444 5016 483 5070 sic
515 5015 658 5088 loquitur:
703 5017 806 5078 Quibus
841 5020 1047 5088 turpitudinum
1073 5023 1165 5077 salet?
1196 5021 1383 5076 Bellarminus
1410 5020 1478 5074 illud
1499 5021 1737 5076 demonstraturus
1759 5029 1789 5078 et
1807 5024 1987 5082 Ianthe-”²¹

210 5106 356 5173 monstris,
375 5105 575 5172 praecordium
593 5103 720 5171 collariis,
741 5122 797 5173 pua
811 5113 890 5172 peste
909 5125 965 5159 ison
983 5117 1047 5162 sunt
1071 5126 1133 5162 rum
1151 5114 1179 5162 et
1198 5107 1373 5162 Luthersnos
1396 5106 1499 5161 acriter
1514 5108 1685 5178 perstringit.
1720 5109 1765 5163 De
1783 5109 1916 5169 Lutbero
1930 5077 1987 5170 iiis

203 5189 335 5255 foedati,
349 5197 409 5242 'non
427 5190 556 5258 corrupti
573 5190 603 5242 in
620 5190 739 5242 ecclesia
757 5191 819 5242 Dei
837 5200 937 5244 sancta
954 5201 981 5246 et
995 5212 1046 5263 po·
1072 5193 1168 5248 scribit
1192 5198 1217 5248 1.
1236 5195 1314 5263 quod
1331 5210 1363 5247 ee
1380 5210 1457 5247 mma
1478 5194 1588 5247 invidia
1606 5202 1632 5247 et
1648 5196 1801 5249 ambitione
1816 5214 1917 5269 papa·

206 5273 295 5342 putus
315 5282 340 5325 et
357 5277 513 5328 sacerdos?
532 5280 583 5328 etc.
620 5275 1045 5349 Quidnii1·um,eiinde(pro·
1071 5288 1130 5333 trem
1149 5297 1313 5348 oppupnare
1331 5281 1464 5349 eoeperit,
1489 5296 1572 5346 aspre
1597 5280 1669 5333 enim
1694 5281 1787 5350 ipsum
1805 5286 1918 5357 musae,

209 5365 272 5428 pter
288 5359 484 5429 negligentiam
504 5367 532 5414 et
548 5360 717 5430 impietatem
728 5363 881 5430 pastorum)
894 5372 920 5417 et
932 5365 1042 5433 disper-
1073 5367 1150 5434 quod
1167 5383 1267 5420 munies
1281 5367 1558 5434 promulpendeuum
1575 5366 1818 5434 indulpentiasum
1836 5373 1919 5429 esai
