4004 6022
792 160 1213 224 DESACRAOOENL'
1771 176 1811 234 ῃ

119 316 191 371 teria
221 314 339 372 dubium
355 315 476 385 uulliun,
494 315 561 388 quia
578 315 659 372 adest
675 316 845 373 trumentum
861 323 957 373 contu·
981 317 1002 375 f.
1025 324 1080 376 lai.
1104 326 1136 376 at
1161 319 1294 391 butyrum
1311 325 1340 376 et
1356 319 1511 392 pinguedo,
1534 338 1606 394 quse
1622 321 1653 377 in
1669 321 1814 381 conficiam

117 419 180 456 sum
197 410 226 458 et
241 419 322 474 aqua
360 401 461 458 Forma
478 403 559 474 panis
578 409 620 458 est
636 420 743 458 massas
760 404 854 459 debito
874 404 956 459 modo
981 404 1024 459 dis
1047 406 1214 476 placentulis
1237 406 1406 461 nostratibus
1428 408 1465 462 ad
1483 407 1581 462 melius
1600 410 1814 479 promovendam

120 489 222 545 mixne
245 495 274 544 st
297 489 429 546 subactae
444 495 522 546 certa
538 491 729 558 consistentia,
752 493 848 562 κρᾶσις
865 497 893 546 et
909 509 954 546 ve·
981 491 1181 546 contentionem
1206 497 1235 546 et
1257 493 1439 549 amovendam
1456 495 1628 549 adunionsm
1648 495 1815 567 quandoque

117 576 170 630 luti
202 577 340 649 quasdam
367 578 554 649 proportio.**
594 577 637 631 Ex
661 578 704 633 his
729 578 812 633 facile
833 579 957 650 judicari
980 576 1161 646 adhibentur,
1187 584 1252 632 sunt
1280 584 1411 634 maanes
1429 586 1458 634 et
1475 580 1641 648 accessoria,
1668 582 1743 636 unde
1761 599 1814 638 nec

33 673 104 717 uti.
118 667 212 734 potest
235 663 271 719 de
295 663 410 734 objectis
430 663 655 718 adversariorum.
694 662 955 719 tolerantem
978 662 1078 718 horum
1101 664 1130 718 in
1152 664 1206 717 illis
1228 665 1316 719 ullum
1337 682 1388 720 nec
1411 672 1490 722 tactu
1507 683 1560 721 nec
1579 672 1732 738 gustunec
1751 669 1814 724 risu

10 744 65 826 ’ἐξ
118 750 198 802 mani
227 752 374 819 eodemque
400 750 508 818 majori
527 767 603 818 pane
627 767 694 802 unis
717 751 746 803 in
772 752 954 804 administre-
981 747 1065 804 stiam
1088 748 1303 819 deprehenditur
1323 751 1480 821 vestigium.
1516 753 1592 824 Ergo
1614 753 1664 808 illa
1680 770 1736 808 non
1753 772 1814 809 mu·

10 841 77 881 Μ·
118 836 194 891 tione
211 852 321 891 comas.
357 835 583 906 Respondemus:
605 836 759 906 exemplum
778 836 880 891 Christi
892 855 955 906 pro·
979 841 1042 890 tant
1065 836 1106 890 rei
1130 836 1286 895 essentiam.
1323 842 1347 892 3.
1366 837 1480 893 Falsum
1499 846 1554 908 est,
1582 857 1681 910 panem
1704 846 1813 900 tautum

10 898 30 935 ⁸⁶
117 922 183 986 bat,
208 922 314 977 licitum
337 939 397 977 esse
419 939 493 992 pane
516 922 653 976 communi
682 923 834 993 eodemque
857 923 954 993 majori
980 939 1013 976 sx
1031 921 1170 976 frumento
1190 928 1219 976 et
1237 939 1310 993 aqua
1326 930 1461 994 constare,
1481 925 1569 979 mults
1588 926 1662 980 enim
1681 926 1738 981 alia
1751 944 1814 998 pos-

117 1011 146 1064 in
174 1025 253 1063 sscra
279 1026 366 1064 coena
392 1009 448 1071 ud,
475 1026 652 1080 nequequam
676 1025 742 1063 vero
760 1010 954 1064 necessitatem
980 1014 1047 1061 sunt
1063 1007 1211 1076 accedere,
1236 1024 1307 1078 quae
1324 1009 1391 1078 pani
1407 1011 1452 1065 vel
1468 1012 1616 1066 cesennam
1634 1030 1699 1067 cum
1715 1015 1814 1070 ceteris

116 1095 239 1167 aliquam
266 1097 410 1166 importat,
441 1113 503 1150 cum
529 1096 564 1150 ds
591 1095 726 1166 qualitate
747 1101 777 1150 et
799 1096 953 1166 quantitate
980 1093 1126 1150 conferunt
1143 1094 1249 1157 causis,
1267 1093 1312 1148 vel
1330 1112 1442 1151 suavem
1460 1103 1555 1152 tamen
1572 1115 1699 1168 saporem
1716 1116 1813 1156 conce·

115 1183 197 1254 panis
216 1200 272 1237 non
290 1182 363 1236 adsit
380 1199 539 1251 expressum
550 1181 719 1236 mandatum.
743 1181 869 1237 Christus
881 1199 953 1252 pane
980 1183 1059 1250 dunt,
1077 1181 1123 1236 vel
1139 1183 1209 1236 alias
1227 1183 1310 1237 etiam
1329 1184 1476 1253 qualitates
1495 1185 1667 1256 largiuntur,
1686 1204 1740 1256 quo
1757 1185 1813 1243 fine

114 1285 216 1339 azymo
241 1269 270 1322 in
297 1268 387 1338 prima
418 1284 504 1322 coena
534 1285 600 1322 usus
630 1274 687 1331 est,
719 1274 752 1322 ut
768 1267 797 1322 iu
814 1267 953 1339 prioribus
980 1269 1064 1324 stiam
1082 1268 1122 1322 sal
1141 1274 1169 1323 et
1188 1269 1354 1323 fermentum
1374 1269 1552 1340 adhibentur,
1574 1289 1630 1325 non
1648 1288 1710 1327 raro
1729 1273 1813 1328 etiam

115 1355 295 1409 ostendimus.
356 1353 519 1408 Adversarii
562 1359 660 1407 conns
704 1353 756 1408 boc
796 1354 950 1423 exemplum
979 1355 1086 1410 semina
1108 1353 1192 1419 anisi,
1214 1354 1317 1408 cumini
1335 1361 1387 1409 etc.
1410 1372 1517 1410 massae
1536 1357 1671 1412 induntur
1687 1359 1731 1413 vel
1748 1375 1812 1414 cum

114 1440 219 1496 Christi
238 1445 327 1512 agunt
343 1441 424 1511 panis
443 1439 595 1494 communis
613 1444 642 1494 et
662 1439 821 1494 fermentati
833 1438 951 1494 necessi·
979 1457 1013 1496 sa
1039 1440 1258 1496 commiscentur.
1303 1442 1329 1496 6.
1356 1442 1423 1494 Non
1451 1450 1606 1511 eoqaamtn
1634 1445 1664 1496 iu
1689 1445 1810 1503 elibano.

114 1533 201 1582 tatem
218 1531 434 1596 propugnantes.
471 1529 499 1580 2.
518 1526 706 1580 Plocsutalae
725 1527 796 1580 illes
815 1545 871 1580 uon
889 1534 952 1578 aaut
979 1526 1202 1596 Respondemus:
1236 1531 1257 1581 1.
1285 1526 1443 1595 subjectam
1469 1543 1524 1582 non
1547 1533 1637 1583 mutat
1658 1530 1746 1599 ipsam
1771 1531 1811 1587 rei

113 1630 196 1667 seras
210 1615 307 1682 posis.
341 1612 563 1683 Respondemus:
590 1612 727 1667 imovero
745 1612 879 1680 essentia,
905 1612 951 1666 de·
979 1612 1139 1681 cesennam
1159 1617 1183 1667 2.
1200 1610 1278 1667 locus
1296 1610 1325 1666 in
1345 1628 1400 1683 quo
1419 1611 1453 1666 fit
1468 1614 1558 1683 panis,
1575 1631 1631 1669 non
1649 1619 1812 1672 tantumest

113 1698 219 1766 finitio,
242 1704 335 1769 partes
361 1704 390 1754 st
413 1697 596 1769 proprietates
622 1698 781 1754 essentiales
802 1698 882 1768 panis
898 1698 950 1753 eis-
978 1699 1075 1753 furnus
1098 1698 1143 1753 vel
1168 1698 1308 1763 clibanus,
1333 1699 1484 1754 sedetiam
1504 1701 1534 1754 in
1553 1699 1615 1754 aliis
1633 1701 1701 1756 locis
1719 1709 1812 1773 potest

115 1785 179 1841 dem
208 1785 389 1848 conveniunt,
415 1784 482 1855 quia
502 1790 595 1854 partes
616 1783 696 1854 panis
720 1789 786 1838 sunt
807 1783 898 1837 farina
922 1790 951 1838 et
977 1785 1024 1841 ille
1041 1783 1147 1840 confici
1183 1785 1241 1841 Jos.
1261 1784 1451 1848 Quercetanns
1468 1786 1579 1842 diaetet.
1598 1787 1729 1858 polyhist.
1747 1805 1771 1844 c.
1784 1796 1808 1846 5.

115 1888 192 1943 aqua
216 1873 256 1927 sic
277 1871 351 1927 inter
374 1887 404 1925 se
422 1871 601 1939 commixtae,
623 1876 656 1924 ut
679 1869 813 1923 crassiore
835 1869 948 1923 humore
977 1889 1003 1941 p,
1024 1875 1081 1926 189.
1108 1889 1195 1941 panes
1220 1871 1321 1942 partim
1347 1872 1376 1926 in
1398 1872 1521 1941 clibano,
1543 1873 1644 1942 partim
1671 1874 1701 1927 in
1728 1891 1810 1946 aqna,

115 1973 168 2028 per
197 1958 317 2013 calorem
346 1963 488 2012 externum
520 1956 649 2011 absumto
682 1955 836 2010 consistant
864 1961 949 2025 atque
977 1957 1078 2027 partim
1103 1957 1176 2012 inter
1201 1974 1305 2027 prunas
1330 1956 1414 2012 etiam
1441 1957 1502 2013 fieri
1528 1959 1616 2016 docet.
1657 1959 1700 2014 Ac
1723 1977 1810 2030 panes

113 2044 257 2099 masticari
279 2050 308 2099 st
331 2045 360 2098 in
384 2042 506 2114 corporis
523 2043 701 2097 nutritionem
721 2041 819 2097 cedere
837 2045 948 2112 queant,
975 2062 1031 2100 non
1045 2049 1155 2120 ⁸tanturn
1174 2044 1334 2111 immons,
1358 2045 1409 2099 sed
1431 2051 1460 2100 et
1482 2047 1599 2102 focarios
1619 2054 1648 2102 et
1668 2049 1810 2104 vernatio.

114 2137 148 2185 ιιι
171 2131 254 2185 docet
269 2129 342 2184 Pliu.
360 2128 408 2184 lib.
431 2136 471 2185 15.
492 2136 550 2185 nst.
570 2129 635 2186 hist.
654 2145 678 2185 c.
699 2134 738 2183 15.
775 2127 863 2198 Atqui
880 2124 948 2181 haec
976 2131 1034 2185 dari
1053 2136 1162 2185 wustat
1180 2146 1214 2185 er
1233 2130 1439 2200 comparatione
1454 2130 1648 2202 Hippocratis,
1670 2152 1743 2204 quas
1762 2134 1810 2190 ha

114 2216 209 2271 omnia
232 2215 397 2287 placentulis
424 2215 479 2269 illis
503 2215 677 2270 conveniunt
713 2217 741 2267 3.
760 2214 826 2268 Non
850 2213 948 2267 babeat
976 2218 1057 2273 betur
1082 2216 1130 2272 lib.
1155 2222 1179 2271 2.
1209 2217 1244 2271 ds
1269 2216 1352 2271 disat
1376 2233 1451 2271 numu
1477 2224 1500 2272 l.
1535 2217 1554 2270 f.
1581 2224 1623 2274 46.
1662 2227 1690 2273 et
1717 2219 1811 2275 Teub-

113 2304 170 2357 os'm
198 2303 351 2357 nutriendi.
399 2300 626 2371 Respondemus:
660 2299 715 2354 imo
744 2316 809 2354 vero
837 2298 948 2383 habeut,
976 2303 1068 2359 manni
1085 2302 1115 2356 in
1130 2302 1226 2357 Aulul.
1251 2302 1346 2357 Plauti
1371 2310 1424 2358 act.
1451 2309 1475 2359 2.
1498 2320 1570 2359 scen.
1596 2305 1810 2363 9.fol.166.r.

115 2389 192 2461 qnod
214 2405 279 2444 vero
304 2395 369 2443 actu
394 2387 467 2443 forte
486 2403 542 2440 uon
558 2386 698 2454 nutriunt,
729 2385 792 2440 ideo
809 2383 854 2452 fit,
882 2385 948 2456 quia
976 2391 1130 2460 Artoptam.
1169 2389 1286 2458 Tn'plss
1299 2390 1388 2457 pasis
1405 2397 1481 2457 erat,
1500 2389 1600 2460 inquit,
1619 2409 1653 2444 ex
1669 2394 1810 2461 coquendi

115 2476 253 2546 inparve
276 2474 432 2544 quantitate
456 2477 641 2527 assumuntur.
686 2471 830 2525 Monemus
853 2476 947 2524 autem
975 2478 1098 2540 ratione,
1123 2479 1290 2542 formosus,
1309 2483 1465 2530 testaaoeas
1485 2485 1510 2528 et
1529 2478 1699 2544 arreptitias.
1736 2478 1807 2532 Con·

116 2563 221 2624 denuo,
248 2561 329 2631 panis
357 2558 530 2614 eucharistici
555 2557 638 2613 finem
663 2574 720 2611 non
743 2573 803 2610 esse
826 2555 947 2624 corporis
975 2579 1085 2617 sensum
1112 2561 1331 2617 advenariorum
1357 2568 1421 2630 pete
1446 2578 1480 2615 01
1502 2561 1610 2616 Bueero
1633 2561 1662 2615 in
1691 2579 1809 2619 censu„

116 2647 294 2703 nutritionem
320 2645 365 2702 vel
391 2645 531 2717 quandam
557 2642 708 2714 spiritualis
732 2641 880 2696 alimonias
907 2658 947 2697 re·
975 2649 1024 2704 lib.
1054 2647 1138 2719 Augl
1168 2664 1197 2717 p.
1228 2651 1288 2701 459.
1317 2647 1383 2701 edit
1414 2647 1478 2703 Bas.
1512 2647 1678 2718 scriptorum
1705 2648 1809 2706 Bucari

115 2734 385 2805 praesentationem,
408 2731 458 2786 ssd
484 2734 517 2784 ut
539 2729 576 2785 sit
602 2729 724 2784 madium
748 2735 834 2798 atque
855 2725 948 2801 ὄχημα
976 2735 1213 2810 anglicanorum,
1241 2731 1363 2788 Zanchio
1392 2733 1422 2787 in
1449 2733 1529 2803 epist
1560 2734 1596 2788 ad
1629 2734 1759 2789 Ottonsm
1790 2754 1808 2791 a

116 2838 165 2892 per
188 2821 263 2892 quod
289 2836 389 2888 corpus
413 2817 517 2873 Christi
534 2815 614 2871 nobis
632 2815 856 2870 manducandum
875 2815 947 2870 exhi-
975 2821 1114 2878 Griinrad.
1156 2818 1273 2883 Quando
1295 2820 1470 2888 placentulas
1494 2820 1558 2875 illas
1585 2820 1752 2876 orbiculatas
1776 2822 1807 2877 in

116 2908 223 2963 beatu.
260 2912 284 2960 4.
302 2906 422 2959 Hostius
445 2904 514 2957 illae
535 2903 703 2957 wandalum
722 2902 874 2970 praebent,
898 2903 948 2955 do·
975 2906 1141 2963 eucharistia
1164 2904 1307 2975 coeperint
1328 2907 1470 2974 usurpari,
1500 2905 1675 2975 pressisset
1699 2908 1806 2977 liquido

115 2997 236 3050 striatam
261 2992 400 3061 evangelii
426 2991 590 3057 obscurant,
623 2989 836 3058 superstitiones
863 2989 947 3041 stubi·
974 2994 1041 3048 satis
1059 2992 1168 3048 definiri
1188 3008 1245 3045 uon
1263 2996 1356 3060 potest
1374 2990 1540 3061 fatentibus,
1574 2991 1673 3048 Tilsuo
1692 2999 1763 3063 part.
1781 3000 1805 3051 2.

113 3084 186 3136 liant
217 3089 245 3135 et
273 3080 451 3146 conjunctam
479 3077 583 3130 babeat
606 3075 696 3128 saltas
723 3082 750 3127 et
772 3075 947 3128 mutuatis
974 3086 1045 3150 synt.
1075 3096 1103 3149 p.
1133 3083 1192 3134 753.
1227 3081 1256 3131 st
1290 3075 1383 3131 Nauin
1415 3082 1510 3133 assut-
1542 3096 1570 3148 p.
1600 3084 1642 3134 21.
1688 3078 1806 3150 Hospin.

115 3170 284 3239 opinionem.
320 3164 542 3234 Respondemus:
574 3161 644 3216 haec
673 3159 783 3214 facilitas
817 3159 948 3215 dicuntur
973 3166 1021 3222 lib.
1043 3172 1069 3221 4.
1098 3164 1163 3219 hist.
1186 3180 1210 3218 c.
1235 3169 1259 3219 6.
1283 3161 1332 3219 iol.
1357 3170 1416 3221 370.
1451 3164 1562 3220 Martiu
1590 3170 1670 3220 tract,
1688 3172 1713 3220 5.
1738 3184 1762 3219 c.
1781 3171 1807 3221 6.

52 3317 59 3327 ι
113 3273 197 3327 quam
225 3254 384 3325 probantur.
430 3251 511 3317 Quod
537 3247 701 3304 advmmiis
728 3264 810 3302 usum
836 3246 946 3301 illarum
973 3271 1000 3323 p.
1025 3256 1084 3308 228.
1122 3249 1158 3304 ad
1181 3249 1385 3320 quaestionem,
1421 3268 1459 3303 aa
1492 3251 1585 3303 bestia
1616 3253 1710 3320 possit
1747 3251 1808 3306 diei

30 3371 32 3375 1
112 3341 334 3413 placentularum
353 3337 552 3409 abrogantibus
569 3352 620 3389 nos
638 3332 817 3403 opponimus,
841 3331 871 3386 id
890 3350 946 3387 non
969 3338 1072 3408 pana,
1088 3336 1282 3405 respondetur:
1301 3335 1382 3404 panis
1400 3334 1456 3388 dici
1472 3340 1577 3404 potest,
1595 3335 1663 3406 quia
1681 3353 1696 3391 s
1715 3336 1807 3392 farina

112 3429 145 3485 fit
162 3428 240 3491 ideo,
265 3426 342 3498 quod
363 3441 444 3480 usum
471 3439 566 3478 aarum
590 3419 717 3474 absolute
740 3425 769 3473 st
785 3418 947 3488 simpliciter
973 3424 1000 3478 vi
1019 3423 1093 3493 ignis
1113 3429 1156 3476 est
1174 3420 1310 3476 cocta.itit

114 3513 302 3570 necessarium
319 3518 511 3578 statueremus,
530 3508 579 3564 sed
600 3506 667 3577 quia
679 3511 790 3574 praeter
803 3504 889 3558 ullam
901 3522 946 3558 ur·
972 3575 975 3581 .
1493 3582 1496 3585 Ι

114 3608 228 3673 gentem
246 3616 359 3655 causam
375 3614 438 3652 cum
454 3593 586 3650 scandalo
603 3591 813 3647 ecclesiastem
830 3607 863 3645 ex
877 3606 907 3643 se
918 3595 947 3643 et
1282 3629 1491 3639 --..-.-.-

115 3705 167 3742 sna
177 3692 280 3742 natura
288 3683 469 3754 adiaphorain
481 3679 654 3735 eliminantes
667 3675 850 3730 Christianam
863 3674 944 3728 liber·

113 3782 198 3830 tatem
210 3773 362 3843 captivant
380 3771 460 3824 alia
469 3773 582 3837 papatu
593 3773 683 3819 meum
696 3764 807 3816 damant.
822 3761 944 3830 Respon-
1224 3795 1246 3857 ο
1262 3795 1291 3856 A
1307 3797 1332 3857 P
1349 3796 1378 3855 U
1397 3797 1421 3854 Τ
1455 3794 1556 3856 ΠΗ
1817 3807 1842 3848 L
1855 3806 1932 3852 M·

115 3861 226 3917 demus:
241 3875 296 3929 quo
308 3857 427 3927 primum
435 3860 560 3921 tempore
568 3851 597 3904 in
607 3848 740 3904 ecclesiae
749 3847 876 3918 usurpari
885 3864 944 3902 coe

112 3933 944 4016 perinenonsatisliqrudoeonstat.lnpapstuadmissati·
993 3939 1057 4003 DE
1090 3935 1336 4003 CRAMATE
1367 3937 1775 4006 EUCHARISTICO.

114 4051 177 4090 cum
189 4030 355 4087 aurificium
364 4026 540 4092 adhibentur,
549 4024 578 4077 in
586 4022 686 4077 nostris
696 4037 761 4075 vero
770 4020 893 4076 ecclesiis
904 4019 944 4073 di·

112 4114 406 4184 stributionicorporis
415 4106 725 4175 Dominiciinssrviunt,
742 4107 790 4177 qui
802 4106 945 4160 finessunt
1006 4112 1046 4163 25.
1084 4106 1232 4170 Quaeritur
1264 4114 1291 4162 5:
1324 4108 1370 4161 An
1399 4107 1464 4162 vino
1494 4105 1675 4162 eucharistico
1700 4121 1897 4179 squameam

111 4209 195 4279 longe
204 4205 337 4274 dapnes,
363 4198 513 4264 ”Quidam
526 4190 943 4262 cnviniannsinsilesiaeupit
971 4195 1085 4249 macne
1109 4193 1295 4248 necessarium
1322 4194 1376 4248 nt?
1410 4194 1633 4264 Respondemus:
1662 4195 1691 4250 in
1713 4177 1918 4268 regio-w

111 4293 238 4366 probus,
256 4287 428 4360 placentulas
445 4289 554 4338 nostras
571 4279 739 4335 orbicularss
756 4296 812 4334 non
829 4295 942 4334 essere
970 4282 1051 4335 nibus
1080 4279 1260 4335 orientalibus
1288 4280 1336 4335 ubi
1360 4280 1443 4335 fortia
1469 4280 1533 4333 vina
1556 4287 1633 4347 sunt,
1669 4281 1802 4337 usitatum
1816 4280 1894 4319 Μαι)

109 4398 171 4435 rum
190 4393 299 4449 panem,
318 4373 384 4445 quia
403 4372 511 4426 aceedit
532 4369 647 4437 aliquid
664 4366 942 4434 butyrieelalterias
969 4366 1024 4420 fuit
1057 4383 1113 4420 non
1155 4383 1274 4434 meum,
1313 4365 1363 4420 sed
1388 4365 1484 4419 vinum
1510 4382 1585 4435 aqua
1617 4371 1801 4437 temperatum
1815 4339 1912 4424 biiiiis

104 4463 299 4538 pisrpaedimb,
316 4479 374 4530 pac
392 4460 584 4522 instrumenta,
605 4455 704 4525 quibus
712 4452 942 4522 placentucitlue
971 4453 1078 4519 bibere,
1105 4452 1178 4506 uude
1200 4451 1256 4508 Du.
1278 4451 1452 4507 Chemnicius
1475 4460 1546 4522 part
1565 4458 1590 4506 2.
1617 4470 1704 4508 exam.
1723 4472 1746 4511 c.
1766 4445 1921 4527 dsffl'ffi

109 4552 310 4620 conficimur,
336 4546 562 4615 superficietenus
584 4542 742 4596 illinantur.
783 4537 942 4608 Responde·
969 4555 1043 4610 aqua
1068 4536 1210 4593 miscenda
1232 4538 1261 4592 in
1284 4538 1368 4593 calice
1392 4557 1421 4609 p.
1440 4543 1499 4594 308.
1517 4537 1665 4594 verisimile
1683 4539 1801 4608 judicat,

109 4654 190 4696 mus:
220 4643 242 4693 1.
266 4635 350 4691 stiam
379 4633 408 4686 in
431 4629 493 4684 aliis
510 4627 630 4699 panibus
650 4625 816 4696 quandoque
835 4624 944 4678 accedit
970 4624 1109 4679 Christum
1136 4623 1232 4678 vinum
1257 4642 1313 4679 non
1336 4641 1454 4688 merum,
1481 4623 1530 4679 ssd
1554 4629 1736 4694 temperatum
1760 4622 1802 4678 bi-

109 4728 242 4796 butyrum
260 4721 304 4776 sel
322 4718 437 4791 quaevis
454 4723 535 4787 grata
546 4713 695 4784 pinguedo,
713 4710 838 4780 inprimis
851 4708 942 4775 suilla,
969 4711 1052 4765 bisse.
1086 4710 1124 4764 Et
1148 4709 1215 4780 quia
1238 4710 1268 4764 in
1292 4709 1433 4779 primitiva
1456 4710 1573 4765 ecclesia
1594 4717 1658 4780 post
1681 4726 1802 4764 commu·

108 4815 150 4868 ita
174 4818 208 4865 ut
228 4807 396 4879 quaudoque
419 4809 452 4857 ut
473 4819 538 4872 pars
556 4799 727 4854 constituens
746 4814 845 4866 panem
865 4794 941 4849 adhi-
969 4797 1079 4851 nionsm
1096 4796 1237 4865 convivia,
1265 4813 1337 4867 quas
1355 4794 1466 4866 ἀγᾶηας
1483 4797 1674 4867 appellabant,
1700 4812 1803 4866 magna

109 4901 222 4960 beetur,
246 4893 414 4966 quaudoque
434 4889 600 4954 coctionem,
627 4885 718 4955 quoad
739 4890 817 4937 extra
835 4889 942 4935 tautum
970 4882 1120 4937 sobrietate
1139 4882 1175 4937 de
1190 4899 1262 4952 pane
1280 4882 1393 4952 etvino,
1412 4899 1484 4953 quae
1504 4882 1541 4936 ad
1554 4897 1677 4936 mensam
1688 4880 1801 4937 Domini

109 4988 279 5057 promoveat
328 4978 398 5033 lude
427 4977 466 5029 sic
496 4972 699 5029 concludimus:
736 4967 877 5041 Quidquid
904 4969 942 5022 sd
970 4969 1064 5023 oblata
1081 4969 1200 5031 fuerant,
1219 4968 1439 5033 celebrabantur,
1458 4987 1514 5025 uou
1531 4984 1643 5035 merum,
1663 4967 1712 5020 sed
1735 4969 1801 5022 mix-

109 5069 258 5128 essentiam
275 5067 316 5120 rei
333 5062 554 5120 constituendam
573 5064 664 5128 potest
683 5072 860 5120 concurrere,
879 5072 942 5110 sau·
969 5063 1027 5109 turn
1051 5055 1146 5109 viuum
1176 5042 1348 5123 obtulerunt,
1376 5073 1411 5110 ns
1436 5065 1533 5127 gentes
1560 5052 1801 5123 calumniarentur,

109 5160 173 5214 dem
194 5171 250 5209 non
273 5157 370 5207 mutat.
406 5148 447 5203 At
470 5149 602 5217 butyrum
627 5150 656 5198 et
673 5143 728 5197 alia
747 5142 862 5213 pinguia
879 5158 941 5211 pos·
970 5140 1140 5196 Christianos
1166 5140 1305 5195 celebrare
1331 5157 1446 5196 coenam
1468 5139 1644 5194 Dominicarn
1671 5140 1801 5209 crapulae

109 5241 233 5300 suntad
252 5237 399 5295 essentiam
425 5234 507 5305 panis
527 5247 704 5297 concurrere,
729 5235 762 5283 ut
779 5226 879 5298 probat
897 5245 941 5283 er·
969 5232 1019 5280 aut
1036 5225 1177 5281 ebrietatis
1195 5228 1295 5297 gratia
1331 5227 1400 5281 lnde
1425 5225 1552 5282 lustinus
1576 5224 1687 5296 apolog.
1708 5231 1732 5280 2.
1750 5243 1801 5295 pro

107 5327 252 5402 parientia
276 5324 361 5396 Ergo.
386 5329 408 5379 2.
417 5319 531 5377 Nullum
544 5321 702 5371 exhaneum
716 5321 744 5368 et
759 5315 941 5369 accessorium
969 5310 1132 5368 Christianis
1152 5331 1179 5384 p.
1200 5317 1240 5368 16.
1258 5312 1287 5366 in
1306 5311 1489 5382 descriptione
1503 5310 1606 5364 rituum
1619 5311 1800 5367 eucharistias

106 5419 198 5472 mutat
225 5410 445 5501 rei‘pssentiam.
464 5401 625 5459 'Zabarella
651 5401 687 5455 de
710 5406 766 5457 nat.
785 5400 854 5456 coeli
872 5417 897 5456 c.
915 5406 939 5457 5.
967 5397 1090 5455 meminit
1115 5398 1173 5453 viui
1197 5416 1273 5470 aqua
1300 5398 1386 5453 misti:
1416 5397 1510 5451 ἔπειτα
1542 5403 1732 5471 προσφέρεται
1761 5403 1800 5468 τῷ

159 5506 262 5551 mann
275 5481 326 5548 ro‘ai
352 5503 377 5545 v.
1451 5503 1468 5554 2
