4004 6022
783 109 1043 169 macerasse
1067 158 1070 165 .
1696 116 1756 176 soe

59 264 173 335 ποῖοι,
192 281 249 335 quo
268 266 391 320 &aaa
406 279 516 336 semer
533 266 749 323 mesembriae
760 267 901 322 melariae.
929 263 1041 320 clesianr
1067 267 1142 337 qnod
1166 267 1203 323 sit
1224 274 1319 323 castas
1336 266 1479 323 mman-
1493 266 1622 337 sjsssism
1641 264 1759 320 Christi·

56 349 169 406 Contra
191 349 272 407 illum
295 350 421 421 dispth
443 351 628 409 Bellarminus
650 370 676 410 c.
695 360 719 409 4.
737 370 770 409 ac
787 351 903 423 opponit
927 368 1000 404 anas
1016 353 1091 418 fidei
1107 354 1286 422 professione
1309 359 1335 407 et
1353 352 1505 407 aarum
1523 358 1759 407 mmmmm

53 437 99 492 illi
123 438 273 508 sequentia
297 436 457 508 Scripturas
480 439 570 494 dicta:
611 445 633 494 1.
655 439 726 493 Tim.
754 446 781 507 l,
806 457 833 496 v.
855 439 1117 494 tazeonnnnione
1140 440 1291 508 colliqatas
1314 439 1365 493 sab
1387 439 1522 507 reqimine
1541 438 1685 508 pontificis
1701 438 1759 492 Ro·

55 523 191 586 Quidam
219 524 297 579 cirea
317 526 402 587 fidem
425 526 611 594 naufragium
634 527 776 591 fecerant,
802 526 836 579 id
860 532 901 578 est
927 525 1012 577 mani.
1062 524 1151 595 Atqui
1182 525 1210 578 in
1240 526 1293 580 hoc
1324 531 1405 580 coetu
1435 529 1500 578 sunt
1526 524 1612 595 aliqui
1635 523 1760 579 foventes

48 612 161 675 fracta
190 628 249 664 aaa
273 619 359 680 parte
387 612 468 664 naris
493 612 625 665 molesios
653 628 686 665 ea
711 629 746 665 ea
770 612 800 663 in
822 627 901 664 mare
927 608 1053 664 haeresin
1076 616 1105 665 et
1128 611 1299 682 aliquamdiu
1321 611 1486 674 tolerantur,
1522 611 1612 665 donec
1636 609 1680 664 vel
1706 609 1759 679 ipsi

49 695 238 751 deciderant.
276 698 332 751 Tit.
358 700 392 766 3,
419 717 445 751 v.
474 701 523 751 10.-
559 697 741 751 Haereticum
763 697 901 751 hominem
927 710 987 749 sese
1005 701 1142 764 separent,
1163 696 1208 751 vel
1226 714 1275 766 per
1292 696 1601 752 excommunicationem
1622 695 1760 766 expellan-

44 791 126 853 post
148 800 236 837 unam
261 791 287 836 et
310 783 431 838 alteram
455 785 659 853 correptionem
677 785 785 845 denda,-
809 803 834 838 v.
855 787 899 836 11:
926 787 980 837 tur.
1021 781 1056 835 ld
1077 780 1168 850 ipsum
1187 782 1297 836 disertis
1318 782 1409 837 serbis
1429 783 1558 837 concedit
1576 781 1760 837 Bellarminus
1848 774 1854 779 ’

50 869 162 937 sciens,
182 871 251 938 qaia
267 871 414 923 cabreresse
434 877 484 937 ast,
504 869 640 938 quitatis
657 877 704 937 ert,
723 878 749 923 st
763 870 901 938 delinquit
927 883 952 921 c.
977 873 1016 921 10.
1041 866 1125 938 hujus
1146 868 1224 933 libri,
1255 869 1303 923 ubi
1327 869 1439 938 assent,
1466 870 1620 923 haereticos
1646 876 1760 922 essem

46 955 183 1024 propria
195 956 311 1024 judicio
331 957 537 1029 condemnatas.
565 959 590 1008 1.
603 956 671 1010 Jol.
691 959 718 1017 2,
736 973 761 1012 r.
784 958 830 1010 19:
854 957 901 1008 Es
926 953 995 1017 tides'
1015 955 1196 1021 professione
1222 972 1279 1009 esse
1307 955 1338 1009 in
1363 956 1494 1023 ecclesia,
1528 963 1676 1024 antequam
1704 955 1761 1023 ipsi

55 1041 143 1095 nobis
165 1041 297 1108 emanat,
314 1042 367 1096 sed
382 1059 439 1095 non
456 1048 538 1095 eram
555 1041 687 1110 anobis
705 1042 812 1111 quiesi
822 1041 900 1109 fais-
927 1046 1038 1103 escant,
1065 1039 1182 1094 adducit
1210 1041 1294 1097 etiam
1325 1043 1416 1097 locum
1447 1040 1599 1113 Augustini
1628 1047 1708 1095 tract.
1735 1046 1759 1096 3.

55 1128 268 1197 semeanohis,
284 1127 507 1197 permansissent
519 1128 614 1197 utique
627 1128 776 1182 nobmoam.
802 1126 900 1181 Addu-
927 1125 955 1180 in
979 1126 1058 1196 epist.
1084 1126 1161 1184 ion:
1201 1129 1291 1183 Multi
1312 1129 1388 1183 intus
1412 1136 1489 1198 sant,
1514 1146 1570 1183 non
1591 1129 1716 1182 exierisne
1734 1135 1760 1181 st

57 1213 101 1268 cit
125 1213 211 1268 etiam
236 1213 385 1267 conciliem
410 1214 547 1267 Nicannm
568 1230 603 1266 aa
627 1215 833 1281 Lateranense,
859 1213 901 1267 uti
927 1219 1020 1266 tamen
1039 1214 1199 1267 antichristi
1215 1223 1287 1267 sant.
1322 1214 1397 1286 Ergo
1417 1232 1472 1271 nou
1491 1219 1582 1284 potest
1599 1213 1761 1284 simpliciter

60 1299 148 1355 etiarn
174 1298 311 1370 quaedam
336 1300 413 1353 dicta
438 1306 555 1368 petram
588 1304 616 1355 et
644 1300 794 1369 respondet
818 1315 901 1370 argu·
927 1297 1069 1367 affirmari,
1086 1299 1240 1355 haereticos
1255 1317 1315 1356 esse
1337 1307 1414 1356 extra
1433 1300 1587 1357 ecclesiam.
1625 1307 1649 1356 4.
1662 1299 1761 1371 Capite

60 1387 165 1443 mentis
185 1387 338 1442 contrariis.
928 1385 1111 1454 praecedente
1137 1388 1219 1442 tertio
1242 1387 1426 1443 Bellarminus
1448 1387 1531 1451 dicit,
1556 1388 1680 1442 homines
1699 1387 1763 1449 fieri

98 1478 142 1530 59.
166 1472 225 1529 Nos
244 1473 297 1528 hac
316 1473 352 1528 de
369 1489 400 1527 re
417 1471 456 1527 sic
476 1471 637 1527 statuimus:
676 1477 699 1526 l.
720 1470 902 1541 Distinguen·
928 1474 965 1525 de
990 1489 1107 1541 corpore
1134 1475 1286 1537 ecelesiae,
1326 1493 1387 1527 eum
1415 1475 1601 1543 baptizantur.
1649 1473 1705 1529 Sed
1732 1474 1761 1527 in

66 1558 134 1614 dum
153 1574 214 1613 esse
232 1558 395 1626 interillos,
416 1558 464 1629 qui
483 1557 626 1611 Romanae
644 1556 792 1620 ecclesiae,
811 1557 901 1628 qualis
927 1564 1009 1613 coetu
1036 1558 1240 1629 baptizatorum
1268 1566 1333 1615 sunt
1359 1560 1498 1616 haeretici.
1544 1560 1619 1631 Ergo
1648 1559 1761 1628 quidam

64 1651 108 1700 est
129 1644 214 1699 hodie
240 1644 303 1711 (hoc
323 1649 366 1700 est
381 1642 520 1714 pontificis
540 1643 684 1712 Romani),
704 1642 812 1712 judicio
837 1649 902 1698 sunt
928 1644 1062 1700 haeretici
1081 1646 1223 1715 pertinent
1242 1647 1278 1701 ad
1298 1663 1398 1717 corpus
1417 1647 1558 1710 ecclesiae,
1576 1647 1683 1702 scilicet
1698 1645 1761 1701 visi·

64 1731 211 1792 haeretici.
239 1736 267 1785 et
292 1731 363 1785 inter
387 1747 447 1798 eos,
472 1729 521 1800 qui
547 1745 645 1784 revera
672 1734 699 1784 et
719 1729 827 1799 judicio
847 1729 902 1785 Dei
928 1727 1001 1785 bilis.
1038 1736 1062 1785 5.
1082 1730 1212 1803 Denique
1231 1733 1305 1787 enim
1320 1733 1476 1802 pertinaces
1496 1732 1625 1788 haeretici
1638 1733 1760 1803 quando·

65 1823 131 1874 sunt
149 1817 289 1872 haeretici.
334 1815 463 1872 Pontifex
489 1814 641 1871 haereticos
660 1830 721 1870 esse
741 1815 903 1885 pronuntiat
928 1830 983 1886 que
1007 1815 1128 1871 retinent
1151 1817 1258 1889 aliquid
1282 1819 1429 1888 ecclesiae,
1456 1819 1588 1874 videlicet
1606 1835 1761 1873 sacramen-

66 1923 125 1973 eos,
145 1904 194 1976 qui
216 1901 412 1959 traditionibus
430 1901 557 1956 humanis
574 1897 667 1957 valere
682 1901 768 1972 jussis
787 1902 902 1957 verbum
929 1906 987 1954 tum
1005 1901 1137 1972 baptismi
1155 1909 1184 1958 et
1200 1909 1307 1974 partem
1324 1904 1464 1975 quandam
1476 1904 1553 1959 verbi
1564 1904 1761 1974 incorruptam,

65 1991 120 2047 Dei
142 1990 276 2062 scriptum
299 1989 380 2045 unice
400 1988 606 2059 amplectuntur
626 1993 654 2043 et
672 1989 701 2042 in
720 2003 775 2041 uno
791 1987 902 2042 Christo
929 1988 1003 2044 unde
1030 1989 1114 2045 stiam
1139 2006 1190 2060 per
1212 1990 1383 2046 haereticum
1403 1997 1432 2046 et
1454 1996 1615 2061 corruptum
1639 1990 1761 2047 ministe-

66 2078 121 2133 fide
145 2076 317 2148 apprehenso
342 2093 423 2131 omne
447 2075 573 2145 justitiae
590 2091 624 2131 ac
641 2073 739 2128 salutis
757 2089 824 2128 suae
840 2090 902 2142 per·
929 2074 1000 2129 rium
1019 2075 1081 2130 Deo
1099 2083 1268 2146 generantur
1286 2075 1335 2130 filii
1352 2082 1380 2130 et
1397 2076 1471 2131 filiae
1487 2077 1587 2132 Erech.
1609 2083 1653 2144 16,
1673 2095 1697 2129 v.
1718 2082 1762 2133 20.

65 2165 176 2237 fugium
203 2167 354 2235 quaerunt,
384 2162 440 2216 illis
466 2160 614 2216 anathema
637 2160 707 2214 dicit
730 2159 760 2212 in
786 2159 903 2213 concilio
929 2165 958 2215 et
980 2178 1004 2216 c.
1027 2167 1072 2230 23,
1102 2180 1128 2215 v.
1147 2168 1189 2217 ³7.
1212 2163 1261 2216 ubi
1278 2163 1430 2232 pretiosum
1446 2179 1465 2218 a
1481 2163 1539 2227 vili,
1554 2179 1653 2217 aurum
1669 2179 1687 2215 a
1704 2180 1762 2217 sco·

66 2251 231 2306 Tridentino
260 2266 363 2320 eosque
380 2265 398 2302 a
411 2246 706 2304 Romano·Catholiea
724 2243 841 2299 ecclesia
858 2261 902 2299 ex·
929 2246 991 2310 riis,
1020 2247 1143 2302 divinum
1175 2248 1212 2303 ab
1238 2248 1357 2303 humano
1383 2255 1513 2304 accurate
1542 2249 1761 2303 discernendum.

66 2338 168 2407 cludit3
195 2335 245 2392 sed
272 2341 420 2406 propterea
444 2351 499 2389 uon
524 2338 590 2387 sunt
611 2331 715 2387 exclusi
737 2348 755 2385 a
774 2347 840 2386 vera
858 2347 903 2384 oa·
931 2331 1080 2388 Conversio
1104 2334 1246 2389 hominum
1270 2334 1452 2404 perverbum
1471 2351 1504 2389 ac
1521 2335 1694 2407 regeneratio
1711 2352 1762 2406 per

66 2423 170 2480 thelica
191 2420 321 2484 eeclesia,
351 2436 423 2492 quae
442 2419 549 2474 ambitu
567 2435 617 2473 suo
635 2417 829 2487 complectitur
846 2433 903 2471 orn·
929 2420 1099 2491 baptismum
1117 2421 1147 2475 in
1164 2427 1245 2477 coetu
1263 2421 1463 2478 haereticorum
1483 2439 1538 2476 non
1556 2427 1599 2477 est
1614 2422 1762 2478 tribuenda

67 2527 116 2566 nes
139 2525 204 2564 vero
227 2506 339 2575 fideles,
368 2507 417 2577 qui
440 2506 477 2560 ab
500 2505 580 2561 initio
604 2504 701 2559 muudi
725 2503 851 2559 sixermn
875 2509 903 2558 et
929 2505 1091 2577 opinionum
1116 2506 1318 2562 haereticarum
1341 2507 1491 2576 fermento,
1521 2508 1570 2563 sed
1591 2508 1646 2579 ipsi
1668 2508 1762 2576 verbo,

67 2595 214 2668 usquead
230 2593 313 2650 finem
335 2594 409 2648 illius
426 2594 526 2649 victuri
544 2597 622 2660 sunt,
646 2608 764 2663 quorum
781 2589 902 2646 omniurn
929 2593 1004 2664 quod
1025 2610 1059 2647 ex
1081 2591 1160 2648 libris
1184 2592 1295 2648 biblicis
1319 2593 1492 2649 auditoribus
1519 2593 1705 2665 praelegitur,
1734 2599 1763 2651 et
1853 2624 1856 2631 ·

66 2682 137 2740 fides
153 2682 221 2749 fuit,
248 2687 392 2752 astatque
412 2681 464 2736 crit
481 2680 586 2736 eadem
624 2684 647 2734 2.
666 2678 902 2750 Distinguendum
928 2678 1081 2749 baptismo,
1113 2677 1162 2749 qui
1187 2677 1286 2734 efficax
1311 2685 1364 2750 cst,
1400 2679 1510 2737 etiarnsi
1536 2698 1587 2752 per
1610 2680 1762 2736 haereticos

65 2787 128 2826 esse
150 2769 223 2824 inter
242 2785 304 2832 cos,
330 2767 378 2838 qui
396 2768 504 2822 occulte
522 2765 650 2821 haeresin
668 2765 764 2820 fovent
782 2771 811 2820 et
830 2765 901 2822 inter
928 2765 1151 2834 administretur,
1175 2766 1258 2821 modo
1285 2766 1465 2823 institutionis
1483 2766 1598 2822 formam
1616 2766 1764 2822 observent

66 2874 123 2920 eos,
142 2855 191 2927 qui
208 2862 273 2909 sunt
287 2853 427 2908 manifesti
446 2852 586 2916 haeretici,
606 2851 636 2905 id
653 2851 757 2922 estqui
771 2851 903 2922 dogmata
929 2858 957 2909 et
980 2852 1016 2908 de
1038 2852 1268 2908 substantialibus
1291 2854 1376 2923 hujus
1400 2853 1564 2910 sacramenti
1587 2859 1663 2909 reete
1680 2854 1763 2910 seuti-

65 2948 163 3000 contra
199 2940 411 2997 fundamentum
444 2938 511 2995 fidei
540 2937 697 3009 pugnantia
724 2937 903 3007 pertinaciter
928 2943 986 2994 ant.
1015 2938 1086 2994 Inde
1104 2938 1278 3010 Augustinus
1297 2939 1346 2996 lib.
1359 2946 1383 2995 3.
1399 2939 1559 3011 debaptc.
1577 2946 1616 2995 19.
1629 2940 1762 3010 disputat,

65 3028 234 3097 defendunt,
258 3044 375 3099 quorum
401 3025 516 3096 quidam
541 3024 578 3080 ab
597 3022 713 3079 ecclesia
730 3022 842 3093 ipsimet
860 3041 900 3078 se·
928 3041 1008 3095 posse
1035 3024 1104 3093 dici,
1134 3026 1290 3079 haereticos
1315 3043 1374 3080 esre
1398 3027 1492 3081 addae
1515 3026 1611 3095 aliquo
1629 3027 1762 3081 modain

65 3116 218 3172 cessionem
245 3112 366 3179 faciunt,
393 3111 507 3182 quidam
530 3126 596 3165 vero
619 3108 744 3181 legitimo
767 3108 901 3164 ecclesiae
928 3110 1055 3179 eeclesia,
1074 3111 1159 3163 etiam
1171 3119 1324 3180 postquam
1335 3113 1371 3165 ab
1388 3130 1422 3165 sa
1441 3113 1574 3176 esserunt,
1586 3120 1762 3182 propterea·

62 3201 171 3275 judicio
200 3200 236 3256 ab
261 3216 295 3255 ea
318 3216 369 3268 per
395 3195 704 3252 excommunicationem
728 3202 900 3265 separantur.
928 3204 1133 3249 oramentoram
1162 3197 1453 3259 administrationem,
1493 3198 1560 3267 qaia
1591 3198 1674 3250 etiam
1705 3198 1764 3266 ipsi

66 3290 176 3361 (Neque
200 3287 272 3342 enirn
297 3285 410 3358 probari
425 3283 506 3338 nobis
523 3287 616 3353 potest
632 3282 683 3335 illa
701 3281 817 3336 assertio
837 3280 900 3335 Bel·
927 3283 1066 3350 quaedam
1091 3290 1267 3336 scoramcma
1291 3300 1356 3337 vere
1377 3284 1588 3338 administrant.
1625 3283 1763 3340 Pontificii

65 3375 189 3442 larmini,
220 3374 297 3442 qaod
319 3371 456 3425 haeretici
481 3369 583 3422 occulti
606 3375 742 3423 nontam
766 3366 903 3420 laeetiei
927 3366 1079 3423 haereticos
1105 3383 1155 3421 nos
1178 3384 1239 3422 esse
1261 3368 1457 3438 pronuntiant,
1481 3386 1533 3427 nec
1549 3376 1641 3425 tamen
1659 3387 1763 3442 negare

66 3481 150 3533 qaam
181 3466 310 3514 errantes
336 3457 445 3511 censeri
469 3457 603 3523 debeant,·
632 3454 736 3508 rectius
767 3451 902 3508 definiunt
929 3453 1049 3522 audent,
1083 3461 1159 3509 recte
1189 3460 1217 3509 et
1245 3454 1398 3510 secundum
1429 3456 1531 3511 Christi
1562 3457 1762 3514 institutionem
1816 3490 1818 3495 ,

66 3549 236 3605 haereticum
252 3545 373 3601 Thomas
398 3550 426 3598 et
444 3542 580 3597 Occamus
602 3539 738 3595 referente
756 3539 900 3609 Alphonso
929 3540 1084 3612 baptizatos
1104 3558 1173 3607 esse,
1191 3541 1351 3614 quicunque
1367 3541 1397 3597 in
1414 3543 1537 3598 ecclesiis
1555 3544 1655 3600 nostris
1673 3544 1762 3615 bapti-

66 3638 101 3691 de
119 3635 216 3690 Castro
239 3633 300 3688 libr.
330 3630 693 3691 laureshamense:
734 3626 901 3681 Haereticas
930 3627 985 3682 zati
1003 3635 1082 3697 sunt,
1109 3628 1186 3683 uude
1203 3646 1261 3683 non
1278 3629 1369 3684 solent
1386 3646 1433 3684 eos
1450 3630 1637 3701 rebaptizare,
1664 3632 1711 3704 qui
1730 3649 1763 3686 ex

65 3732 120 3787 est,
145 3721 272 3792 quisquis
299 3735 318 3770 a
344 3719 400 3779 fida
426 3715 568 3769 catholica
594 3713 800 3783 quomodolibet
826 3729 901 3766 rece·
930 3713 1010 3769 nobis
1028 3715 1064 3769 ad
1083 3715 1158 3785 ipsos
1175 3719 1320 3770 transeunt
1340 3716 1471 3787 (exceptis
1486 3717 1583 3786 paucis
1595 3717 1763 3789 quibusdam

66 3809 134 3878 dit.)
165 3812 190 3864 3.
200 3804 329 3862 Occultos
342 3803 504 3869 haereticos,
517 3801 667 3871 antequam
678 3816 729 3869 per
741 3798 901 3854 obstinatio·
928 3800 1059 3870 exemplis
1083 3801 1113 3854 in
1137 3800 1258 3872 Belgicis
1284 3800 1521 3871 persecutionibus
1546 3803 1598 3856 sub
1617 3802 1696 3858 Duce
1713 3804 1762 3856 Al·

68 3912 132 3951 nem
153 3900 182 3948 et
202 3889 383 3962 pertinaciam
398 3889 434 3943 ab
453 3887 571 3943 ecclesia
588 3892 750 3956 separentur
770 3884 901 3940 macele
929 3889 1018 3958 bano,
1038 3904 1110 3958 quae
1127 3887 1329 3942 cordatioribus
1347 3885 1500 3941 Pontificiis
1518 3904 1574 3941 non
1591 3889 1763 3958 probantur),

68 3983 109 4037 sia
141 3977 253 4047 (risibili
279 3980 360 4047 puta)
393 3975 485 4030 adhuc
513 3990 573 4029 esse
598 3971 700 4043 probat
727 3970 902 4042 Augustinus
927 3975 1024 4045 utique
1052 3991 1119 4044 ergo
1138 3974 1307 4045 baptismum
1325 3973 1406 4027 nobis
1424 3973 1599 4045 relinquunt3
1620 3977 1681 4045 J'am
1698 3992 1762 4030 vero

66 4067 114 4123 lib.
133 4072 159 4121 3.
184 4065 220 4119 de
237 4063 313 4133 bapt.
333 4079 357 4115 c.
383 4067 422 4116 19.
459 4060 493 4114 Id
510 4060 602 4130 ipsum
620 4057 703 4113 ctiam
722 4057 803 4111 docet
823 4074 902 4128 para·
929 4078 1012 4132 quam
1036 4061 1093 4115 late
1111 4067 1188 4130 patet
1206 4066 1300 4114 coetus
1319 4059 1442 4131 legitime
1461 4060 1679 4132 baptizatorum,
1706 4069 1762 4116 tarn

67 4152 133 4208 bola
158 4149 326 4205 zizaniorum
341 4145 441 4202 Matth.
463 4152 510 4215 13,
533 4163 558 4200 v.
578 4150 619 4200 25.
637 4148 666 4198 et
686 4142 819 4197 disertum
836 4159 902 4213 apo·
928 4146 983 4202 late
1002 4147 1085 4204 etiam
1103 4154 1180 4215 patet
1200 4147 1317 4202 ecclesia
1334 4146 1472 4202 catholica
1491 4154 1659 4212 vocatarum,
1678 4154 1709 4203 ut
1720 4149 1761 4202 in·

66 4239 130 4295 stoli
147 4234 355 4308 pronuntiatum
377 4240 399 4289 1.
419 4232 480 4287 Cor.
501 4238 547 4291 11.
574 4248 601 4284 r.
621 4235 669 4286 19:
708 4230 824 4298 Oportet
844 4245 901 4281 esse
928 4233 1007 4288 victis
1031 4233 1202 4303 argumentis
1225 4233 1408 4288 demonstrari
1432 4238 1532 4318 potsqt.
1576 4236 1651 4307 Ergo
1667 4234 1761 4290 haere-

65 4327 195 4381 haereses
221 4324 294 4376 inter
320 4338 383 4383 cos,
407 4319 438 4374 ia
463 4316 539 4390 ὑμῖν.
572 4315 616 4370 Ac
634 4332 679 4370 res
696 4315 757 4386 ipsa
773 4313 902 4398 ostendit
927 4318 974 4373 tici
993 4319 1147 4373 secundum
1166 4319 1280 4390 quidet
1299 4325 1375 4374 certo
1391 4326 1520 4390 respectu
1538 4319 1630 4375 adhuc
1647 4327 1713 4376 sunt
1731 4322 1759 4376 in

58 4411 202 4485 quosdam
224 4409 254 4463 in
281 4407 363 4464 corde
389 4405 514 4459 foventes
545 4402 672 4459 haeresin
697 4400 813 4456 eandem
836 4416 900 4455 oum
926 4405 1052 4462 ecclesis.

66 4498 185 4556 ecclesia
211 4494 295 4550 fidem
323 4510 369 4548 ore
395 4489 520 4561 profiteri
547 4488 700 4559 iisdemque
721 4488 900 4543 sacramentis
1238 4531 1445 4539 Ἥ

65 4586 121 4654 uti,
154 4600 188 4638 ac
210 4579 324 4653 proinde
348 4578 440 4633 locum
461 4575 516 4629 illis
541 4573 632 4628 adhuc
656 4591 717 4629 esse
738 4574 768 4628 iu
785 4573 901 4628 ecclesia

65 4670 184 4735 risibili,
213 4667 279 4723 licet
304 4666 341 4719 ad
369 4661 533 4718 catholicam
560 4660 719 4727 ecelesiam,
757 4677 829 4732 quae
859 4665 901 4714 est
1173 4679 1396 4742 gnomo
1431 4681 1502 4741 111,

67 4762 226 4814 sanctorum
244 4750 433 4823 congregatio,
453 4747 614 4818 nentiquam
626 4745 791 4817 pertineant.
817 4745 901 4803 Unde

66 4843 173 4912 Colleg.
197 4838 450 4911 Anglo·Bemense
472 4834 501 4889 in
524 4839 619 4889 annot.
657 4837 681 4886 2.
702 4831 774 4886 Tim.
793 4838 818 4888 2.
837 4849 900 4887 con·
926 4819 992 4884 DE
1014 4817 1409 4905 SGHISMATICIS,
1427 4820 1496 4887 AN
1518 4819 1624 4885 ILLI
1646 4820 1757 4886 PER-

67 4936 111 4984 iffl
132 4926 331 4982 Bellssrmissum
351 4922 461 4977 mibi&
490 4918 649 4980 [smmis
672 4918 901 4987 ΨΜΜΦΜ
997 4919 1241 4988 ΤΙΝΕΑΝΤ
1271 4922 1341 4986 AD
1370 4919 1690 4988 EOOLESIAM.
1771 4964 1776 4973 ·

69 5014 259 5071 communione
283 5016 521 5081 sacramentorum
549 5011 576 5058 et
600 5004 782 5074 professione
807 5005 901 5073 perai-

67 5110 153 5170 stant,
177 5101 207 5154 in
229 5104 376 5167 conspeetu
400 5095 462 5149 Dei
484 5092 520 5146 ah
545 5090 664 5145 ecelesia
689 5098 858 5158 separantur
876 5100 901 5145 et
962 5096 1004 5146 60.
1037 5088 1105 5160 Cap.
1131 5097 1154 5147 5.
1187 5090 1311 5161 disputat
1332 5089 1534 5159 Bellarminus,
1568 5092 1760 5148 schismaticas
1774 5097 1808 5135 an
1823 5096 1895 5136 saun-

68 5206 98 5243 re
122 5190 187 5258 ipsa
211 5194 236 5240 et
255 5182 376 5255 proprie
401 5183 498 5235 domm
518 5177 577 5231 Dei
594 5175 700 5244 finibus
718 5177 901 5230 exterminare.
927 5193 977 5230 nec
997 5193 1055 5229 esse
1073 5177 1104 5229 in
1121 5177 1249 5241 ecclesia,
1266 5193 1317 5230 neo
1334 5178 1370 5231 da
1388 5175 1514 5239 secusia,
1531 5194 1566 5230 ac
1583 5178 1693 5248 statuit,
1712 5196 1760 5233 ιω
1773 5147 1856 5239 ’,ῗζξιῗὲ

69 5283 122 5330 tar.
165 5270 299 5329 Definitio
317 5267 466 5335 ecclesiae,
493 5280 577 5336 quam
595 5260 782 5331 Bellarruinus
802 5278 901 5332 propo·
928 5279 986 5316 esse
1003 5263 1203 5327 schismaticos,
1222 5263 1272 5332 qai
1293 5264 1391 5316 nolant
1408 5264 1517 5316 sutem
1530 5265 1658 5319 Romano
1667 5267 1759 5334 ponti·
1773 5251 1880 5292 ΝΜ*

22 5374 54 5418 aa
68 5361 138 5425 suit,
165 5358 258 5414 multis
286 5353 432 5410 haereticis
457 5349 593 5406 convenit.
634 5346 741 5406 Definit
763 5347 900 5403 emmae
927 5350 981 5414 sici.
1020 5349 1244 5420 Respondemus:
1271 5356 1293 5405 1.
1311 5348 1359 5419 qui
1377 5348 1414 5405 ab
1429 5347 1567 5421 episcopis
1586 5350 1616 5406 in
1633 5351 1759 5407 haeresin
