4004 6022
763 352 767 365 ι
810 277 863 337 nn
880 272 1071 338 aocmsra
1717 287 1778 344 ur

95 433 159 489 bati
185 433 309 503 aiicujus
335 436 460 488 amoris
490 435 653 491 testimonio.
697 434 921 506 Respondemus:
953 433 1004 490 dos
1029 450 1091 490 ease
1112 433 1225 492 idoneos
1244 441 1349 501 nuto,
1377 433 1497 491 moribus
1514 441 1543 492 et
1560 433 1689 505 suenda,
1715 448 1779 488 cum

94 518 149 576 hoc
160 536 225 575 vero
240 526 283 575 est
300 519 417 575 frontem
433 520 591 591 perfricare.
626 521 778 577 Historiam
795 521 871 577 illam
890 522 925 576 de
951 529 1042 577 tamen
1052 523 1214 595 plerumque
1224 521 1341 578 testibus
1352 521 1467 578 Erasmo
1479 522 1576 578 harum
1589 537 1680 578 rerum
1689 519 1777 592 probs

93 605 209 677 papissa
224 606 400 662 meretncula
417 609 522 677 primus
540 608 663 663 namadt
680 607 844 678 liudolphus
863 607 926 660 Fla·
951 609 1061 662 conscio
1079 616 1107 663 et
1124 609 1185 679 ipsa
1206 607 1373 679 experientia
1391 609 1446 663 sint
1457 608 1571 677 indocti,
1585 607 1709 662 moribus
1720 622 1778 662 eor·

94 691 229 748 viacensis
258 693 409 749 monachus
435 701 531 749 auctor
553 695 659 767 mma,
688 695 767 750 testis
793 693 925 764 locuples,
951 694 1102 763 ruptissimi
1121 703 1149 748 et
1166 694 1342 765 saepeetiam
1354 699 1444 748 aetate
1456 694 1609 749 immatura.
1632 694 1665 747 ln
1677 708 1776 763 grava

93 779 176 848 cujus
199 779 281 833 etiam
303 779 473 835 Trithcmius
497 780 663 836 mentionem
685 779 768 849 facit,
792 781 840 851 qui
857 780 926 834 vixit
952 778 1072 833 minibus
1095 779 1213 835 nationis
1233 777 1415 834 Germanicae
1434 797 1510 852 grav.
1531 786 1558 834 τι
1583 780 1779 834 Ecclesiam

93 880 169 919 anno
191 864 293 919 Christi
317 869 377 922 936.
404 873 431 921 et
451 865 492 920 sic
512 867 605 922 seculo
629 872 693 938 post
715 867 790 921 illam
816 873 926 938 tragoe-
951 866 1089 933 sepimine
1108 866 1214 919 Romae
1231 867 1321 920 rninss
1340 867 1436 935 dipsis
1447 868 1661 933 eonomittuntur,
1680 867 1730 936 qui
1741 866 1782 919 ad

94 950 171 1007 diam
189 952 326 1022 prorim03
345 951 486 1007 Marianus
497 952 597 1008 Scotus
615 970 648 1009 ex
660 953 850 1008 vetustissimis
865 968 926 1008 coe·
951 952 1041 1005 muln
1058 953 1148 1021 magis
1167 970 1251 1022 quarn
1270 956 1312 1007 ad
1328 955 1451 1009 homines
1457 955 1618 1022 pascendos
1630 953 1779 1022 rependas·

93 1038 239 1093 nobiorum
269 1036 348 1092 libris
380 1037 528 1093 chronicon
551 1057 632 1093 suum
657 1039 785 1111 collegit;
815 1039 927 1094 Platina
952 1054 1004 1106 qus
1022 1047 1086 1092 sunt
1105 1039 1209 1095 Mona.
1245 1039 1303 1096 Nec
1320 1039 1494 1094 dissimulant
1511 1038 1564 1094 hoc
1582 1036 1779 1093 cardinalesin

92 1122 149 1177 fuit
172 1139 262 1194 papae
286 1123 449 1180 secretarius
472 1131 501 1180 et
524 1124 764 1191 bibliothecarius,
790 1124 926 1180 Martinus
952 1124 1066 1181 consitio
1090 1125 1125 1179 de
1151 1126 1323 1181 amandanda
1340 1124 1457 1180 ecclesis
1475 1124 1564 1179 Paulo
1584 1123 1635 1178 ΠΙ.
1654 1121 1779 1195 pontifici

92 1209 217 1265 Polonus
239 1209 294 1264 fuit
316 1226 408 1282 papae
436 1211 671 1280 poenitentiarius.
708 1210 737 1266 Si
761 1211 816 1265 illis
843 1210 926 1265 fidem
952 1211 1017 1266 dato
1041 1218 1070 1267 et
1092 1220 1257 1282 procurante
1279 1212 1413 1284 vergerio
1436 1212 1584 1282 Argentor.
1606 1227 1678 1265 anno
1705 1213 1780 1266 1555.

92 1295 252 1351 historicam
277 1296 429 1368 denegant,
461 1295 561 1369 quibus
586 1297 699 1352 taudem
726 1313 786 1352 eam
813 1296 926 1352 adhibe
950 1307 1047 1367 postca
1072 1297 1154 1353 edito.
1189 1300 1303 1354 Primus
1322 1298 1471 1371 (inquiunt)
1489 1298 1591 1352 airum
1607 1306 1647 1352 cst
1666 1297 1781 1350 ordina·

94 1382 185 1438 bunt?
213 1382 323 1437 Aeneas
347 1382 458 1453 Sylvius
482 1382 605 1454 pontifex
622 1383 739 1455 ipsemet
756 1383 868 1437 tandem
886 1382 926 1437 fa·
951 1384 992 1436 tio
1011 1383 1178 1438 clericorum
1197 1393 1223 1438 ot
1236 1386 1406 1455 praesntirn
1419 1384 1662 1454 preamnornm,
1677 1383 1707 1435 in
1726 1398 1782 1451 quo

94 1473 158 1524 ctus
195 1468 266 1522 hanc
300 1467 443 1523 historiam
477 1469 620 1538 exacdpsit
652 1469 680 1523 in
717 1475 794 1523 sexta
831 1466 927 1521 mundi
953 1469 1034 1523 nullo
1053 1471 1201 1525 adhibetur·
1222 1488 1300 1539 suro,
1319 1470 1400 1523 nullo
1413 1470 1570 1540 diligentia,
1588 1469 1781 1538 quodpassirn

95 1560 187 1610 aetate
214 1572 241 1624 p.
264 1560 321 1610 tto.
346 1556 437 1625 operis
461 1554 584 1610 historici
609 1556 734 1626 impressi
753 1552 927 1624 Norimberg.
953 1556 1108 1626 quicunque
1131 1564 1195 1611 sunt
1218 1557 1433 1627 imperitissimi,
1457 1557 1513 1610 sint
1529 1556 1663 1609 vilissimo
1682 1570 1783 1625 ponere

95 1657 170 1696 unno
191 1645 263 1696 149³.
283 1656 333 1710 per
349 1640 550 1713 Kohcrgerum.
585 1640 699 1697 iudicet
718 1658 785 1714 ergo
802 1640 927 1713 quilibet,
954 1641 1025 1710 orti,
1052 1642 1110 1696 sint
1134 1643 1219 1697 malis
1236 1643 1358 1696 nortona
1373 1644 1482 1709 macti,
1508 1642 1566 1695 sint
1583 1641 1784 1704 adolescentes,

47 1739 80 1783 ta
95 1734 189 1782 utrum
208 1733 249 1780 tot
268 1727 443 1782 historiarum
462 1745 514 1799 per
531 1734 574 1783 tot
591 1728 685 1783 secula
707 1728 927 1783 continuatarum
953 1728 1138 1783 admittantur
1162 1731 1203 1783 ad
1224 1747 1321 1784 sanos
1334 1716 1455 1782 'ordinas
1471 1734 1498 1782 st
1514 1727 1633 1781 mosim
1650 1727 1692 1780 ad
1704 1742 1782 1796 pres·

95 1819 124 1869 et
141 1813 368 1869 consentientium
388 1813 565 1869 affirmationi
580 1813 801 1878 credendumsit,
814 1828 850 1867 an
863 1829 928 1867 vero
954 1814 1123 1884 intersim
1141 1816 1206 1869 hinc
1225 1817 1370 1869 innumera
1388 1815 1537 1883 scandala,
1557 1814 1621 1867 irinc
1633 1820 1783 1867 conteratos

93 1898 247 1956 recentium
264 1916 414 1970 paucorum
432 1899 609 1972 inficiationi,
638 1902 686 1972 qui
711 1901 740 1955 id
764 1917 850 1955 unum
875 1898 928 1953 sibi
954 1901 1063 1954 ordinis
1081 1902 1270 1970 scoloeianici,
1287 1902 1350 1956 hino
1369 1902 1462 1955 diuini
1471 1902 1562 1955 cultus
1573 1901 1714 1954 renorma
1726 1917 1782 1954 non

91 1985 266 2058 propositum
283 1985 396 2051 habeut,
418 1993 450 2040 ut
466 1987 597 2058 papalem
611 1989 703 2044 sedem
716 1987 928 2059 quibuscunque
953 1995 1059 2041 tanturn
1082 1989 1236 2059 diminuta,
1262 1990 1315 2042 ssd
1338 1989 1422 2042 stiam
1448 2004 1539 2057 prope
1563 1988 1625 2056 iarn
1643 1986 1784 2042 castineto.

90 2078 208 2143 possunt
232 2072 320 2126 modis
347 2072 466 2128 fulciant
493 2075 538 2129 vel
566 2074 655 2129 inrita
687 2074 770 2130 etiam
798 2072 927 2140 veritum
953 2073 1037 2127 Alius
1049 2075 1151 2128 obunca
1163 2082 1211 2144 est,
1230 2076 1308 2145 isque
1318 2074 1434 2128 mummi
1443 2074 1582 2145 ponderis
1593 2074 1624 2127 in
1635 2073 1785 2127 collatione

91 2160 173 2215 uobis
192 2164 297 2213 certum
319 2166 369 2229 est,
387 2167 493 2231 papatu
511 2160 585 2214 illius
604 2158 795 2216 meretriculae
816 2175 926 2215 sueces-
954 2161 1145 2228 beneficiorum
1175 2162 1440 2230 eceksiasticorum,
1467 2161 1584 2214 manne
1616 2168 1783 2228 curatorum,

90 2243 197 2299 sionem
224 2244 354 2315 papalem
377 2262 433 2299 uon
455 2245 544 2299 solum
568 2262 628 2301 esse
652 2246 847 2316 interruptam,
876 2244 925 2300 sed
953 2255 978 2300 et
990 2264 1066 2317 pras
1084 2249 1210 2302 omnihus
1229 2249 1447 2318 episcopatuum,
1465 2246 1495 2300 in
1515 2247 1614 2315 quibsrs
1627 2263 1693 2298 mass
1707 2246 1783 2300 inco

90 2331 176 2386 etiam
194 2331 312 2400 turpiter
330 2329 518 2399 deformatam,
537 2333 602 2403 quia
619 2338 650 2386 ut
661 2332 819 2388 Antoninus
832 2331 866 2385 tit
886 2336 923 2386 16.
951 2333 1013 2403 luit,
1031 2342 1061 2388 ut
1076 2335 1263 2404 provideatur
1275 2334 1414 2404 personis,
1433 2333 1531 2402 quibus
1543 2333 1728 2400 conferuntur
1740 2332 1783 2386 bs·

90 2424 164 2489 part.
183 2422 207 2474 2.
233 2434 256 2471 c.
279 2424 300 2472 t.
326 2413 353 2491 ᾗ.
373 2423 398 2473 i.
419 2417 550 2487 disputat,
569 2417 619 2472 illa
636 2425 734 2488 utpote
751 2417 856 2473 semina
869 2433 925 2472 non
951 2421 1052 2485 reficio
1069 2427 1095 2474 st
1113 2438 1169 2475 non
1186 2421 1267 2488 prepi
1287 2420 1393 2475 Christi
1408 2418 1589 2473 aecclesias.
1619 2418 1704 2471 Alius
1717 2416 1782 2470 abu-

91 2501 147 2557 tuit
173 2502 359 2572 susceptibilis
386 2503 554 2558 characteris
581 2503 699 2574 alicujus
727 2503 843 2573 ordinis,
873 2521 925 2559 nec
951 2521 998 2557 srss
1016 2512 1057 2558 est
1075 2505 1105 2558 in
1119 2504 1370 2575 permutationibus
1387 2504 1598 2573 beneficiam,
1623 2518 1695 2572 quas
1709 2503 1783 2571 fiunt

92 2587 226 2660 perlicere
249 2589 444 2643 eucharistiam
463 2597 513 2644 aut
529 2589 657 2645 ordinare
676 2592 780 2661 potuit,
802 2607 852 2645 nec
876 2591 924 2645 ab·
951 2609 1012 2644 orror
1019 2590 1208 2661 pactionibus,
1227 2607 1299 2660 quas
1311 2607 1404 2645 ornnes
1416 2598 1480 2644 sunt
1490 2588 1673 2644 Simonianae
1689 2587 1781 2641 nulio·

94 2676 201 2732 wisera
219 2677 388 2746 apeccatis‚
408 2676 484 2730 unde
504 2676 623 2731 ordinati
644 2676 680 2731 ah
698 2694 733 2732 ea
750 2678 848 2732 iterum
866 2676 925 2732 fue·
951 2694 1004 2746 que
1029 2685 1155 2746 respectu
1182 2677 1277 2730 iohito
1302 2677 1361 2731 nisi
1382 2677 1463 2731 lucri.
1502 2676 1587 2731 Alius
1612 2676 1715 2729 mnus
1735 2682 1782 2738 cst,

94 2766 161 2816 runt
183 2761 342 2831 ordinandi,
369 2763 435 2833 quia
458 2763 526 2817 nihil
548 2763 585 2817 ah
607 2779 640 2817 ea
658 2769 825 2833 receperant.
860 2763 925 2817 Pul·
951 2766 1028 2834 quod
1049 2765 1149 2834 ptores
1174 2763 1254 2817 modi
1277 2763 1395 2832 innanti,
1421 2763 1520 2833 quobus
1545 2762 1677 2827 beneficia
1699 2769 1781 2816 tosto·

93 2845 230 2903 cherrima
253 2856 295 2903 est
318 2847 474 2904 observatio
500 2847 614 2920 Georgii
641 2849 751 2919 Nigrini
771 2849 820 2904 lib.
840 2856 863 2904 5.
885 2848 925 2903 in·
951 2859 1041 2905 mento
1059 2850 1194 2919 lepontun
1212 2850 1289 2918 quod
1300 2849 1362 2916 filii
1377 2850 1602 2919 presbyterorum
1619 2848 1720 2901 bahent
1728 2864 1781 2916 pa·

93 2933 163 3005 quis.
182 2951 207 2991 c.
226 2937 250 2990 8.
276 2933 350 3005 quod
368 2934 404 2988 ab
423 2951 496 2988 anno
514 2934 626 2989 Domini
645 2941 703 2991 855.
722 2953 777 3007 quo
797 2933 925 2991 meretrix
951 2946 1059 2991 rsnmm
1083 2937 1220 3006 hsncficia.
1255 2935 1339 2989 Altus
1362 2935 1465 2988 abusus
1482 2943 1522 2989 est
1541 2935 1571 2987 in
1591 2931 1782 3003 nspectatirs's

92 3019 141 3075 illa
153 3020 275 3092 Anglica
294 3020 323 3074 in
341 3020 433 3075 sedem
446 3020 627 3091 pontificiam,
644 3027 687 3076 cst
706 3028 803 3078 evecta
821 3022 857 3078 ad
878 3038 924 3077 au·
950 3031 977 3079 st
1001 3022 1234 3078 resonationibus
1258 3021 1463 3091 banefio‘orum,
1490 3022 1566 3090 quod
1588 3018 1783 3073 cardinalibus

92 3124 160 3162 num
184 3113 257 3164 1521.
273 3124 328 3178 quo
347 3106 486 3162 Lutherus
500 3107 670 3163 Wormutiac
681 3109 710 3162 in
725 3108 842 3163 comitiis
855 3110 926 3163 inter
951 3113 1131 3176 conferuntur
1143 3109 1319 3178 episcopatus
1330 3125 1386 3161 noa
1398 3124 1471 3160 unus
1484 3113 1600 3174 tantum,
1614 3105 1782 3174 cooptarer,

92 3193 203 3248 ordines
220 3193 328 3263 imperii
340 3192 459 3248 Romani
476 3208 567 3247 coram
580 3194 699 3249 Qesare
710 3210 800 3265 papas
818 3201 925 3250 conha-
951 3214 1013 3251 cum
1036 3204 1128 3250 tamen
1150 3196 1275 3265 officium
1299 3191 1458 3246 cardinalis
1479 3198 1506 3245 et
1524 3190 1651 3261 episcopi
1665 3190 1722 3244 sint
1738 3190 1781 3243 in·

93 3280 164 3335 dixit
189 3280 273 3350 inque
290 3279 437 3350 propatulo
457 3281 630 3335 meretricem
647 3287 814 3337 scortantem
832 3287 860 3337 et
877 3301 926 3354 po·
952 3281 1144 3352 compatibilia
1167 3286 1220 3336 etc.
1260 3277 1382 3334 Similem
1412 3276 1551 3348 querclam
1578 3276 1647 3333 texit
1674 3274 1781 3330 Ludos.

93 3367 158 3424 culo
175 3384 226 3423 suo
244 3383 325 3438 reges
343 3375 433 3422 terroe
451 3366 633 3423 inebriantem
652 3369 809 3439 proposuit,
832 3387 926 3426 nume·
952 3370 1038 3425 Vives
1056 3368 1086 3422 in
1104 3366 1165 3423 libr.
1188 3373 1227 3422 1¹1.
1245 3367 1364 3438 August.
1382 3364 1417 3421 da
1434 3364 1486 3419 cir.
1504 3363 1559 3419 Dei
1574 3380 1597 3419 c
1611 3371 1640 3419 5:
1663 3363 1780 3426 Quotus·

92 3461 190 3509 rentur
214 3454 280 3507 anni
304 3457 362 3509 666.
391 3452 438 3524 qui
465 3460 530 3508 sunt
555 3452 700 3509 character
723 3454 830 3510 bestiae
853 3455 927 3510 illius
953 3458 1067 3527 qunque
1085 3463 1137 3519 est,
1163 3455 1214 3524 qui
1228 3454 1388 3507 mondolio
1405 3451 1524 3519 nnbat,
1548 3451 1644 3520 potius
1663 3458 1695 3503 ut
1713 3448 1891 3503 reli-¹281&

94 3538 313 3612 apocalypticus.
953 3545 1029 3613 piore
1053 3542 1141 3610 colat,
1167 3559 1246 3612 quarn
1267 3548 1298 3593 ut
1321 3538 1451 3610 qrsaeatui
1466 3537 1588 3593 haheat!
1614 3552 1694 3608 quem
1710 3535 1780 3589 inci·

47 3653 61 3695 t·
134 3632 190 3682 198.
233 3625 315 3690 Quod
344 3623 445 3679 attinet
476 3624 597 3696 reliquos
630 3625 762 3682 eocloeiae
786 3625 928 3681 Romanae
953 3637 1014 3683 tant
1032 3635 1165 3701 parentes
1187 3635 1214 3682 st
1236 3626 1391 3681 necessarii
1413 3627 1454 3680 ad
1476 3640 1536 3680 rem
1560 3622 1780 3678 walsnasticans

47 3759 80 3798 m„
96 3713 241 3784 episcopos
267 3716 296 3767 et
319 3710 433 3766 clericos
460 3718 571 3781 praeter
596 3728 712 3783 papam,
744 3713 806 3768 illos
832 3712 927 3768 itidem
954 3716 1013 3770 aiio
1029 3718 1092 3783 tine,
1110 3731 1194 3783 ossam
1212 3720 1243 3767 ut
1261 3715 1385 3767 ditentur
1402 3711 1480 3780 ipsit
1518 3710 1588 3773 Quis
1603 3725 1633 3764 ss
1650 3727 1707 3763 non
1725 3708 1779 3763 soi-

47 3820 79 3850 n-
93 3816 150 3855 non
183 3814 329 3869 possumus
358 3813 408 3867 pro
440 3796 512 3851 reris
545 3799 733 3868 apostolorum
765 3800 928 3854 suceessori-
953 3803 1045 3856 stimat
1062 3800 1236 3855 candissimo
1252 3800 1358 3868 tmere,
1377 3815 1439 3853 eum
1455 3796 1533 3864 tiliis,
1551 3797 1578 3850 si
1592 3796 1682 3861 hain,
1699 3795 1781 3849 haist

47 3872 73 3945 ξ’
94 3884 148 3939 bus
178 3898 343 3955 messere,
381 3890 401 3938 t.
428 3883 494 3954 quia
523 3891 680 3954 propagant
711 3891 740 3940 et
771 3885 824 3956 ipsi
854 3902 927 3940 nora
954 3897 1045 3943 autern
1062 3888 1121 3942 nisi
1130 3886 1291 3950 sitstsriiis,
1307 3902 1368 3939 cum
1376 3884 1524 3953 fratribus,
1541 3883 1685 3938 coraibus
1701 3882 1781 3937 aliis·

94 3970 227 4042 dogmata
252 3966 420 4039 apostolicae
446 3974 474 4024 et
498 3971 654 4039 primitivae
671 3971 804 4026 ecclesiae
822 3971 927 4042 ignota,
954 3991 1006 4044 quo
1031 3974 1157 4044 cognatis
1181 3980 1210 4027 st
1236 3970 1403 4026 necessariis
1427 3970 1509 4024 ιιίαηι
1533 3969 1686 4038 opulemis,
1711 3984 1782 4038 quos

94 4056 246 4111 auctoritas
271 4054 428 4110 Tridentini
452 4054 563 4111 concilii
585 4056 661 4127 apud
687 4056 749 4111 illos
775 4063 816 4112 est
838 4073 927 4113 sacro·
955 4061 1087 4116 ecclesias
1104 4060 1220 4114 divitias
1236 4064 1346 4127 vocant,
1367 4055 1577 4127 proconnissis
1597 4056 1703 4124 spania,
1721 4053 1782 4123 qui·

94 4151 206 4206 meta,
230 4141 259 4196 in
283 4157 338 4212 quo
363 4147 456 4196 tamen
480 4136 554 4199 fain
576 4148 608 4199 et
625 4141 845 4198 Antichristiana
861 4142 927 4214 dog·
954 4149 1004 4202 issa
1026 4147 1081 4202 illa
1098 4153 1162 4201 sunt
1173 4151 1296 4216 parato,
1313 4141 1495 4212 impartitur!
1528 4139 1607 4195 Idem
1622 4140 1652 4194 in
1668 4138 1716 4194 lib.
1739 4143 1780 4196 tt.
1895 4204 1909 4221 f

94 4237 173 4284 mata
198 4217 396 4295 stabiliuntur,
420 4232 453 4281 ut
478 4222 503 4282 a'
521 4227 624 4283 nuruis
645 4229 754 4299 saepius
779 4233 926 4284 ostensum.
953 4234 989 4289 de
1016 4233 1068 4288 cir.
1091 4232 1145 4288 Dei
1169 4248 1194 4289 c.
1218 4237 1264 4288 19:
1293 4231 1330 4285 ln
1354 4230 1426 4284 Osca
1445 4229 1585 4283 Dominus
1601 4226 1781 4296 conqueritur

96 4322 121 4372 2.
150 4313 223 4378 Quia
250 4329 357 4369 omnem
384 4329 463 4368 suam
493 4318 675 4385 potestatem,
706 4314 927 4384 jurisdictionem
954 4322 1097 4392 episcopos
1122 4320 1251 4388 laqueum
1275 4318 1373 4384 factor
1398 4314 1586 4385 speculationi
1610 4320 1636 4367 et
1663 4320 1721 4368 rote
1750 4313 1780 4366 in

95 4407 125 4458 st
143 4400 228 4456 officii
245 4400 408 4471 dignitatem
425 4399 549 4457 fatentur
565 4418 596 4457 ss
615 4401 740 4471 accipere
759 4417 777 4455 a
796 4400 926 4473 pontifice
954 4416 1043 4461 monto
1065 4404 1190 4473 Thabor,
1212 4418 1261 4457 cest
1277 4404 1313 4456 ds
1330 4402 1413 4471 hujus
1431 4400 1563 4470 temporis
1581 4399 1721 4470 episcopis
1738 4399 1779 4453 lo·

94 4488 235 4557 Romano,
262 4503 345 4559 quem
363 4503 414 4557 pro
432 4487 562 4557 episcopo
579 4487 727 4542 universali
746 4493 775 4542 et
793 4488 927 4543 ecclesiae
953 4500 1090 4563 quernus,
1110 4491 1161 4560 qui
1171 4488 1338 4544 sacerdotiis
1348 4488 1464 4558 iaqsssos
1477 4487 1594 4541 tendunt
1607 4485 1780 4556 stpscunias

93 4575 186 4646 capite
212 4579 374 4644 agnoscunt
418 4572 602 4628 Bellarminus
630 4573 693 4630 libr.
714 4579 738 4628 t.
767 4572 803 4628 de
829 4574 926 4644 pontii.
951 4581 1036 4650 torpa
1053 4578 1140 4645 nstin,
1159 4577 1211 4631 ssd
1228 4575 1377 4630 nonensis
1394 4573 1521 4643 mooun,
1540 4589 1574 4627 ns
1592 4589 1719 4626 nummus
1736 4572 1779 4640 sf-

93 4678 118 4717 c.
140 4665 183 4717 tt.
220 4657 274 4716 Sed
295 4659 429 4730 primatus
454 4658 501 4713 ille
524 4657 677 4729 pontilicis,
701 4676 784 4730 quem
807 4676 825 4713 a
842 4659 926 4715 Petro
947 4668 1029 4737 fluat.
1065 4662 1184 4719 ibidem:
1202 4661 1285 4716 Nunc
1304 4661 1346 4715 ita
1366 4666 1494 4714 curatura
1520 4667 1561 4713 est
1579 4658 1729 4728 diligentia
1752 4664 1779 4711 et

93 4747 251 4814 deducunt,
279 4751 307 4800 et
329 4745 471 4801 doctrinae
491 4752 519 4799 et
542 4746 664 4799 moribus
684 4746 760 4801 Petri
778 4744 926 4802 fortissime
951 4751 1070 4821 ingeniis
1092 4749 1282 4819 quorundam,
1311 4753 1342 4801 ut
1357 4747 1430 4800 citra
1447 4748 1582 4813 fraudent
1600 4747 1671 4815 lepis
1685 4743 1778 4815 possit

91 4839 247 4906 repugnat,
276 4849 328 4887 nec
358 4839 450 4903 potest
475 4831 620 4887 manifesto
648 4832 741 4903 aliquo
769 4833 926 4905 Scripturas
952 4839 1130 4909 episcopatus
1146 4852 1201 4889 non
1218 4835 1302 4890 modo
1321 4832 1420 4902 appeti
1436 4832 1521 4902 licite,
1539 4833 1591 4886 scd
1604 4834 1658 4885 erni
1669 4847 1775 4901 quoque

91 4919 251 4977 testimonio
262 4918 383 4990 probari.
415 4925 438 4976 3.
451 4917 671 4989 illegitimesiue
683 4919 779 4989 populi
792 4935 926 4975 consensu
952 4933 978 4977 st
1002 4923 1093 4978 rendi.
1130 4927 1154 4976 5.
1174 4919 1285 4978 Nullam
1308 4918 1366 4974 fere
1386 4916 1550 4989 episcopalis
1573 4917 1693 4971 muneris
1713 4931 1774 4989 par-

92 5007 243 5080 eiiguntur,
263 5006 337 5077 quod
356 5011 398 5060 est
415 5011 511 5059 conus
528 5004 681 5058 doctrinam
699 5013 727 5060 et
745 5007 843 5075 praxin
860 5021 925 5077 apo·
951 5014 1007 5065 tem
1033 5007 1232 5063 administrant.
1267 5005 1373 5072 Quotus
1397 5003 1469 5058 enim
1492 5003 1609 5074 quisque
1633 5001 1776 5057 illorume

91 5094 229 5149 stolorum
253 5093 317 5148 Act.
343 5097 372 5161 1,
395 5108 421 5146 v.
446 5095 486 5146 23.
521 5107 544 5147 c.
564 5096 593 5155 6,
617 5108 644 5146 v.
670 5096 691 5145 t.
727 5107 750 5145 e.
772 5098 817 5157 rt,
842 5109 867 5146 v.
885 5072 1084 5166 23.'lsuggssto
1106 5093 1239 5164 populum
1265 5092 1358 5160 docet,
1379 5095 1552 5144 curamenta
1570 5088 1653 5159 juxta
1675 5085 1776 5142 Christi

96 5188 119 5238 1.
139 5179 201 5235 Cor.
222 5184 262 5248 16,
279 5193 304 5233 r.
326 5183 350 5234 3.
385 5184 409 5233 t.
429 5175 544 5246 Saepius
563 5175 667 5231 indocti
682 5159 1148 5248 etndepiscopnleiinsrrtntionsn
1168 5176 1349 5243 administrat,
1370 5179 1497 5248 aegrotos
1516 5174 1610 5229 visitat
1629 5172 1700 5230 eta?
1731 5173 1778 5229 ln·

92 5265 217 5323 officium
246 5264 333 5335 inepti
362 5264 566 5336 praeficiuntur.
618 5262 673 5327 Qui
698 5264 762 5334 plus
789 5265 925 5335 pecuniae
947 5266 1075 5335 junctum
1094 5263 1205 5336 quidem
1222 5262 1277 5316 illis
1295 5261 1324 5315 iu
1337 5261 1453 5317 concilio
1462 5259 1634 5325 Tridentino,
1651 5268 1682 5313 ut
1696 5261 1778 5330 inpo-

92 5359 238 5417 numerat,
270 5353 307 5407 ad
325 5350 451 5406 ditiorem
479 5350 667 5420 episcopatum
693 5356 721 5404 et
738 5350 924 5420 praebendam
951 5361 1053 5406 sterurn
1069 5351 1129 5421 ipsi
1145 5352 1289 5413 doceant,
1306 5346 1355 5403 sed
1372 5347 1508 5418 quomodo
1527 5346 1557 5400 id
1575 5346 1688 5411 iaciant,
1707 5348 1778 5418 pub·

91 5439 178 5496 citius
202 5437 341 5509 adspirat3
365 5436 533 5492 examinator
560 5452 652 5492 eoram
674 5434 754 5489 altari
774 5435 926 5493 solenniter
951 5438 1003 5493 lice
1020 5437 1146 5492 omnibus
1165 5434 1408 5491 consecrabas
1426 5440 1466 5486 cst
1482 5439 1509 5486 st
1525 5432 1575 5486 siis
1594 5434 1778 5504 ewripsndus

92 5525 208 5601 quidem
223 5524 308 5596 jurat,
325 5538 355 5578 se
373 5523 512 5594 reperisse,
531 5537 625 5578 omnes
642 5521 696 5578 illis
714 5521 799 5577 sacru
813 5521 922 5578 initian·
952 5523 1111 5597 (loquuntur
1129 5520 1283 5578 cardinales
1301 5517 1401 5577 delecti
1417 5518 1447 5574 in
1458 5534 1509 5576 suo
1522 5519 1659 5592 consilio),
1672 5536 1707 5576 ns
1721 5520 1778 5594 spi·
