3998 6024
267 235 328 294 171
827 224 950 284 Locus
967 218 1171 282 menemus
1188 219 1388 284 SECUNDUS

269 389 327 438 tam
359 382 401 438 iri.
444 381 635 438 'lbecdoretus
662 386 768 453 quaest
791 388 816 438 1.
839 381 869 435 iu
895 379 1001 434 Exod.:
1042 381 1105 447 Epo
1119 393 1121 420 ³
1135 396 1164 432 se
1184 388 1277 434 tamen
1293 396 1407 435 smoarc
1423 383 1521 450 solem,
1538 381 1677 451 nonguia
1691 385 1803 433 emtum
1820 385 1899 448 11111,
1914 382 1959 434 red

269 468 410 537 arbitror,
435 468 595 539 significari
623 467 760 521 lsrailem
784 470 975 536 Acceptorum
993 465 1106 518 insidiis
1133 466 1201 537 quia
1224 483 1317 536 regem
1341 475 1570 536 repraesentant,
1593 467 1724 522 1111111111·
1749 473 1778 521 et
1801 467 1874 535 agai
1889 465 1959 521 iilius

270 557 425 628 appetitum
451 572 507 608 non
531 569 590 607 esse
616 554 836 624 subjugandum,
858 555 911 607 red
932 553 1106 607 aduersariis
1133 554 1249 623 sanguis
1267 552 1392 607 homines
1408 553 1503 609 ealoor
1511 554 1615 622 secere
1629 553 1735 621 1111111,
1754 569 1812 607 noa
1824 553 1961 622 guinem

272 641 445 712 superiorem
464 643 601 708 sutirum.
640 638 738 694 Bubus
759 644 801 694 est
822 637 966 712 sylvestris
982 641 1012 692 et
1029 636 1107 707 abje·
1133 640 1197 709 puis
1224 646 1303 703 erat,
1327 641 1379 692 sed
1403 640 1471 708 quia
1496 640 1660 708 sanquinem
1687 637 1792 692 ebriati
1819 639 1961 707 rescrebat,

271 733 334 782 ctus
361 726 467 792 huten
500 724 541 779 sic
567 723 686 779 ecclesia
710 724 739 778 in
765 723 819 779 hac
842 723 901 778 vita
929 729 972 779 est
995 722 1106 778 humilis
1133 740 1205 797 quae
1217 730 1261 780 est
1269 724 1456 796 chrysostomi
1469 724 1628 780 similitudo.
1657 724 1715 779 Hic
1732 724 1853 793 rancum
1865 723 1964 780 Christi

273 811 378 884 myrica
400 811 430 864 in
454 809 540 865 oculis
566 810 662 865 mundi
686 816 714 866 et
732 810 871 865 humanae
890 808 1012 865 rationis.
1050 808 1106 863 Ru·
1133 827 1218 880 super
1235 819 1381 883 utrumque
1397 819 1503 882 postem
1515 811 1648 882 ponder,
1673 811 1789 882 quomo
1805 828 1864 864 non
1879 811 1964 866 esium

272 898 325 954 bus
346 902 389 953 est
407 894 500 952 frutex
519 895 646 967 spinosus
665 903 693 951 et
710 896 873 960 senticosus,
892 911 983 968 quem,
1001 901 1033 951 ut
1050 894 1105 950 He·
1134 913 1182 950 ore
1200 898 1339 966 corpore,
1358 900 1411 951 red
1428 898 1513 952 etiam
1529 915 1578 952 ore
1596 899 1692 953 cordis
1703 895 1845 952 hauritur.
1863 895 1964 968 Crago

272 982 349 1039 braei
375 983 541 1054 loquuntur,
568 981 627 1037 aris
651 981 721 1037 eitra
745 982 981 1052 deplumationem
998 980 1105 1052 ingredi
1133 981 1190 1036 rius
1211 981 1305 1039 homil.
1325 988 1366 1039 11.
1385 984 1414 1038 in
1432 999 1531 1056 evang.
1560 977 1714 1039 inexcidio
1723 982 1965 1055 primogenitorum

273 1086 328 1123 non
354 1072 461 1139 potest;
487 1067 527 1122 sie
551 1067 599 1139 qui
616 1066 761 1123 eeclesiam
778 1067 916 1123 hostiliter
935 1072 1106 1139 oppugnant,
1133 1067 1261 1140 Aegypti·
1275 1068 1462 1140 significatum
1480 1068 1542 1139 fuit,
1559 1068 1697 1140 judicium
1715 1073 1745 1122 et
1762 1066 1898 1123 uamDei
1913 1085 1964 1122 non

274 1170 304 1210 se
330 1153 404 1225 ipsos
428 1154 518 1226 magis
543 1153 660 1208 laedunt
679 1169 764 1224 quum
781 1153 868 1208 istam.
907 1152 952 1207 De
969 1152 1039 1209 rubo
1058 1152 1107 1207 illo
1133 1171 1214 1224 posse
1239 1154 1384 1218 snstmeri,
1411 1169 1447 1208 ne
1469 1155 1505 1209 ab
1528 1154 1585 1209 illis
1603 1153 1728 1224 quidun,
1753 1153 1801 1224 qui
1820 1153 1851 1209 in
1866 1153 1965 1208 mundo

274 1239 396 1296 Mosaico
423 1239 520 1295 scribit
543 1238 625 1294 Philo
644 1239 672 1293 in
691 1239 751 1294 libr.
771 1239 807 1293 de
825 1239 883 1294 vita
900 1237 1020 1308 Moysis:
1050 1240 1107 1292 Iiu-
1133 1245 1198 1294 sunt
1236 1240 1477 1310 praestantissimi,
1512 1239 1713 1312 primogenitus
1747 1239 1823 1295 enim
1856 1245 1965 1294 vocatur

273 1327 323 1379 111
350 1333 411 1380 erat
432 1325 566 1396 plantula
590 1325 706 1395 spinosa
731 1333 757 1379 st
782 1324 955 1379 debiliseima
976 1333 1057 1394 atque
1074 1341 1107 1377 ea
1129 1326 1278 1393 fortitudo
1297 1334 1324 1379 et
1339 1327 1516 1396 principium
1533 1327 1643 1380 roboris
1660 1324 1730 1381 Gen.
1744 1331 1864 1391 1111.
1888 1326 1965 1390 Quod

272 1411 381 1465 nemine
406 1411 497 1478 ignem
520 1413 683 1465 admovente
706 1417 819 1480 repente
837 1417 896 1463 tota
914 1410 1032 1463 accendi
1047 1409 1109 1463 visa
1134 1411 1324 1466 Israiilitarum
1354 1410 1531 1483 primogeniti
1556 1428 1611 1467 non
1635 1410 1834 1479 laedebantur,
1860 1411 1892 1466 id
1913 1429 1964 1467 non

274 1504 328 1561 eet,
350 1513 433 1567 queam
450 1513 512 1551 cum
530 1496 604 1564 ignis
622 1497 761 1550 radicitus
777 1503 941 1565 occupaeset
957 1496 982 1548 et
1003 1495 1110 1563 ingenti
1134 1497 1220 1553 fiebat
1250 1503 1364 1568 propter
1387 1514 1481 1552 eorum
1509 1498 1721 1568 praestantiam,
1747 1496 1800 1552 sed
1822 1514 1857 1552 ex
1879 1499 1964 1570 gratia

275 1585 389 1650 flamma
414 1599 506 1637 omnes
530 1599 626 1635 ramos
644 1598 678 1635 ac
696 1597 827 1635 cacumen
845 1581 1004 1650 complemus
1022 1585 1108 1647 esset,
1134 1589 1247 1654 propter
1273 1582 1414 1639 Christum
1439 1582 1618 1638 mediatorem
1638 1582 1751 1637 unicum
1768 1581 1850 1638 illum
1866 1599 1962 1655 quum

275 1687 309 1722 ea
331 1677 424 1723 tamen
443 1667 566 1738 perinde
593 1668 719 1721 manebat
745 1665 862 1730 illaera,
889 1684 923 1720 ac
946 1666 974 1719 ri
990 1681 1109 1736 superne
1135 1667 1197 1738 Dei,
1219 1670 1299 1740 eujus
1319 1674 1403 1739 typus
1421 1666 1477 1724 fuit
1492 1684 1581 1740 agnus
1598 1667 1737 1739 paschalis
1759 1673 1781 1725 l.
1801 1667 1923 1726 Corinth
1941 1677 1962 1730 5,

274 1757 341 1820 fone
369 1753 546 1808 delaberetur
573 1752 786 1822 incendiumque
808 1751 972 1822 reprinmret
992 1759 1018 1804 et
1034 1751 1109 1805 uelut
1135 1773 1160 1811 v.
1188 1761 1210 1808 7.
1242 1754 1276 1808 In
1293 1754 1377 1824 hujus
1394 1752 1522 1808 beneficii
1542 1754 1700 1809 memoriam
1716 1771 1815 1809 omnes
1832 1753 1961 1810 111ιὸ1111-

274 1840 394 1893 materia
418 1847 488 1893 esset
512 1839 748 1908 incorruptionis,
777 1856 834 1892 non
862 1839 936 1907 ipen
960 1837 1107 1907 pannum,
1135 1859 1195 1895 rum
1213 1839 1391 1912 primogeniti
1406 1840 1468 1895 Deo
1487 1846 1565 1895 erant
1581 1839 1779 1908 consecrandi,
1795 1839 1960 1896 redimeban-

276 1927 329 1979 sed
358 1933 456 1979 contra
483 1927 638 1979 nutriretur
665 1926 701 1978 ab
727 1925 798 1994 igne.
845 1923 890 1979 Sic
914 1923 1032 1978 ecclesia
1052 1940 1108 1978 non
1135 1933 1181 1982 tur
1198 1933 1292 1982 uutcm
1307 1926 1397 1997 pretio
1415 1926 1538 1998 quinque
1556 1927 1686 1982 siclorum
1702 1926 1786 1983 Num
1811 1932 1858 1994 18,
1882 1943 1907 1980 r.
1927 1933 1959 1982 15.

274 2009 446 2067 consumitur
468 2009 503 2065 ab
530 2009 658 2066 incendio
683 2009 741 2065 irae
761 2009 872 2064 dinnao
892 2009 1025 2064 adversus
1042 2025 1107 2080 pee-
1134 2011 1190 2068 Sed
1209 2018 1241 2067 ut
1257 2012 1333 2066 aliud
1352 2011 1554 2083 timeretque
1571 2011 1627 2066 alia
1643 2010 1778 2067 redemtio
1791 2029 1877 2082 quam
1890 2009 1991 2083 quin-ss

275 2103 351 2165 cata,
379 2097 445 2169 quia
469 2096 574 2168 tegitur
599 2095 761 2151 umbraculo
783 2095 892 2167 gratiae
914 2093 943 2149 in
964 2094 1036 2150 Filio
1054 2094 1108 2149 Dei
1134 2116 1189 2169 que
1207 2097 1336 2153 siclorum
1353 2097 1505 2170 significari
1522 2097 1730 2169 intelligeretur,
1751 2097 1824 2152 dicit
1834 2096 1959 2153 Dominus

274 2182 356 2239 nobis
372 2183 545 2255 propositae,
571 2182 595 2236 is
612 2181 684 2237 enim
701 2199 735 2238 ex
754 2180 825 2237 rubo
844 2181 880 2236 ud
897 2181 1014 2252 Moysen
1033 2181 1108 2236 locu·
1134 2183 1215 2240 Num.
1241 2189 1272 2248 3,
1294 2202 1321 2239 r.
1349 2189 1387 2240 11.
1405 2184 1481 2256 quod
1498 2200 1548 2254 pro
1561 2183 1762 2253 primogenitis
1772 2182 1906 2252 fitiorum
1921 2201 1959 2236 oc·

274 2274 328 2337 tus,
349 2277 381 2325 ut
400 2288 432 2325 er
445 2268 557 2324 Denter.
577 2274 618 2339 23,
632 2288 658 2323 v.
682 2274 721 2324 11.
739 2266 978 2325 docentJustinus
999 2267 1027 2321 in
1041 2266 1106 2321 dial
1132 2269 1238 2338 ceperit
1257 2269 1386 2337 Levites,
1405 2269 1534 2341 quodque
1552 2269 1615 2323 ideo
1632 2267 1730 2323 redimi
1746 2267 1857 2339 possint
1868 2269 1959 2341 primo

274 2373 338 2411 cum
350 2354 454 2426 Tryph.
482 2354 657 2426 Augustinus
669 2354 718 2409 lib.
731 2359 754 2409 2.
773 2355 809 2409 de
826 2353 924 2408 'Irinit
942 2370 965 2408 c.
976 2359 1000 2410 3.
1028 2352 1105 2407 Hila·
1132 2355 1221 2428 geniti
1242 2355 1396 2421 bominum,
1420 2355 1486 2427 qnia
1509 2354 1624 2409 Levites
1651 2354 1712 2409 loco
1735 2353 1862 2424 ipsorum
1877 2371 1959 2410 conse·

274 2441 332 2496 rius
350 2441 399 2498 lib.
418 2448 441 2498 4.
465 2442 500 2495 de
520 2440 619 2496 'Irinit
657 2441 754 2497 Potest
770 2441 853 2495 etiam
865 2457 915 2512 per
929 2439 1031 2511 ignem,
1050 2455 1105 2510 qno
1132 2444 1200 2498 eruti
1219 2447 1284 2496 sunt
1295 2441 1423 2504 Domino,
1440 2442 1500 2511 jam
1518 2458 1583 2496 vero
1601 2457 1633 2495 er
1646 2440 1816 2510 epistolaad
1828 2440 1958 2497 Hebraeos

272 2528 359 2584 rubus
390 2526 566 2594 accenditur,
606 2526 655 2582 sed
682 2544 738 2581 non
765 2526 949 2591 eonsumitur,
988 2524 1106 2596 intelligi
1131 2527 1277 2583 manifeste
1294 2531 1411 2595 constat,
1428 2526 1613 2580 sacerdotium
1631 2524 1956 2599 Leuticumtuissefigu·

275 2614 348 2685 ignis
369 2613 580 2668 tribulationum
601 2618 629 2668 et
646 2613 875 2682 persecutionum,
896 2611 944 2683 qui
960 2612 1105 2667 eeclesiam
1131 2630 1190 2668 ram
1217 2612 1335 2681 Christi,
1361 2611 1533 2682 significatur
1558 2610 1644 2681 igitur
1667 2611 1918 2680 praestantissimos
1935 2612 1955 2666 in

273 2716 328 2753 non
352 2697 487 2764 absumit,
513 2698 562 2752 sed
589 2703 692 2768 purgat
713 2697 802 2752 solum
828 2703 856 2752 et
876 2697 1012 2770 excoquit.
1049 2696 1106 2751 Au·
1132 2686 1954 2769 mundoesseuaeetjudieioDeiobnorionGhristumauteu

272 2784 400 2858 gustinus
427 2788 508 2840 tract.
536 2789 560 2839 3.
587 2783 616 2836 in
639 2782 741 2839 Johan.
763 2783 815 2838 hoc
834 2784 927 2854 ὅραμα
945 2783 1106 2853 interprete·
1132 2803 1192 2841 sese
1216 2785 1404 2851 sanctificasse
1425 2782 1781 2853 praesententur.
1804 2790 1846 2842 rs.
1871 2802 1903 2838 ac
1918 2786 1953 2838 de·

273 2878 318 2925 tur
356 2869 391 2923 de
427 2885 574 2940 synagoga
604 2867 724 2924 Judaiea
758 2867 903 2924 resistente
931 2868 1024 2922 multis
1053 2867 1107 2923 Dei
1134 2872 1210 2925 disse
1221 2871 1346 2924 animam
1358 2887 1440 2924 msam
1451 2866 1553 2940 λύτρον
1558 2887 1615 2938 pro
1623 2868 1719 2923 1111111
1728 2867 1830 2925 111111.
1843 2875 1914 2939 ²⁸2*-
1924 2874 1952 2925 lt.

274 2954 507 3011 admonitionibus
548 2966 575 3008 et
608 2953 759 3009 rebellante
794 2953 948 3025 prophetis,
991 2969 1106 3026 quorum
1134 2956 1208 3011 illius
1234 2954 1370 3012 beneficia
1389 2954 1594 3010 distribuuntur
1610 2954 1639 3008 in
1657 2953 1788 3025 11111111,
1809 2957 1892 3028 eujus
1907 2954 1951 3026 typi
1987 3005 1991 3010 .

274 3060 326 3097 vox
355 3041 442 3096 instar
469 3040 603 3096 luculenti
636 3039 708 3111 ignis
739 3039 910 3111 splendentis
936 3040 965 3094 in
990 3040 1107 3095 obscuro
1133 3041 1246 3097 fuerunt
1269 3042 1366 3097 domus
1386 3040 1574 3096 lsrailitarum
1594 3039 1815 3113 sanguineagui
1831 3040 1952 3114 pmchdis

274 3130 336 3185 loeo
355 3134 378 3183 1.
399 3128 473 3183 Petr.
496 3132 519 3193 1,
540 3145 565 3180 v.
586 3132 626 3183 19.
645 3126 769 3197 quotidie
786 3125 814 3180 in
831 3127 982 3197 synagogis
996 3126 1107 3198 legebu·
1135 3128 1297 3198 adspersae,
1322 3145 1340 3182 a
1359 3144 1415 3199 qua
1430 3143 1486 3182 non
1505 3125 1638 3183 debemus
1655 3142 1706 3182 nos
1724 3143 1871 3199 separare,
1894 3128 1950 3183 sicut

274 3222 328 3273 tur.
354 3214 418 3269 Aet
441 3219 487 3282 15,
507 3231 532 3268 v.
552 3217 594 3267 11.
1134 3214 1278 3270 israelitae
1302 3231 1396 3270 severe
1419 3211 1601 3285 prohibentur
1626 3213 1708 3269 domo
1731 3230 1784 3269 sua
1800 3214 1905 3288 egredi,
1923 3229 1949 3266 ne

147 3305 261 3346 noenu·
310 3307 350 3357 18.
397 3308 420 3356 5.
449 3298 556 3354 Domus
587 3296 776 3353 Israiilitarum
806 3299 834 3352 in
857 3298 997 3370 Aegypto.
1037 3299 1107 3355 Cum
1133 3303 1169 3359 ab
1196 3300 1298 3372 angelo
1320 3306 1460 3356 vastatore
1483 3299 1674 3371 percutiantur
1695 3298 1785 3356 Exod.
1805 3306 1850 3366 11,
1879 3319 1901 3356 v.
1916 3303 1946 3354 11.

147 3355 235 3448 1111118111
251 3374 261 3384 ’
275 3388 407 3445 tenebrae
429 3385 575 3441 horribiles
599 3392 627 3439 et
653 3384 808 3456 palpabiles
836 3390 921 3441 totam
945 3387 1107 3459 Aegyptum
1135 3389 1230 3459 Agnos
1253 3386 1391 3458 paschalis
1414 3404 1470 3442 non
1492 3385 1689 3443 comedebatur
1712 3386 1767 3441 nisi
1792 3387 1823 3443 in
1840 3386 1945 3443 domibus

148 3457 259 3509 mm·
275 3474 426 3546 operirent,
459 3473 487 3526 in
515 3470 642 3526 domibus
666 3470 854 3525 lsreiilitarum
878 3471 1061 3528 habitantium
1080 3473 1108 3528 in
1134 3473 1322 3528 lsraiilitarum
1347 3472 1435 3528 Exod.
1458 3478 1503 3536 11,
1532 3489 1556 3525 r.
1581 3478 1612 3540 1,
1640 3471 1680 3528 sie
1704 3472 1733 3527 in
1760 3473 1821 3531 sola
1840 3470 1943 3530 1111111

276 3568 353 3614 terra
374 3560 468 3614 Geren
488 3566 548 3612 erat
567 3559 616 3610 lar
635 3556 722 3612 Exod.
744 3563 784 3625 10,
799 3573 824 3611 v.
847 3562 887 3613 13.
922 3559 1035 3612 Sanctis
1052 3561 1108 3613 tuis
1134 3577 1206 3632 quae
1235 3565 1277 3615 est
1299 3559 1396 3613 domus
1420 3557 1486 3627 Dei,
1516 3559 1628 3623 inactus
1649 3559 1797 3628 passionis
1818 3558 1942 3616 inmun,

276 3646 398 3700 maxima
424 3652 486 3698 erat
515 3644 562 3697 leuc
592 3651 618 3698 ct
647 3645 714 3712 guia
739 3661 796 3696 non
820 3644 876 3714 ipsi
904 3648 1002 3699 endem
1026 3650 1109 3716 pasci
1133 3645 1291 3717 Cyprianus
1311 3643 1358 3701 lib.
1380 3643 1545 3715 1111116.

275 3738 369 3795 erant,
399 3730 616 3799 magnificabant
641 3737 665 3782 te
692 3728 756 3799 Sap.
787 3735 832 3797 te,
859 3748 883 3784 v.
910 3737 937 3799 1,
968 3731 1007 3785 sie
1033 3740 1107 3789 totus
1168 3737 1208 3786 19.
1241 3737 1265 3786 6.
1277 3711 1979 3793 Tabcmaculummosuicumadamnanum

275 3818 394 3872 mundus
413 3817 443 3871 in
460 3816 582 3873 tenebris
600 3816 786 3889 ignorantiae,
814 3834 951 3882 errorum,
979 3825 1106 3889 peccato·
1133 3835 1157 3873 v.
1182 3824 1202 3871 l.
1223 3822 1251 3871 et
1270 3832 1345 3888 seqq.
1366 3815 1541 3885 descriptum.
1576 3814 1649 3870 Esa'u
1668 3819 1716 3884 ³3,
1732 3833 1758 3869 v.
1778 3823 1824 3875 20:
1847 3814 1999 3887 Rupw

274 3923 335 3961 rum
348 3909 376 3958 et
388 3902 573 3958 damnationis
585 3903 688 3968 haeret,
699 3904 747 3958 sed
763 3904 790 3958 in
806 3903 923 3959 ecclesia
934 3903 987 3959 Dei
1001 3911 1044 3960 111
1059 3907 1106 3962 lux
1134 3904 1203 3958 Sion
1226 3904 1364 3956 ciuitatem
1388 3909 1536 3957 conuentus
1555 3902 1659 3967 nostri,
1679 3902 1758 3957 ocuti
1776 3905 1820 3959 tui
1837 3901 1941 3960 uidebat
1998 3902 1999 3968 l

275 3992 384 4047 divinae
404 3988 577 4062 cognitionis,
595 3988 702 4061 gratim
720 3996 748 4044 et
767 3989 872 4043 salutis.
899 3988 971 4044 Esai.
986 3996 1026 4059 60,
1038 4009 1064 4046 v.
1080 3999 1106 4047 1:
1132 3989 1293 4043 Jerusalem
1306 3987 1505 4041 habitationem
1517 3987 1655 4056 recinam,
1670 3981 1942 4060 tabernaculumpsoi
1998 3974 1999 4032 l

275 4081 373 4149 Surge,
393 4078 557 4134 illuminare
568 4077 739 4135 damnatam.
758 4076 826 4146 quia
840 4076 914 4130 venit
926 4077 1018 4130 lunten
1029 4086 1105 4132 tuum
1132 4093 1309 4145 nequaquam
1330 4074 1487 4142 transferri
1499 4073 1622 4143 poterit,
1639 4091 1689 4129 acc
1707 4066 1943 4143 πίοι-1111111111

273 4175 298 4220 et
318 4165 413 4234 gloria
430 4164 551 4218 Domini
568 4179 654 4233 super
671 4171 697 4217 ts
714 4171 778 4217 orta
796 4171 851 4231 eet,
878 4168 943 4218 ν.1;
961 4165 1029 4233 quia
1045 4181 1106 4219 ecce
1133 4163 1193 4230 ejus
1223 4162 1253 4214 in
1285 4161 1483 4230 sempiternum
1511 4167 1536 4214 et
1562 4177 1657 4215 omncs
1674 4162 1807 4228 funiculi
1829 4165 1887 4233 siue
1903 4171 1941 4210 stt

194 4251 196 4254 ’
272 4252 400 4305 noemae
409 4250 644 4321 operientterram
652 4249 777 4319 etcaligo
783 4251 917 4320 popedon
929 4267 1014 4321 super
1023 4260 1048 4305 te
1056 4270 1104 4306 au·
1133 4257 1312 4318 rumpcntur,
1331 4249 1399 4316 quia
1419 4248 1459 4300 ibi
1473 4247 1638 4317 mapnbicur
1656 4256 1698 4302 est
1717 4251 1858 4305 Dominus
1873 4250 1941 4303 auti

272 4346 325 4391 tem
346 4336 451 4391 orietur
471 4336 609 4391 Dominus
629 4342 655 4388 et
672 4335 766 4403 gloria
785 4342 844 4402 rjus
863 4337 891 4389 in
907 4345 934 4389 te
950 4338 1105 4406 uidebitur,
1132 4334 1263 4400 (eeclesia
1277 4340 1332 4388 tam
1344 4332 1458 4388 firmiter
1471 4340 1512 4388 est
1526 4332 1644 4390 fundata
1656 4340 1685 4389 et
1695 4334 1831 4401 stabilita,
1847 4343 1877 4390 ut
1887 4328 1942 4389 nulle
1998 4395 1999 4398 Ἰ

272 4443 298 4480 v.
313 4430 342 4480 3:
364 4430 389 4476 et
406 4421 586 4476 ambutabunt
604 4428 698 4491 pentes
716 4422 746 4475 in
760 4423 864 4476 lumine
880 4431 927 4477 tuo
941 4430 969 4476 et
982 4441 1063 4493 repes
1077 4425 1106 4477 in
1134 4419 1161 4472 vi
1180 4421 1299 4475 Satanae
1318 4426 1346 4475 11
1364 4436 1530 4490 organorum
1545 4421 1605 4490 ejus
1618 4419 1704 4477 everti
1716 4421 1904 4492 queathlattb
1914 4420 1942 4473 lb
1997 4407 1999 4461 i

272 4512 422 4582 splendore
436 4517 513 4562 ortrss
528 4509 576 4562 tui.
610 4507 678 4579 Eph.
698 4514 725 4576 5,
747 4525 773 4563 v.
793 4513 823 4562 t:
844 4510 944 4563 Eratis
963 4513 1106 4578 qnondam
1133 4509 1230 4573 v.18).
1267 4506 1340 4563 Esai.
1361 4512 1409 4575 51,
1436 4523 1461 4562 v.
1485 4512 1512 4562 l:
1540 4509 1644 4561 Lauda
1670 4509 1796 4577 eteritis,
1819 4513 1943 4579 1111101

273 4597 408 4660 tenebrae,
425 4613 498 4649 nunc
509 4601 601 4648 autem
616 4594 663 4647 lua
675 4594 704 4646 in
718 4595 850 4648 Domino.
879 4593 950 4649 Phil.
970 4602 994 4662 2,
1012 4615 1037 4650 v.
1060 4603 1105 4653 15;
1132 4595 1223 4664 paria,
1241 4597 1292 4648 etc.
1312 4593 1443 4662 quoniam
1459 4594 1542 4648 multi
1559 4593 1616 4656 tilii
1630 4594 1758 4647 desertae
1776 4596 1866 4665 mapsa
1881 4600 1944 4664 11111

277 4684 427 4740 Credentes
450 4688 514 4736 sunt
541 4681 615 4735 oelsst
640 4679 794 4734 luminaria
815 4680 844 4733 in
863 4684 967 4735 mundo
985 4682 1107 4736 lucentia
1134 4682 1205 4750 ejus,
1226 4696 1298 4749 quae
1317 4678 1432 4732 babebat
1451 4679 1551 4746 sirum,
1571 4679 1641 4733 dicit
1660 4679 1818 4735 Dominum:
1838 4698 1862 4735 r.
1877 4685 1899 4734 i:
1912 4668 1944 4726 ὀί·

274 4771 304 4824 in
323 4769 416 4823 medio
430 4767 554 4822 nationis
562 4783 673 4836 prauae
691 4773 716 4819 et
728 4783 886 4837 perversae.
924 4768 1107 4834 Quemadmo·
1133 4767 1195 4821 lata
1214 4766 1304 4820 tecum
1324 4765 1438 4818 tentorii
1456 4764 1498 4817 tui
1509 4771 1535 4817 et
1544 4764 1636 4833 pelles
1649 4765 1946 4822 tabmnuwtoruntso·

274 4854 446 4912 demetiam
471 4853 635 4924 sanguinem
662 4851 728 4923 agni
745 4852 885 4922 paschalis
903 4870 986 4923 snper
1002 4859 1106 4910 utrum-
1132 4873 1195 4908 rum
1220 4854 1361 4922 erpandc,
1386 4852 1484 4920 longos
1501 4853 1558 4920 sac
1580 4851 1727 4917 fennendor
1750 4843 1857 4908 tuaest
1874 4852 1949 4906 stocos

274 4960 328 5014 que
344 4946 452 5013 postem
470 4945 499 4994 et
517 4939 545 4992 in
565 4937 820 5009 superliminaribus
840 4939 982 4993 domorum
996 4957 1106 4995 suarum
1134 4949 1196 4993 tuoe
1217 4939 1364 4992 consolida
1381 4937 1523 5007 (ecclesia,
1542 4954 1615 5009 quae
1631 4937 1661 4993 in
1684 4937 1719 4994 N.
1738 4937 1774 4994 T.
1794 4954 1844 5010 per
1860 4927 1950 5009 praedi·

272 5026 414 5098 ponebant
442 5024 584 5081 Israilitae
612 5023 700 5080 Exod.
723 5028 766 5091 11,
794 5042 818 5078 v.
847 5031 869 5078 7.
894 5041 944 5094 per
967 5042 1049 5096 quem
1071 5001 1270 5083 cubicationem
1287 5023 1425 5095 evangelii
1437 5022 1546 5079 Christo
1559 5021 1707 5094 colligitur,
1725 5028 1770 5079 est
1783 5018 1954 5097 aparine

274 5111 373 5185 angelo
390 5109 566 5166 interfectore
586 5109 679 5164 omnia
698 5109 822 5181 Aegypti
843 5110 1028 5182 primogenita
1046 5128 1106 5180 per·
1119 5091 1123 5226 i
1135 5117 1163 5164 et
1180 5109 1267 5163 multo
1283 5108 1400 5164 feracior
1420 5125 1503 5180 quam
1521 5125 1666 5181 synagoga
1683 5107 1718 5165 V.
1736 5109 1793 5178 Τ.).
1817 5109 1903 5168 tuen
1917 5106 1953 5161 ih

274 5199 394 5255 cudente
420 5196 474 5251 tuti
495 5200 573 5251 erunt
595 5213 619 5251 v.
642 5201 687 5264 13;
712 5195 751 5251 sic
769 5195 873 5250 Christi
890 5195 1004 5267 sanguis
1021 5196 1159 5265 eccle-,u
1194 5201 1240 5250 18:
1272 5195 1351 5248 Haec
1379 5196 1448 5249 dicit
1472 5194 1629 5248 Dominae:
1654 5210 1717 5248 ecce
1739 5213 1791 5264 epo
1814 5198 1955 5252 11111111*

275 5270 1324 5354 111111Ιί111111111111ιί11111111111111111,11111111111111111111
1355 5280 1600 5334 tabernaculorum
1629 5280 1721 5335 Jccco
1751 5290 1778 5336 et
1804 5282 1882 5338 nens
1903 5275 1955 5344 rjus

274 5367 330 5423 fide
344 5367 417 5422 illius
430 5367 637 5440 adspersionem
648 5365 810 5438 suscipiant,
823 5367 960 5439 siquidem
971 5373 1001 5421 ut
1011 5367 1107 5436 reciae
1119 5336 1122 5419 t
1134 5367 1300 5436 miserebor,
1320 5373 1345 5420 ct
1368 5365 1566 5428 edificabitur
1590 5364 1690 5419 cirita
1708 5365 1740 5420 in
1757 5367 1864 5422 caedra
1876 5357 1957 5419 nuti

274 5458 386 5509 statuae
410 5454 536 5526 quanvis
560 5453 734 5509 inanimatae
759 5450 830 5523 sint,
855 5453 1048 5525 confugientes
1067 5455 1109 5508 ad
1119 5432 1122 5506 i
1135 5455 1268 5524 templum
1287 5454 1376 5521 jueta
1396 5452 1524 5507 ordinem
1547 5469 1628 5508 suum
1645 5453 1820 5519 manetur
1838 5451 1896 5524 (ubi
1910 5456 1955 5504 nou
