4004 6022
871 98 889 127 0

859 287 910 344 DE
928 287 1118 346 nocuum.
1253 296 1257 333 ῑ
1281 342 1283 345 ,
1773 299 1835 357 ets

55 445 75 494 ι.
142 440 211 494 citer
235 456 290 495 uon
315 455 397 510 posse
423 456 514 496 errare
535 441 593 496 nllo
615 441 697 497 modo
713 442 759 498 lib
781 448 805 498 3
825 442 859 497 de
879 441 976 497 eccles.
1007 444 1119 513 peritur,
1139 461 1203 498 enm
1221 444 1290 498 aEhi
1306 443 1451 507 tenebrae
1475 442 1631 512 mendacia,
1651 459 1769 511 eriora,
1787 444 1835 499 im·

55 503 109 589 iffi.
141 542 165 580 o.
205 531 243 581 ιι.
295 525 388 580 Primo
424 525 486 581 loco
524 527 628 597 profert
664 528 769 582 dictum
796 527 975 597 apostolicum
1005 536 1141 599 posterae,
1153 530 1369 599 superstitiones
1384 528 1528 600 vertiginis
1540 536 1569 584 et
1581 529 1702 598 stuporis
1714 528 1835 599 spurtus,

55 606 110 641 ’ω’
145 617 166 666 ι.
190 610 259 665 Tim.
279 617 308 678 3,
334 629 361 667 v
383 618 421 667 15.
441 612 488 667 ubi
510 612 627 667 ecclesia
643 620 758 668 vocatur
774 616 977 676 firmamentum
1003 633 1097 671 omnes
1115 615 1235 685 denique
1255 615 1428 686 comuptelae
1445 615 1541 670 omnia
1554 615 1610 669 late
1630 614 1798 686 possideant.
1806 620 1835 652 ⁸⁰

55 655 128 743 isson
143 705 170 751 ct
192 698 322 751 calamna
346 699 481 752 veritatis.
525 701 605 767 Ενρο
630 701 734 753 veritae
758 701 844 767 fidei,
881 701 978 768 quoad
1003 701 1084 755 Hane
1102 701 1313 770 explicationem
1334 701 1375 754 uti
1392 700 1654 770 nonimprobemns,
1673 701 1713 755 ita
1723 701 1836 763 minime

55 764 97 897 ''i‘'
142 801 201 846 noe,
218 783 318 836 nititur
335 784 470 837 ecclesiae
487 786 653 839 aemunitate
671 793 697 837 et
713 802 807 839 aeram
826 792 866 837 cst
872 785 977 852 ,pria
1003 787 1164 840 adversatur
1184 786 1278 855 uobis,
1310 787 1333 839 si
1352 786 1496 841 columnae
1515 803 1568 841 vox
1587 787 1615 839 in
1635 786 1836 856 significatione

54 919 59 932 ‚
55 858 116 950 Ἥ
143 869 214 938 qnid
231 868 349 922 ecclesia
367 870 483 938 probat,
495 870 622 937 scham,
643 870 784 940 madenia
800 871 887 924 illa'
874 886 977 938 impro-
1003 871 1218 926 architectonica
1237 871 1406 940 accipiatur,
1432 877 1545 942 propter
1569 870 1694 924 additum
1715 873 1836 926 vocabu·
1849 873 1884 916 ¹L
1899 872 1942 916 ¹ol

55 959 121 999 ¹⁸¹¹·
143 955 198 1007 bat.
235 954 461 1024 Respondemus:
479 963 508 1009 et
524 957 680 1025 subjectum
699 963 729 1010 et
745 940 956 1025 praedicatum
948 973 976 1008 ru
1003 957 1059 1010 lum
1086 958 1239 1029 ἑδραίωμα.
1280 957 1390 1011 Dicitur
1414 974 1481 1054 ergo
1500 956 1617 1010 eeclesia
1628 957 1837 1023 firmamentum

55 1012 128 1153 {fini
142 1040 195 1095 hoe
207 1040 282 1095 drcto
296 1041 448 1110 epostehco
460 1040 608 1113 dilgenter
618 1042 800 1113 expendenda
811 1047 882 1096 sunt
907 1041 976 1098 Sub·
1004 1052 1029 1096 et
1054 1043 1184 1097 columna
1207 1041 1348 1110 veritatis,
1373 1041 1440 1112 quia
1462 1042 1524 1110 ipsa
1548 1047 1736 1109 superstructa
1753 1058 1837 1111 super

55 1123 93 1205 ini
139 1127 245 1197 jectum
266 1133 308 1181 est
326 1127 446 1180 ccclesia
465 1129 564 1180 δοοιωι
581 1129 655 1192 Dei;
681 1127 880 1198 praedicatum,
902 1126 977 1197 quod
1002 1127 1211 1182 fundamentum
1231 1127 1426 1197 prophetarum
1445 1126 1671 1195 etapostolorum
1687 1127 1835 1183 exsistente

55 1216 127 1258 lull·
142 1212 180 1265 sit
201 1213 299 1272 στῦλος
318 1216 362 1265 και
393 1212 535 1285 ἑδραίωμα
556 1213 692 1269 veriatis
727 1212 818 1268 Vocat
835 1212 976 1283 spostolus
1002 1231 1109 1268 summo
1118 1213 1243 1285 angulari
1253 1213 1346 1282 lapide
1355 1211 1465 1267 Christo
1476 1211 1595 1266 dumam
1606 1212 1682 1266 ulam
1691 1213 1834 1267 veritatem

144 1298 289 1353 ecclesiam
309 1301 421 1352 (ιοιααια
440 1297 503 1361 Dei,
523 1297 589 1369 quia
606 1297 711 1352 Deus
704 1316 732 1352 ur
751 1315 785 1353 ea
801 1297 909 1352 habitet
925 1313 976 1350 sua
1002 1300 1170 1371 propheticis
1188 1305 1217 1353 et
1231 1298 1389 1369 apostolicis
1401 1297 1544 1366 scripturis
1557 1298 1804 1368 comprehensam
1796 1315 1836 1353 ιιι·

144 1384 235 1456 grstia
252 1401 302 1454 per
321 1384 444 1452 verbum,
462 1382 526 1438 Joh.
547 1390 587 1439 14.
605 1401 630 1438 v.
650 1389 689 1438 23.
730 1390 752 1439 l.
770 1383 833 1440 Cor.
853 1389 878 1449 6,
898 1399 922 1436 v.
936 1387 975 1436 te.
1002 1391 1060 1439 star
1077 1386 1221 1440 columnae
1239 1401 1289 1438 suo
1309 1384 1461 1438 ministerio
1478 1382 1608 1450 suffulcit,
1626 1383 1700 1437 inter
1711 1382 1837 1439 homines

143 1476 168 1525 ι.
187 1469 248 1525 Cor.
274 1475 303 1532 6,
327 1488 353 1523 v.
375 1476 413 1525 16.
432 1469 504 1525 deut
521 1470 550 1524 in
568 1471 603 1526 V.
622 1469 656 1524 T.
674 1469 820 1524 habitabat
837 1470 866 1523 in
885 1469 975 1525 taher-
1003 1479 1152 1532 sustentat,
1166 1471 1376 1539 interpretetur,
1390 1469 1520 1536 custodit,
1531 1469 1566 1523 ah
1579 1470 1689 1524 interitu
1700 1469 1838 1534 vendicet,

142 1556 243 1610 naeulo
260 1555 334 1609 etin
352 1555 455 1625 templo
474 1554 727 1625 Hierosolymitsno
744 1555 833 1610 Lesit.
848 1559 974 1622 26,ι.12.
1002 1558 1037 1612 ad
1051 1555 1645 1627 posterosfidelitertrsnsmittitetomnihus
1655 1556 1838 1623 commendat,

146 1647 168 1697 1.
188 1641 257 1711 Reg.
280 1647 311 1709 8,
336 1657 363 1695 v.
383 1646 420 1696 11.
445 1647 528 1695 voest
545 1640 628 1695 etiam
646 1642 791 1696 eccleciam
808 1641 868 1694 Dei
884 1642 975 1694 nicen-
1003 1649 1035 1697 ut
1051 1644 1129 1712 inde,
1146 1660 1202 1697 non
1226 1642 1341 1697 aliunde
1356 1641 1492 1696 rationem
1512 1642 1722 1713 consequendae
1739 1641 1837 1695 salutis

142 1728 191 1790 tie,
223 1727 290 1799 quia
316 1726 394 1781 Deus
420 1727 479 1780 rita
507 1726 629 1780 omnium
653 1726 804 1781 viventium
829 1725 977 1795 acquisivit
1002 1731 1118 1784 discant.
1160 1728 1300 1784 ”Sumta
1326 1735 1370 1782 est
1394 1726 1541 1782 locutionis
1564 1726 1683 1782 sononia
1701 1743 1719 1780 a
1735 1725 1839 1796 templo

143 1830 204 1870 eam
228 1813 281 1867 sihi
306 1829 357 1866 suo
376 1813 526 1883 sanguine,
552 1812 668 1867 eandem
686 1829 720 1867 ex
738 1828 839 1884 genere
856 1811 976 1865 humano
1004 1815 1067 1876 (hoc
1084 1814 1157 1869 enim
1176 1817 1276 1869 domus
1293 1815 1354 1868 Dei
1371 1813 1534 1875 dicebatur).
1552 1813 1627 1883 quod
1639 1811 1838 1882 Hierosolymis

143 1899 257 1969 colligit,
276 1898 383 1968 Spiritu
402 1913 452 1952 suo
469 1904 565 1953 sancto
584 1899 669 1969 regit,
689 1899 792 1953 virtute
810 1914 863 1952 sna
880 1897 975 1952 adver·
1003 1902 1069 1956 olim
1084 1900 1138 1954 luit
1156 1917 1211 1955 non
1229 1901 1317 1955 solum
1335 1899 1486 1970 peristyliis
1506 1904 1675 1965 exornatum,
1693 1898 1743 1953 sed
1755 1898 1838 1953 etism

143 2003 190 2039 sus
215 1984 335 2039 hostium
364 1984 483 2054 impetus
508 1985 624 2038 eandem
649 1991 756 2051 tuetur,
784 1983 870 2055 inque
893 1999 927 2038 ea
944 2000 975 2039 ex
1002 1986 1137 2041 columnis
1155 1993 1184 2041 et
1201 1985 1396 2041 sustentaculis
1412 1984 1560 2047 firmatum,
1579 2001 1649 2056 quae
1667 1982 1697 2037 τι
1712 1981 1840 2054 ὑπιρρῑοιί

143 2069 229 2125 verbo
247 2069 420 2141 agnoscitur,
449 2069 549 2124 colitur
566 2076 594 2124 et
612 2069 780 2133 celebretur,
805 2069 976 2140 eandemque
1004 2073 1040 2127 ab
1056 2072 1135 2126 hiatu
1155 2079 1182 2127 et
1200 2071 1310 2141 dilapsu
1328 2077 1420 2126 tutum
1430 2070 1616 2139 praestabant,
1633 2076 1665 2124 ut
1682 2070 1839 2124 sacerdotes

144 2158 173 2211 in
190 2156 276 2210 vitam
296 2163 324 2211 et
340 2155 458 2227 gloriam
476 2155 622 2212 coelestem
640 2157 676 2210 ad
695 2173 724 2210 se
742 2156 808 2211 olim
820 2154 974 2209 mansferet
1003 2159 1077 2213 vices
1095 2173 1159 2212 suas
1176 2156 1262 2220 obire,
1280 2172 1360 2210 sacra
1378 2171 1510 2227 peragere
1528 2161 1649 2227 possent,
1668 2155 1764 2226 sicque
1777 2170 1838 2209 cos
1885 2195 1898 2213 .

91 2256 95 2263 ·
144 2242 188 2297 De
214 2242 268 2296 huc
291 2242 372 2296 domo
395 2241 448 2297 Dei
474 2241 531 2296 sire
551 2241 670 2297 ecelesia
687 2240 850 2312 pronuntiat
869 2247 977 2311 aposto·
1003 2243 1079 2298 lestis
1103 2243 1206 2298 veritas
1229 2247 1259 2299 et
1280 2241 1372 2297 cultus
1392 2240 1446 2295 Dei
1471 2242 1620 2312 propagari
1638 2249 1666 2296 et
1683 2240 1838 2296 coneerssri

143 2328 202 2392 lus,
232 2327 307 2397 quod
337 2327 374 2380 sit
402 2328 533 2381 calamna
561 2336 586 2380 et
615 2330 817 2391 firnsamentam
843 2327 976 2379 veritatis.
1004 2336 1103 2399 posset.
1138 2329 1257 2383 Easdem
1270 2315 1370 2397 'partes
1385 2326 1510 2385 ecelesia.
1527 2333 1654 2397 quaeest
1666 2327 1763 2381 domus
1776 2325 1837 2395 Dei,

144 2413 263 2479 Quidam
289 2411 459 2481 existimant,
485 2413 622 2468 vocabula
643 2414 742 2474 σιῦιος
765 2416 811 2466 καὶ
832 2412 976 2483 ἑδραίωμα
1003 2415 1120 2469 susurret
1147 2414 1221 2468 circa
1243 2412 1372 2468 eoelestis
1389 2411 1515 2465 veritatis
1535 2427 1553 2465 a
1573 2412 1682 2466 Christo
1700 2412 1838 2467 revelatae

143 2514 200 2554 non
228 2498 356 2568 usurpari
380 2498 434 2553 hoc
455 2499 516 2553 loco
538 2498 567 2552 in
593 2497 794 2568 significatione
813 2498 976 2553 architecto·
1003 2499 1155 2554 doctrinam
1174 2498 1289 2569 ejusque
1300 2496 1507 2564 consessionem,
1525 2495 1730 2565 professionem,
1749 2497 1858 2566 publi·

143 2586 219 2654 nica,
254 2585 327 2638 sicut
351 2584 491 2652 columen,
521 2584 755 2650 sustentaculum,
784 2583 974 2638 fulcimentum
1003 2585 1147 2652 ostionem,
1165 2591 1197 2638 ut
1215 2582 1312 2639 tideles
1328 2583 1419 2638 instar
1437 2581 1626 2636 columnarum
1646 2581 1761 2637 stabiles
1778 2596 1839 2652 per·

144 2671 241 2725 domus
260 2670 314 2724 diei
332 2669 415 2734 solet,
437 2686 499 2723 cum
521 2670 638 2724 ecclesia
654 2669 691 2724 sit
709 2670 772 2741 ipsa
788 2668 842 2724 Dei
863 2671 976 2733 damus3
1003 2671 1115 2740 sistant,
1148 2669 1287 2725 aedificati
1313 2686 1396 2737 super
1421 2673 1529 2739 penem
1554 2683 1605 2722 seu
1626 2666 1838 2721 fundamentum

145 2756 192 2812 sed
212 2757 319 2810 ratione
332 2755 442 2823 sorensi,
460 2760 544 2825 prout
561 2755 591 2810 in
610 2756 693 2811 curiis
712 2760 741 2811 et
759 2759 826 2810 ante
840 2754 977 2825 praetoris
1004 2756 1124 2825 unicum,
1141 2755 1215 2828 quod
1233 2762 1275 2810 est
1286 2752 1419 2810 Christus.
1455 2754 1496 2812 Ut
1514 2754 1659 2809 columnae
1670 2770 1725 2808 non
1736 2768 1838 2824 suppe-

144 2843 287 2898 columnae
312 2847 434 2908 exstant,
462 2841 498 2895 ad
520 2858 589 2912 quas
613 2841 690 2914 leges
710 2858 744 2897 ac
762 2841 875 2898 decreta
891 2841 977 2913 megi·
1004 2843 1128 2898 ditarunt
1145 2841 1356 2896 fundamentum
1374 2840 1492 2912 templo,
1515 2841 1555 2894 sic
1571 2855 1624 2895 nec
1640 2839 1760 2894 ecelesia
1777 2855 1838 2896 coe·

145 2934 247 2984 stratus
267 2926 381 2997 publica
398 2927 562 2982 auctoritate
579 2928 784 2998 appenduntur,
804 2928 840 2982 de
856 2943 912 2999 qno
924 2943 977 2981 usu
1005 2929 1067 2984 lesti
1091 2928 1251 2983 veritati.**
1288 2926 1339 2982 Est
1355 2926 1440 2998 igitur
1459 2927 1587 2983 columna
1606 2925 1756 2997 lpynsrruic
1774 2941 1839 2981 oon·

145 3017 333 3070 columnarum
351 3019 471 3068 tractant
488 3013 601 3084 loseph.
618 3012 665 3069 lib.
687 3020 707 3070 1.
725 3014 811 3086 antiq.
825 3031 848 3068 e.
860 3020 885 3070 ι.
905 3013 978 3067 Plin.
1004 3014 1132 3082 sessione,
1150 3014 1284 3083 custodia,
1301 3012 1519 3084 professioneet
1530 3013 1687 3068 testimonio
1698 3012 1839 3070 doctrinae

145 3100 194 3158 lib.
217 3107 240 3155 e.
258 3108 313 3154 nst.
331 3098 426 3154 histor.
443 3116 468 3155 e.
488 3104 528 3155 26.
564 3099 643 3154 Alex.
663 3100 699 3154 ab
714 3099 863 3154 Alexandr.
884 3098 932 3155 lib.
953 3103 977 3154 6.
1005 3101 1131 3156 coelestis
1152 3099 1286 3168 praeclari
1311 3099 1429 3169 depositi
1446 3099 1534 3152 instar
1550 3097 1604 3152 sibi
1622 3097 1838 3154 commendatae.

145 3202 208 3258 gen.
237 3185 303 3239 dien
327 3201 351 3239 c.
379 3190 403 3239 7.
448 3184 596 3240 Diceretur
619 3200 687 3257 ergo
711 3185 828 3240 ecelesia
851 3183 979 3239 columna
1005 3182 1838 3253 Bellarminushuicinterpretationiopponitquinquemem·

145 3278 174 3328 et
199 3272 402 3327 firmamentum
426 3270 565 3337 veritatis,
591 3271 658 3341 quia
681 3276 723 3327 est
741 3269 870 3341 publicus
887 3279 979 3326 custos
1007 3274 1071 3327 brat
1089 3276 1114 3326 1.
1135 3271 1169 3325 si
1191 3271 1310 3324 ecclesia
1330 3272 1472 3323 elices-eum
1490 3271 1619 3324 columna
1639 3278 1665 3324 et
1682 3272 1838 3332 firmamen-

146 3363 175 3412 et
199 3359 277 3413 testis
301 3357 433 3411 veritatis.
476 3358 514 3395 i*
522 3357 654 3411 Ecclesia
679 3359 785 3410 dicitas·
812 3357 911 3416 σιῦλος
936 3358 979 3411 nel
1005 3367 1063 3411 tam
1081 3357 1217 3424 ueritatis,
1236 3356 1304 3424 qaia
1323 3362 1469 3409 concernat
1487 3363 1622 3424 tanquam
1640 3356 1839 3421 petramora

146 3446 275 3498 columna
293 3444 419 3497 veritatis
434 3460 488 3496 non
507 3444 727 3510 architectonice,
745 3460 780 3497 ac
796 3443 978 3497 alacritatem
1004 3452 1062 3497 atos
1086 3442 1331 3511 praedicationem
1356 3439 1434 3495 verbi
1460 3440 1521 3493 Dei
1543 3440 1657 3509 scripti,
1683 3440 1735 3495 loc
1757 3442 1840 3497 modo

145 3532 248 3594 fundet
268 3530 445 3596 salciatqac,
475 3528 517 3580 ati
544 3529 688 3581 columnae
716 3530 815 3583 domes
841 3529 978 3592 innits'tnr,
1006 3531 1089 3582 etiam
1106 3528 1237 3599 officinas
1255 3526 1437 3580 librariorum
1450 3533 1539 3579 essent
1550 3527 1695 3580 columnae
1705 3527 1841 3595 αονιιαιιι,

146 3618 198 3670 sed
216 3616 347 3685 politice,
373 3623 508 3682 quatenns
528 3615 570 3666 ad
586 3613 669 3667 illam
687 3631 737 3667 cca
754 3614 911 3669 colamnam
924 3630 978 3682 pa-
1007 3630 1079 3685 qaae
1111 3612 1324 3681 dilipeatieeimc
1356 3613 1515 3665 custodiant
1544 3628 1636 3666 omnes
1666 3612 1839 3683 Scripturas.

147 3702 247 3755 blicam
278 3717 422 3770 appensae
452 3707 478 3752 et
506 3700 615 3763 asinas
638 3707 703 3752 eant
728 3700 843 3753 divinae
862 3699 932 3767 lepis
955 3709 979 3754 ct
1008 3700 1230 3771 Respondemus:
1248 3698 1366 3755 ecelesia
1382 3716 1438 3752 non
1456 3698 1544 3753 solnm
1563 3699 1671 3754 ratione
1688 3699 1840 3768 custodiae,

149 3788 287 3855 ecanpelii
311 3786 432 3841 talaiae.
458 3786 600 3858 ἐδραιωμα
623 3803 679 3840 non
697 3786 913 3849 fundamentum
931 3796 980 3841 aet
1008 3788 1057 3843 sed
1076 3787 1160 3842 etism
1180 3784 1286 3841 ratione
1305 3784 1526 3854 praedicationis,
1543 3783 1722 3856 professionis
1742 3791 1771 3840 et
1790 3801 1840 3854 pu·

148 3875 364 3928 stabilimentum
376 3874 484 3942 primm
506 3872 559 3925 scd
574 3873 681 3940 sedem,
707 3872 822 3938 sellam,
848 3875 981 3942 reposito·
1008 3873 1074 3927 hlici
1093 3870 1242 3926 testimonii
1260 3871 1363 3925 dicitur
1381 3872 1504 3926 scutatis
1522 3872 1660 3929 columna.
1679 3871 1746 3941 quia
1764 3870 1841 3927 Deus

149 3962 223 4013 riam
247 3959 365 4029 proprie
389 3965 483 4020 notat,
510 3957 546 4010 ab
563 3957 665 4026 ὲδραιω
687 3957 809 4021 colloco,
836 3959 981 4014 corradere
1009 3960 1069 4027 ejus
1093 3974 1178 4026 opere
1204 3963 1231 4011 et
1259 3956 1410 4011 ministerio
1437 3957 1525 4010 utitur
1553 3955 1582 4009 in
1606 3958 1795 4011 conservande
1814 3962 1842 4012 et

149 4046 244 4108 facio,
264 4045 339 4097 ande
357 4051 397 4097 cst
415 4042 491 4113 ἕδρα,
508 4043 588 4110 rata,
610 4043 727 4116 ἑδραῖος,
746 4043 866 4111 οοοοιιιο,
893 4051 925 4096 αι
940 4047 982 4100 ita
1009 4043 1190 4115 propaganda
1209 4044 1337 4097 doctrina
1355 4041 1476 4099 coelesti.
1515 4041 1633 4105 Quando
1651 4042 1738 4113 igitur
1756 4042 1841 4098 ecele-

150 4134 308 4197 denotetar,
334 4129 480 4183 eccleciam
498 4144 557 4182 esse
574 4128 658 4197 quasi
673 4127 764 4181 redae
781 4136 830 4181 ant
846 4131 981 4198 reposita
1009 4131 1051 4185 sia
1072 4130 1173 4184 dicitur
1198 4135 1291 4182 custos
1320 4127 1457 4195 veritatis,
1484 4126 1649 4198 intelligitur
1674 4144 1729 4182 non
1750 4136 1841 4182 mutus

149 4218 221 4270 riam
238 4232 364 4278 sacram,
387 4214 417 4266 in
437 4230 491 4281 pao
511 4213 641 4282 deposita
660 4213 697 4266 sit
716 4213 854 4281 sclipiosa
870 4217 974 4268 vem'tas
1009 4215 1121 4287 aliquis
1142 4215 1191 4268 sed
1209 4214 1288 4267 rivus
1309 4219 1417 4280 custos,
1437 4211 1511 4267 unde
1531 4213 1614 4267 etism
1633 4221 1747 4268 vocetur
1763 4215 1842 4270 testis

150 4300 328 4358 Meisnerus'
321 4318 348 4353 in
369 4298 478 4369 depuls.
496 4298 592 4354 acub.
612 4303 682 4354 cont
701 4298 829 4397 Reihing.
849 4318 876 4371 p
897 4305 937 4355 26.
944 4302 982 4338 *⁴⁹
1008 4300 1145 4368 veritatis3
1171 4298 1335 4370 intelligitur
1353 4298 1434 4354 etiam
1452 4314 1509 4352 non
1527 4299 1664 4368 privatus,
1683 4300 1732 4354 sed
1750 4299 1841 4370 publi

149 4388 288 4458 Respectu
308 4385 362 4440 Dei
384 4384 487 4438 dicitur
504 4385 602 4439 domus
620 4383 674 4439 Dei
692 4384 761 4450 viri,
784 4390 914 4454 respectu
935 4402 997 4443 ιιο·Ι
1008 4403 1056 4441 cus
1074 4392 1102 4439 et
1118 4384 1225 4438 solenni
1242 4383 1407 4439 auctoritate
1427 4383 1548 4437 munitus
1565 4385 1651 4439 testis.
1682 4386 1842 4454 2.·Apoeto

150 4474 198 4528 stri
218 4472 320 4526 dieitur
338 4470 541 4524 firmamentum
561 4475 590 4524 et
606 4469 744 4538 columna,
760 4469 812 4525 hoc
831 4476 874 4524 cst
886 4469 997 4524 firmia
1007 4471 1053 4524 lus
1072 4487 1127 4523 non
1144 4470 1268 4523 meminit
1285 4469 1506 4538 Scripturas-am
1525 4470 1577 4522 ced
1587 4470 1754 4538 simpliciter
1764 4471 1843 4541 dics‘t,

150 4559 219 4613 sima
237 4557 365 4613 columna
382 4555 505 4610 veritan‘s
523 4572 573 4626 per
589 4555 707 4628 figuram
727 4555 757 4608 ιν
774 4555 820 4610 διὰ
833 4557 928 4621 δυοῖν,
950 4573 997 4612 eo
1007 4556 1155 4609 ecclesiam
1180 4571 1239 4610 esse
1261 4555 1427 4614 columnam
1441 4564 1468 4607 et
1491 4556 1693 4618 firmamentum
1707 4556 1842 4613 ueritatis.

150 4646 222 4700 enim
246 4643 301 4698 line
324 4642 482 4741 depositum
504 4642 645 4697 docuinee
665 4642 820 4698 coelestis
813 4660 841 4695 ur
860 4640 997 4712 Scripta
995 4614 1230 4710 Respondemus.
1250 4641 1305 4695 imo
1322 4657 1387 4697 vero
1406 4639 1511 4694 Paulus
1530 4658 1658 4712 expresse
1678 4642 1843 4712 praemittit:

151 4731 188 4784 ris
215 4731 299 4785 meris
322 4728 377 4799 ipsi
396 4727 585 4782 concreditum
604 4732 659 4792 est,
686 4733 719 4781 ut
736 4727 879 4798 publicum
897 4727 984 4782 dees
1010 4726 1090 4781 Haec
1107 4728 1218 4798 αονιροι,
1238 4728 1366 4786 ιιιαοιιι
1386 4729 1525 4797 quomodo
1539 4729 1846 4798 opporteatteoereari

151 4815 223 4870 ferat
246 4813 433 4871 testimoninm
459 4828 491 4866 ao
515 4812 630 4882 provide
652 4814 721 4868 illud
738 4818 857 4869 tueatur.
893 4813 1022 4868 ”Ec-⁹
996 4875 997 4884 ,
1010 4832 1039 4866 cn
1057 4816 1140 4868 domo
1164 4815 1226 4868 Dei.
1262 4814 1338 4885 Ergo
1356 4830 1411 4868 non
1428 4815 1543 4869 remittit
1557 4814 1733 4870 Timotheum
1747 4814 1783 4868 ad
1799 4828 1843 4870 ee·

151 4901 234 4955 clesia
266 4901 368 4955 dieitur
392 4899 521 4953 columna
546 4906 574 4953 et
599 4899 817 4955 stabilimentum
842 4899 983 4955 veritatis:
1009 4900 1133 4965 alesiam,
1163 4901 1243 4973 quasi
1265 4900 1302 4954 ab
1326 4915 1360 4955 ca
1376 4900 1480 4957 veritas
1499 4901 1581 4956 unice
1599 4901 1768 4971 dependeat,
1794 4901 1844 4959 sed

154 4993 176 5043 ι.
196 4987 263 5059 quia
286 5003 303 5040 a
328 4984 445 5055 simplici
468 4982 568 5046 serbo,
596 4991 732 5054 quatenus
749 4984 853 5040 Christi
868 4985 1046 5044 ecclesia=sd
1071 4986 1186 5042 verbum
1215 4985 1284 5053 Dei,
1310 4986 1386 5056 quod
1413 4993 1455 5040 est
1476 4987 1561 5042 unica
1588 4987 1712 5041 veritatis
1738 4987 1843 5059 regula

153 5079 210 5142 est,
234 5087 290 5126 non
316 5069 446 5133 discedit3
474 5074 497 5123 ι.
519 5067 585 5140 quia
602 5085 653 5124 suo
671 5069 823 5126 ministerio
840 5071 984 5134 veritatem
996 5117 998 5143 ,
1009 5071 1117 5127 Deinde
1142 5072 1165 5126 si
1190 5072 1234 5126 vel
1253 5071 1372 5126 maxime
1389 5069 1442 5125 hoe
1462 5071 1523 5146 loco
1539 5089 1596 5127 non
1616 5072 1697 5127 lieret
1714 5074 1859 5143 explicita·

152 5163 257 5225 tuetur,
283 5155 438 5224 praedicat,
468 5159 612 5224 propagat
653 5153 715 5209 Hoc
742 5156 815 5209 enim
845 5152 1111 5212 doctrinse³mentio
1130 5155 1207 5212 serbi
1225 5157 1335 5226 scripti,
1355 5161 1448 5212 temen
1466 5156 1495 5211 in
1514 5157 1575 5212 eliis
1594 5157 1754 5229 Scripturas
1774 5159 1842 5215 loeis

152 5241 388 5297 administrandae
406 5257 522 5304 munus,
547 5239 621 5311 quod
639 5239 716 5294 Deus
734 5256 819 5311 penes
840 5192 1079 5313 ecclesinmiillud
1096 5240 1199 5297 diserte
1216 5242 1276 5296 fieri
1294 5249 1412 5298 constet.
1447 5243 1520 5299 Esei.
1537 5248 1562 5307 8,
1579 5260 1605 5300 v.
1625 5249 1672 5300 20:
1690 5246 1741 5298 Ad
1755 5246 1845 5314 lepcm

154 5328 290 5399 deposuit,
311 5326 422 5381 unicum
439 5331 483 5381 est
501 5325 712 5380 instrumentum
725 5328 890 5383 asserendae
903 5333 983 5383 etro
995 5316 997 5331 '
1009 5336 1035 5383 et
1054 5331 1095 5382 ad
1103 5329 1302 5396 testimoninm,
1320 5329 1347 5381 si
1363 5347 1418 5382 non
1433 5330 1651 5399 dicerintjaata
1663 5332 1773 5384 amdam
1786 5331 1845 5393 loc,

152 5413 282 5469 linendae
304 5412 442 5478 veritatis,
465 5427 501 5466 ne
514 5427 548 5466 ex
565 5409 708 5465 hominum
727 5413 858 5468 memoria
874 5424 982 5485 peream
1008 5432 1064 5468 non
1088 5416 1141 5469 erit
1165 5417 1206 5469 cis
1222 5414 1361 5468 ιαοιαιιαα
1379 5414 1435 5468 lan.
1472 5413 1535 5470 Joh
1554 5422 1583 5481 5,
1607 5432 1634 5472 v.
1655 5421 1703 5472 διε
1731 5416 1845 5471 Semta

153 5505 176 5554 3.
195 5498 262 5570 qnia
278 5515 336 5553 non
353 5496 432 5562 alibi,
462 5512 546 5569 qnam
564 5495 595 5551 in
612 5495 730 5552 eeclesia
747 5497 851 5554 veritas
869 5498 923 5557 Dei
941 5517 980 5557 nr-
1007 5502 1077 5557 mini
1087 5501 1261 5573 Scripturas,
1279 5500 1351 5555 illas
1367 5507 1442 5571 eant,
1460 5516 1534 5573 qaae
1545 5503 1730 5570 ιαιιιοωιιαι
1743 5503 1779 5557 de
1791 5516 1843 5567 ms.
