4004 6022
725 154 738 181 2.
815 128 867 191 DE
886 129 1177 201 SACRWOENAE:
1198 174 1202 191 ·
1763 150 1833 227 ΑΒ

127 285 452 345 manaim
476 286 619 356 stum,
641 288 717 343 reali
740 295 768 342 et
792 289 974 345 micetio&
999 290 1083 359 paulo
1109 296 1176 364 post
1199 290 1368 353 videbimm.
1400 288 1539 365 Ctrsqns
1559 294 1703 369 *atsutia
1726 314 1782 369 non
1797 314 1835 361 ,οι

130 373 263 444 corpor&
272 370 381 429 Christi
395 373 428 427 iss
443 389 532 428 cosso
544 375 737 443 praemissos
749 383 832 433 vocat
845 376 972 447 blasphe-
999 376 1148 449 Scripturis
1166 377 1306 448 hauritur,
1317 377 1368 434 sed
1384 377 1415 433 in
1432 394 1480 435 aaa
1497 377 1635 443 miertun
1657 383 1685 441 2.
1708 382 1790 439 Visus
1802 393 1833 457 ,st

130 477 206 513 nem
228 467 254 512 ct
270 458 493 516 idololatricam.
530 458 645 516 Sosium
657 460 686 515 iu
700 461 771 517 libro
785 461 860 534 quod
873 478 972 532 evang.
998 471 1094 530 gamus
1115 483 1170 519 non
1189 466 1309 519 sentiunt
1329 472 1355 518 st
1370 466 1531 534 percipiunt
1547 483 1659 521 carnem
1678 476 1704 523 et
1720 471 1834 541 coapta}

130 560 161 599 se
187 543 300 599 Photis.
328 545 462 616 conjung.
492 543 612 600 debeant
641 562 665 603 c.
689 553 713 601 4.
743 563 808 618 pag.
830 555 877 604 50:
917 548 974 610 Qui
999 566 1060 602 neto
1081 550 1194 605 Cirristi.
1230 549 1457 620 Respondemus:
1475 557 1680 624 Argumentum
1695 553 1748 610 hoc
1759 556 1834 615 coin·
1865 542 1868 549 ¹

129 631 176 687 ssi
204 646 267 687 cass
298 631 363 700 apso
388 649 466 701 pone
496 640 521 685 st
555 632 619 686 uino
646 632 689 687 oet
721 633 783 686 clio
809 650 973 702 puccnnqne
999 635 1068 691 cidit
1095 653 1158 691 cum
1182 637 1391 692 ratiocinatione
1416 636 1640 695 Calvinisnomm
1665 635 1692 714 ὅ.
1715 647 1834 700 litas·

127 716 259 786 nans,
284 717 353 771 dam
371 716 461 786 panis
480 717 529 771 ille
548 726 575 771 et
592 718 686 770 vinnm
704 719 837 789 somine,
868 718 975 774 Christi
1000 721 1103 791 posita,
1128 729 1160 778 ut
1183 738 1217 777 ex
1239 741 1271 778 eo
1291 723 1375 779 etism
1394 721 1565 779 harmoniam
1582 733 1762 799 utrorumque
1780 728 1834 786 eol·

129 818 234 872 sospes
259 809 286 857 et
308 803 472 869 sonpmnsos
489 804 565 856 sesni
582 805 714 872 credant,
740 805 768 858 si
778 805 922 874 paulatim
941 822 973 858 eo
1000 806 1079 879 ligas.
1100 806 1213 864 Catsch.
1233 808 1337 865 Racos.
1354 811 1444 880 major
1460 827 1524 882 pag.
1544 816 1603 869 220.
1621 818 1651 868 et
1668 819 1727 871 221.
1738 820 1836 871 comma

129 889 265 956 team,
287 895 318 942 st
338 888 448 942 idolum
475 890 619 958 quoddam
635 905 668 942 en
685 906 773 944 coeno
791 892 911 946 Domini
927 893 973 954 fo·
999 894 1185 963 praesentiam
1208 895 1330 966 corporis
1353 895 1383 949 in
1406 911 1493 951 coena
1511 896 1606 955 itidem
1625 900 1726 971 repetit
1743 892 1833 965 curi-

128 974 217 1037 es'csst¹
241 981 269 1027 et
291 990 397 1044 possm
427 974 509 1029 iiico:
540 975 686 1044 sinumque
723 977 851 1030 adorem.
886 977 973 1031 Andr.
999 979 1145 1037 nisnorum
1173 987 1351 1053 argumenta:
1383 986 1406 1035 1.
1432 982 1500 1051 qaia
1530 1000 1632 1053 corpus
1658 982 1767 1047 Christi
1784 995 1835 1051 ‚ast

127 1057 288 1115 Badeccius
306 1058 335 1115 iu
354 1059 428 1116 notis
444 1059 481 1114 sd
499 1059 601 1115 librum
618 1059 746 1133 Smigiec
765 1078 848 1134 quem
867 1063 971 1119 retun-
1000 1069 1030 1121 in
1047 1068 1139 1136 coeio,
1161 1085 1227 1136 erpo
1247 1086 1302 1122 non
1322 1075 1362 1122 est
1379 1068 1410 1122 in
1428 1085 1514 1123 coeno
1527 1087 1682 1139 praeessu
1706 1075 1735 1127 2.
1751 1089 1835 1143 rapa·

127 1146 235 1203 tionem
261 1145 450 1202 dissolutionis
472 1146 539 1201 nodi
567 1147 609 1201 sui
637 1144 735 1202 Cordii
761 1156 843 1203 vocat
868 1166 896 1219 p.
924 1155 972 1205 51:
999 1161 1067 1222 pact
1085 1154 1268 1222 mmiitctihns
1285 1154 1413 1222 corporis
1427 1153 1540 1223 Christi,
1557 1157 1635 1225 quod
1648 1156 1687 1211 sit
1696 1175 1835 1228 protem

126 1232 284 1300 mesos,
308 1230 448 1291 Christum
473 1248 531 1287 esse
556 1234 586 1287 in
612 1251 699 1287 coena
715 1243 905 1305 praesentem,
933 1243 973 1290 est
999 1239 1083 1294 simei
1105 1241 1136 1294 in
1156 1240 1291 1310 pluribus
1313 1239 1392 1297 tocie.
1427 1238 1483 1311 Sed
1504 1239 1539 1296 de
1560 1239 1757 1312 mejudicium
1773 1241 1835 1303 fini

128 1335 191 1373 resa
216 1319 339 1374 mmm
360 1319 458 1383 fronte
480 1335 543 1373 curn
559 1321 690 1374 uniuma
710 1318 819 1375 Christi
835 1322 971 1391 religione
998 1331 1090 1395 potest
1109 1341 1143 1380 ex
1162 1324 1212 1392 iis,
1232 1341 1306 1397 quae
1324 1332 1408 1382 antea
1427 1331 1493 1381 sant
1510 1325 1659 1397 sapsam

125 1410 301 1473 popusitus
335 1411 362 1457 et
391 1405 551 1459 horrendae
579 1405 766 1459 idololatriae
797 1424 913 1462 coruom
940 1410 971 1462 in

130 1488 239 1549 ctrao
268 1488 433 1559 religionem
458 1490 645 1548 introducere.
672 1507 731 1563 pag
750 1497 799 1548 46:
832 1493 971 1550 christum
1311 1534 1520 1546 -.....-....
1795 1534 1811 1570 .,
1834 1534 1859 1565 ‚,.

128 1576 162 1631 ia
178 1593 267 1631 soesa
286 1576 424 1646 apostolis
441 1576 553 1632 ddisse
572 1594 675 1647 corpus
693 1595 773 1632 mam
792 1581 833 1633 act
852 1582 971 1635 mondo

129 1663 255 1717 csssduss
285 1669 312 1717 et
343 1661 508 1730 mopsinem
535 1665 576 1716 ad
600 1662 747 1718 libentium
772 1665 869 1732 ingens
889 1682 971 1721 error
1258 1700 1280 1760 0
1297 1699 1326 1760 Δ
1343 1701 1368 1761 1,
1385 1701 1457 1762 Μ.
1490 1700 1564 1763 m

129 1757 179 1803 est.
216 1747 372 1803 Assidebat
396 1749 469 1805 enirn
492 1749 552 1818 ipse
577 1750 717 1805 Dominus
736 1749 767 1804 in
785 1768 904 1821 corpore
921 1768 971 1806 suo
1565 1745 1573 1762 ⁶
1790 1812 1813 1823 ,,

130 1850 257 1900 mas,
283 1852 475 1904 campanen
500 1838 675 1891 emortus
695 1844 721 1889 ά
738 1837 831 1891 duam
851 1838 972 1893 biberent
1018 1837 1086 1904 DE
1117 1837 1812 1912 TRANSSUBSTAN'r-larlorrr.
1841 1858 1844 1863 ·

130 1920 264 1992 apostoli.
298 1919 425 1977 Pisecins
448 1921 477 1977 in
494 1939 567 1992 resp.
586 1921 624 1976 ad
643 1927 669 1980 2.
686 1928 738 1979 rat
759 1920 856 1994 Camp.
876 1942 905 1994 p.
923 1929 970 1980 2³:
1722 1986 1725 1991 .
1753 1990 1756 1995 Ι
1798 1974 1813 1997 Ι,

134 2007 281 2064 Comhii
298 2006 426 2062 Christos
446 2008 553 2063 duobos
574 2008 748 2078 corporibus,
765 2008 858 2062 altero
870 2010 971 2063 incorr·
1036 2013 1091 2065 119.
1120 2007 1208 2065 Porro
1225 2009 1352 2081 quamvis
1369 2025 1481 2074 reram,
1497 2009 1604 2066 rsslsm.
1618 2017 1647 2066 et
1664 2010 1832 2083 substantia·
1845 2019 1929 2063 rrius·

131 2093 309 2164 medaii,
323 2094 415 2149 altero
435 2095 512 2164 quod
531 2094 673 2149 nobiscum
690 2095 892 2149 communicari
906 2105 972 2166 pot·
997 2092 1051 2149 lem
1081 2095 1281 2164 praesentiam,
1308 2095 1431 2167 corporis
1460 2101 1489 2151 et
1517 2095 1660 2168 sanguinis
1678 2095 1783 2159 Christi
1802 2073 1952 2164 inffifff'

132 2188 180 2235 est.
215 2196 283 2253 pag.
305 2185 352 2237 tt:
385 2180 512 2235 :monos
536 2196 652 2249 corpus,
675 2182 756 2249 onoc
779 2181 916 2235 ordonn
933 2191 974 2237 est
998 2197 1079 2235 sacra
1096 2196 1184 2237 coena
1200 2181 1385 2251 praesentiam
1408 2179 1523 2238 firmiter
1545 2182 1703 2253 credamus,
1727 2199 1831 2256 nequ·
1844 2174 1939 2268 ffl'fflj

131 2267 162 2321 iss
178 2274 312 2337 ssorum,
338 2267 406 2336 copi
420 2273 530 2336 oportet
547 2285 566 2321 o
584 2265 764 2335 mortalibus,
789 2267 893 2337 quispe
913 2286 972 2324 coe·
999 2284 1082 2337 quam
1099 2272 1194 2323 tamen
1211 2266 1341 2322 docemus
1359 2273 1409 2323 sut
1426 2266 1555 2336 dicimus,
1582 2267 1766 2341 subeundam
1782 2285 1833 2341 ps-
1845 2285 1965 2328 sumne.

130 2353 201 2409 leste
221 2370 283 2407 sec
306 2354 423 2423 frangi,
450 2369 501 2408 nec
521 2355 582 2418 edi,
613 2370 663 2409 seo
689 2352 779 2415 trudi⁴
795 2362 898 2423 potest.
934 2357 973 2409 'At
998 2354 1042 2409 nis
1067 2359 1096 2408 et
1122 2353 1180 2408 riui
1205 2352 1320 2422 deperdi
1344 2368 1378 2407 ac
1403 2353 1432 2407 in
1457 2352 1640 2409 substantiam
1664 2355 1835 2426 eorporisat

132 2436 262 2497 Clrs'atus
290 2440 436 2495 mentions
462 2439 544 2495 hahet
573 2439 702 2510 coqroris
726 2438 867 2504 coelestis,
897 2443 974 2512 qood
998 2438 1142 2511 sanguinis
1168 2438 1271 2495 Christi
1294 2438 1420 2495 hanaira.
1456 2437 1555 2508 Neque
1579 2439 1653 2494 enim
1679 2457 1833 2499 eaonmam

130 2524 307 2595 mortain
326 2525 379 2580 hoc
397 2542 463 2581 nero
484 2544 503 2580 a
520 2525 601 2578 notis
616 2542 673 2594 per
690 2525 819 2594 corporis
837 2544 973 2593 orponm
999 2525 1063 2581 talis
1082 2525 1130 2580 illa
1145 2523 1269 2596 corporis
1287 2531 1316 2580 et
1332 2522 1475 2595 ssngsdnis
1489 2521 1590 2577 Christi
1606 2522 1637 2578 in
1655 2541 1742 2585 coena
1752 2544 1832 2611 μερ-

131 2611 201 2680 copi
224 2627 281 2665 sos
304 2619 407 2681 potest.
434 2627 500 2681 pag.
521 2616 553 2667 tr
564 2630 570 2662 :
602 2610 636 2666 Si
654 2612 745 2679 sperem
767 2611 906 2669 orroeon
923 2613 973 2668 Fi·
999 2610 1089 2667 sentia
1104 2609 1289 2666 substantiam
1308 2616 1484 2666 externorum
1501 2606 1690 2680 symbolorum
1707 2612 1833 2682 paniset

130 2697 201 2751 listas
222 2696 283 2752 Dei
298 2697 415 2752 omentis
433 2698 463 2751 io
482 2715 535 2751 suo
550 2714 674 2767 persono
694 2697 745 2751 snb
763 2697 905 2752 elementis
922 2700 972 2753 hn-
1000 2696 1057 2751 vini
1084 2696 1169 2762 tollit,
1198 2695 1247 2751 sed
1273 2694 1307 2751 fit
1332 2694 1452 2766 mystice
1480 2702 1509 2750 et
1535 2698 1742 2753 sacramentalia
1766 2684 1832 2767 noio

125 2783 178 2853 js:
205 2784 308 2837 mundi
334 2783 488 2852 contineri,
515 2783 704 2851 corporaliter
726 2783 867 2850 nobiscum
893 2785 974 2839 eniri
997 2781 1079 2855 panis
1095 2787 1123 2838 et
1144 2781 1277 2852 corporis,
1295 2780 1353 2835 vini
1371 2787 1400 2837 et
1417 2780 1561 2852 sanguinis
1581 2780 1693 2848 Christi,
1712 2783 1832 2857 ideoque

130 2886 181 2923 sess
197 2868 371 2923 reboantes
388 2876 502 2923 nostroe
532 2885 565 2923 re
585 2869 649 2936 :pso
671 2868 853 2940 pmmmccri,
879 2869 971 2939 hesum
997 2869 1185 2940 improbamus
1206 2867 1373 2924 sententiam
1391 2883 1532 2925 atonem
1543 2866 1760 2935 Pontificiorum‚
1776 2887 1834 2942 qua

129 2955 244 3024 ispum
263 2963 442 3025 promentem
465 2955 495 3008 in
518 2955 606 3026 ponis
623 2957 743 3010 matema
761 2957 850 3011 inesse
868 2957 970 3012 intelli·
997 2957 1113 3021 docent,
1140 2962 1205 3011 ante
1229 2954 1463 3010 consumationem
1485 2953 1583 3009 adesse
1603 2954 1715 3026 quidem
1732 2973 1833 3027 panem

129 3043 252 3112 ondans
270 3049 357 3110 esset,
379 3059 436 3096 non
454 3058 572 3110 corpus,
593 3043 646 3095 sed
663 3041 754 3111 speum
776 3042 916 3102 Christum
934 3046 970 3097 de
997 3049 1026 3099 et
1043 3042 1146 3111 sinum,
1164 3041 1215 3096 sed
1231 3058 1282 3111 per
1300 3040 1535 3096 comessationem
1553 3040 1632 3111 panis
1651 3051 1680 3096 et
1692 3042 1749 3097 sini
1766 3041 1833 3099 sub·

126 3145 204 3199 pose
221 3127 368 3182 enunhsrs'
389 3127 502 3196 tegeres
538 3127 677 3180 Absoluta
696 3129 772 3182 ratio
787 3131 969 3199 promendae
996 3129 1129 3184 stantiam
1148 3126 1263 3197 deperdi
1282 3142 1315 3180 ac
1335 3126 1365 3181 in
1383 3125 1568 3183 substantiam
1585 3126 1708 3197 corporis
1725 3132 1754 3183 et
1770 3143 1833 3185 san·

131 3214 240 3270 Christi
259 3232 317 3268 non
332 3221 425 3284 potest
447 3221 564 3284 oporte
583 3214 775 3284 considoors',
797 3217 969 3285 praesertim
995 3213 1089 3285 guinis
1117 3213 1220 3268 Christi
1248 3211 1362 3281 mutari,
1387 3210 1459 3270 hanc
1482 3211 1663 3267 mutationem
1685 3212 1744 3268 sive
1767 3229 1831 3269 con·

129 3303 178 3356 nbi
210 3302 364 3370 archetypo
393 3300 527 3354 dicontur
557 3302 592 3355 ste
623 3301 805 3369 antityps‘s.”
851 3300 970 3357 Duobus
996 3298 1151 3355 versionem
1168 3304 1271 3353 vocant
1295 3294 1633 3352 transsubstantiationem
1653 3304 1681 3353 et
1697 3302 1832 3366 statuunt,

130 3404 195 3444 vero
215 3386 390 3458 potissimum
418 3392 533 3441 utuntur
552 3387 739 3458 argumentis:
769 3390 795 3441 1.
818 3386 969 3456 Scriptura
996 3392 1058 3454 post
1074 3383 1177 3440 factam
1196 3381 1429 3438 consecrationem
1447 3397 1502 3436 non
1519 3380 1831 3452 amplius'sdessssub·

129 3477 220 3530 minos
237 3474 319 3528 Clam
333 3474 454 3545 proprie
472 3473 599 3528 nominat
616 3490 731 3544 ponem,
760 3491 862 3542 corpus
878 3482 969 3527 sotem
995 3470 1125 3527 stantiam
1161 3469 1243 3541 panis
1278 3474 1307 3524 et
1338 3469 1413 3536 sini,
1451 3469 1514 3525 sed:
1533 3469 1610 3523 nuda
1639 3469 1830 3531 tantummodo

130 3569 156 3616 et
176 3560 340 3629 messenen
357 3575 415 3614 non
432 3559 489 3614 nisi
500 3561 632 3630 fipurctc.
668 3558 891 3629 Respondemus:
919 3559 969 3631 by·
995 3575 1089 3614 eorum
1113 3555 1281 3620 accidentia,
1308 3572 1371 3611 cum
1390 3554 1549 3610 substantia
1566 3555 1647 3625 panis
1667 3562 1775 3617 mutata
1793 3555 1831 3623 sit

128 3646 253 3718 pothesis
282 3652 326 3702 ast
353 3645 441 3712 falsa,
473 3645 549 3717 quod
570 3645 678 3700 adlinet
695 3644 780 3700 verba
804 3645 969 3701 sacramenti
994 3645 1024 3700 in
1056 3660 1172 3715 corpus,
1209 3641 1367 3697 substantia
1394 3648 1487 3697 autem
1516 3641 1574 3697 sini
1606 3641 1636 3698 in
1664 3641 1830 3714 sauguinem

128 3731 271 3789 Dominici
292 3749 344 3804 per
360 3731 478 3804 figuram
496 3731 632 3788 confictae
650 3731 836 3804 metonymiae
854 3732 894 3789 sic
912 3733 969 3788 sint
995 3729 1105 3787 Christi.
1151 3727 1257 3785 Contra
1291 3727 1370 3784 illum
1407 3744 1525 3785 errorem
1560 3726 1635 3785 hasa
1672 3746 1829 3801 pugnamus

128 3820 329 3892 pervertenda,
357 3825 391 3875 ut
415 3819 485 3875 nihil
508 3819 561 3875 nisi
590 3820 681 3875 nudus
703 3820 784 3892 panis
810 3826 839 3877 et
862 3821 967 3875 nudum
993 3815 1172 3890 argumentis.

128 3906 225 3962 vinum
241 3906 272 3962 in
288 3923 369 3962 sacra
386 3905 664 3977 coenarelinqnstnr.
700 3906 868 3963 Invertimus
881 3906 968 3979 igitur
1031 3908 1088 3960 120.
1125 3907 1147 3958 1.
1166 3900 1359 3971 Quodcunque
1376 3898 1480 3970 dogma
1494 3913 1546 3953 nec
1563 3897 1716 3954 secundum
1733 3899 1827 3970 verbs,
1840 3911 1963 3956 assus

130 3999 337 4066 argumentum:
361 3992 494 4061 Christus,
514 3992 562 4064 qui
580 4000 623 4048 est
641 3993 751 4058 veritas,
769 3993 862 4049 cibum
880 3993 967 4062 illurn,
992 4007 1044 4047 nec
1069 3988 1221 4044 secundum
1240 4001 1299 4040 rem
1318 3986 1347 4040 in
1366 3982 1510 4054 Scriptura
1528 3982 1660 4051 habetur,
1684 3984 1754 4040 illud
1774 4003 1827 4057 pro
1840 3966 1939 4065 iffi*

131 4080 178 4153 qui
201 4080 233 4136 in
252 4097 332 4136 sacra
355 4096 442 4135 coena
464 4078 544 4134 nobis
572 4078 780 4135 manducandus
798 4079 896 4150 datm,
920 4096 966 4134 vo·
993 4075 1109 4130 articulo
1128 4073 1194 4129 fidei
1211 4069 1350 4141 acceptari
1367 4070 1471 4141 nequit
1507 4067 1622 4138 Maioris
1638 4071 1742 4127 veritas
1761 4071 1826 4127 niti·
1839 4077 1882 4158 22⁶
1895 4077 1931 4108 ⁸⁵·

129 4175 176 4224 cst
200 4185 282 4223 sunm
302 4183 416 4239 corpas:
439 4171 535 4238 potum
553 4165 646 4234 illum,
672 4166 719 4238 qui
737 4165 767 4221 in
784 4182 864 4221 sacra
881 4183 968 4221 coena
994 4169 1040 4216 tur
1062 4159 1211 4233 hypothesi
1234 4157 1285 4213 illa
1306 4155 1449 4212 sedecima
1472 4162 1502 4210 et
1526 4155 1679 4211 certissima
1702 4158 1737 4211 de
1755 4156 1826 4215 Scri·
1839 4119 1938 4210 solidis*

130 4255 211 4311 nobis
231 4254 369 4310 bibendus
387 4253 477 4321 datur,
495 4259 578 4308 voest
590 4270 672 4307 suum
685 4251 858 4324 sanguinem.
891 4251 967 4323 Ergo
994 4253 1092 4320 pturae
1111 4244 1289 4317 perfectione,
1308 4242 1387 4313 cnjus
1405 4238 1576 4295 confirmatio
1593 4258 1675 4297 snum
1693 4243 1760 4299 alibi
1777 4243 1825 4301 ha·
1839 4221 1961 4313 ffiw'

129 4356 185 4396 non
212 4342 304 4397 nudus
330 4338 411 4412 panis
438 4345 467 4394 et
492 4339 598 4394 nudum
625 4337 720 4393 vinnm
739 4337 819 4393 nobis
838 4337 966 4393 exhiben-
995 4335 1041 4390 bet
1060 4333 1160 4388 locum.
1196 4327 1311 4383 Minoris
1335 4327 1438 4382 veritas
1462 4325 1572 4397 patebit
1598 4343 1631 4382 ex
1656 4329 1827 4385 discussione

129 4434 182 4483 tur.
217 4428 302 4482 ltem:
329 4425 435 4481 Paulus
459 4425 552 4481 cibum
575 4422 789 4480 eucharisticum
814 4431 895 4478 vocat
918 4440 966 4493 pa·
993 4437 1102 4489 eorum,
1133 4433 1206 4489 quae
1229 4429 1281 4485 pro
1305 4411 1494 4468 confirmanda
1517 4413 1830 4473 transsubstantiatione

129 4531 205 4578 nem,
231 4512 358 4568 Christus
380 4511 502 4583 appellat
524 4527 604 4567 suum
623 4527 731 4581 corpus.
767 4508 843 4580 Ergo
861 4515 966 4563 utrum·
992 4504 1028 4560 sb
1060 4501 1225 4560 adversariis
1256 4517 1290 4556 ex
1318 4498 1462 4570 Scriptura
1490 4497 1674 4555 adducuntur.
1721 4499 1826 4570 tegni

130 4617 184 4671 qus
209 4598 291 4654 simul
308 4597 453 4654 exhibetur
469 4598 499 4653 in
515 4614 594 4653 sacra
611 4613 712 4664 coena,
739 4594 868 4649 videlicet
886 4594 966 4664 panis
992 4598 1066 4648 certe
1085 4589 1163 4645 nulla
1179 4586 1272 4659 specie
1286 4592 1388 4656 potest,
1406 4583 1498 4654 ipsum
1508 4600 1609 4640 nomen
1620 4583 1826 4641 manssubstan·

1772 1710 1791 1731 '¹
1813 1746 1817 1755 ·
1845 1715 1931 1763 Lm.

28 4736 33 4750 .
54 4699 59 4705 “
129 4693 158 4742 et
175 4702 276 4757 corpus
294 4684 412 4754 Christi,
431 4685 476 4740 vel
490 4686 565 4757 quod
583 4684 657 4740 idem
675 4688 718 4738 est
736 4680 876 4737 mediante
893 4697 966 4751 pane
992 4676 1114 4733 tintinnis
1132 4691 1192 4731 esse
1209 4690 1319 4738 norum,
1337 4669 1487 4727 barbarum
1504 4677 1533 4726 et
1545 4669 1730 4741 peregrinum,
1747 4687 1825 4727 usar·

129 4770 232 4828 Cbn‘sti
250 4788 369 4842 corpus,
389 4771 464 4827 unde
481 4771 613 4828 henaena
629 4770 692 4825 libr.
713 4776 737 4826 4.
755 4785 778 4823 c.
798 4773 840 4823 34.
868 4768 965 4821 encta·
992 4770 1088 4837 patum
1120 4761 1207 4834 prime
1241 4760 1271 4814 in
1298 4756 1416 4813 concilio
1440 4755 1623 4813 Lateranensi
1648 4772 1721 4811 anuo
1751 4762 1826 4815 1215.

128 4858 237 4912 η’άίαιη
256 4859 366 4912 dnobus
383 4859 465 4912 rebus
483 4865 611 4911 constare
631 4855 714 4925 dicit,
732 4863 844 4908 terreno
859 4854 966 4908 scilicet
991 4849 1176 4906 Bellarminus
1212 4845 1313 4916 excipit
1343 4843 1391 4898 lib.
1421 4847 1445 4899 3.
1475 4842 1510 4897 de
1539 4841 1686 4898 eucharist.
1716 4857 1740 4896 c.
1772 4846 1822 4903 2³:
1837 4851 1960 4903 munus·

130 4951 157 4997 et
179 4944 299 4999 coelesti.
339 4943 498 4999 Christiana
522 4942 684 5013 simplicitas
706 4942 736 4996 in
753 4940 845 4996 verbis
863 4920 1015 5003 Christiil.
1039 4937 1158 4992 Stultum
1185 4950 1257 4997 esse,
1289 4949 1351 4984 cnm
1378 4931 1414 4983 eie
1442 4945 1473 4982 re
1501 4936 1619 4993 constet,
1647 4927 1762 4997 ligitare
1780 4929 1825 4993 ‚ds
1837 4902 1946 4997 Μυῒ

129 5034 159 5085 at
183 5029 265 5086 Pauli
284 5031 344 5088 sine
367 5038 448 5101 tropo
472 5027 593 5098 acceptia
616 5026 781 5099 acquiescit,
810 5013 1115 5091 calvinianilssominc,
1138 5022 1174 5074 ds
1199 5036 1231 5073 re
1258 5026 1351 5072 erstem
1373 5016 1416 5069 its
1439 5022 1582 5080 conum,
1608 5021 1639 5066 nt
1658 5030 1713 5067 non
1732 5015 1826 5085 possit

130 5123 160 5172 et
181 5117 341 5174 Photiniani
359 5134 460 5186 corpus
476 5119 505 5170 st
522 5113 685 5184 sauguinem
706 5113 808 5168 Christi
826 5131 860 5168 ax
879 5128 966 5167 coena
991 5110 1110 5180 mapis,
1125 5124 1186 5159 cum
1208 5113 1305 5174 patres
1326 5102 1464 5169 dicerint,
1481 5115 1585 5170 ponem
1603 5099 1826 5157 substantialiter

130 5203 245 5272 tollant,
270 5204 334 5258 ideo
358 5201 450 5258 verbis
468 5198 571 5253 Christi
597 5199 793 5269 metonymiam
811 5197 965 5271 affingunt:
991 5195 1114 5250 conuerti
1137 5193 1167 5245 in
1183 5208 1285 5260 corpus
1302 5186 1408 5243 Christi
1423 5186 1596 5240 moestior·
1615 5193 1722 5240 tontum
1737 5188 1825 5256 poas's

129 5287 270 5344 Pontifieii
297 5286 481 5344 substantiam
512 5290 685 5338 externorum
715 5284 902 5354 symbolorum
932 5301 966 5340 ex
991 5280 1188 5337 mcidentibns.
1222 5275 1447 5347 Respondemus:
1479 5271 1514 5326 de
1546 5270 1683 5327 sententia
1714 5279 1825 5343 patrum

130 5390 165 5429 οι
187 5373 301 5442 tollunt,
334 5373 396 5427 ideo
422 5367 514 5424 verbi!
532 5367 615 5424 Pauli
632 5367 750 5442 figuram
766 5368 906 5441 nibnunt,
934 5375 967 5424 nt
992 5368 1099 5425 dicetur
1118 5369 1224 5438 postes,
1241 5379 1292 5417 nos
1310 5359 1363 5416 hoc
1380 5358 1441 5413 loco
1459 5356 1499 5410 de·
1513 5354 1672 5428 Scripturas
1689 5355 1826 5417 sententis

182 5467 284 5512 (itshsrdi
297 5467 346 5510 ioci.
361 5466 384 5508 V.
1479 5466 1493 5519 8
