4004 6022
772 292 775 297 ’
814 276 866 333 DE
882 275 1076 337 notumne.
1720 281 1778 354 m

96 427 136 481 Et
159 431 256 497 postea
278 427 373 481 addit:
411 429 474 481 Hac
500 429 679 484 ordinatione
705 439 731 484 et
756 433 942 545 succmsienel
955 418 1034 490 ullibi
1056 436 1108 491 nisi
1134 438 1209 508 apud
1235 456 1264 493 sc
1282 441 1457 510 remansisse,
1479 443 1543 512 jure
1561 442 1646 514 igitur
1663 442 1793 514 Optatus

94 532 131 567 ea
158 532 230 583 quae
258 523 297 567 est
327 517 363 567 ab
389 516 526 584 apostolis
549 517 580 569 in
606 518 725 570 eeclesia
753 521 873 573 traditio
902 530 927 573 et
953 521 1062 577 abillis
1082 525 1212 595 requirit,
1236 531 1267 579 ut
1286 526 1435 581 cathedrae
1454 546 1521 584 suae
1539 529 1673 601 originem
1692 535 1782 585 osten·

94 602 223 654 esritmss
265 602 459 670 praeconialia
493 603 621 670 praeuenit
661 621 748 672 usque
790 608 832 660 ad
869 608 1028 664 nas.·dant.
1065 610 1213 666 Praeterea
1225 612 1668 687 Donatistaeuonimpugnabant
1681 617 1784 671 doctri-¹

49 679 80 718 ¹¹·
96 694 121 743 2.
139 688 327 742 Tertullianus
347 687 382 742 de
408 689 568 758 praescript.
592 689 655 743 adv.
674 689 793 747 haeres:
821 693 928 746 Certant
954 710 1026 760 nam,
1044 698 1093 750 sed
1111 698 1247 753 duntaxat
1263 717 1353 756 mores
1371 700 1584 757 catholicorum.
1621 703 1677 757 Sed
1690 712 1784 757 nesus

94 775 232 828 baeretici
267 775 393 841 origenes
423 793 537 828 marum
570 777 763 844 ecclesiarum,
802 779 928 832 metuant
954 796 1038 834 cansa
1064 798 1081 835 a
1109 783 1318 840 Donatistarum
1346 788 1475 857 opinione
1504 788 1652 859 plurimum
1681 789 1782 861 differt,

95 862 226 913 ordinem
244 862 438 929 episcoporum
459 879 572 914 merram
595 863 637 914 ita
656 879 711 931 per
729 864 927 917 escensionem
953 880 1043 936 neque
1074 867 1145 922 enirn
1173 870 1317 925 ecclesiam
1346 890 1379 927 ex
1406 874 1472 928 orbe
1500 880 1635 929 terrarum
1662 875 1783 944 periisse,

95 947 134 999 ab
162 946 244 999 initio
273 948 477 1010 decurrentem,
508 955 539 999 ut
564 948 675 1016 primus
703 949 753 1001 ilie
782 950 927 1020 episcopus
954 967 1044 1023 neque
1070 965 1191 1009 nostram
1216 957 1361 1012 ecclesiam
1380 974 1479 1013 noram
1499 977 1559 1014 esse
1578 959 1707 1022 dicimus,
1732 975 1784 1012 nec

95 1033 220 1101 aliquem
244 1051 277 1088 ee
301 1034 437 1105 apostulis
460 1035 504 1087 sel
527 1035 691 1104 apostolicis
713 1037 783 1089 uiris
802 1034 1009 1092 menmium
1033 1039 1106 1094 vitae
1134 1046 1162 1094 et
1186 1059 1292 1096 monum
1313 1060 1395 1113 quam
1417 1046 1558 1099 docminae
1578 1045 1781 1114 corruptionem

93 1127 238 1172 auctorem
263 1127 289 1172 et
314 1137 505 1174 decessorem.
545 1123 608 1174 Hoc
631 1122 704 1174 enim
723 1125 806 1175 ηιοιίο
825 1125 928 1177 Rema-
953 1124 981 1179 in
1008 1125 1138 1179 Romanis
1164 1127 1342 1197 pontificibus
1362 1148 1529 1188 accusamus.
1568 1139 1591 1186 5.
1611 1131 1784 1202 Augustinus
1796 1126 1903 1219 min·

93 1223 194 1259 amum
213 1206 332 1259 ecclesia
352 1206 516 1263 Clementem
529 1225 547 1259 a
560 1209 647 1260 Petro
659 1210 819 1262 ordinatam
831 1211 927 1272 refert.
953 1210 982 1264 in
1000 1210 1079 1281 epist
1104 1220 1158 1268 tos.
1174 1215 1270 1268 eodem
1290 1215 1345 1270 line
1363 1227 1506 1270 enumerat
1521 1220 1667 1287 pontifices
1681 1221 1784 1272 liema-
1828 1190 1842 1219 n

93 1292 319 1361 Respondemus:
340 1292 471 1361 conjungi
494 1309 511 1346 a
537 1292 708 1348 Tertulliano
732 1311 794 1348 cum
819 1311 927 1349 succes-
953 1316 1004 1350 nos
1024 1318 1044 1350 a
1063 1301 1149 1353 Petro
1168 1319 1254 1370 usqam
1277 1305 1317 1355 ad
1339 1305 1529 1358 doarensium.
1558 1306 1783 1375 Respondemus:

93 1377 171 1431 sione
195 1378 336 1432 doctrinae
357 1378 501 1432 veritatem
526 1395 576 1433 nec
600 1385 657 1432 tam
683 1379 736 1433 loci
760 1396 844 1450 quam
863 1380 927 1435 fidei
954 1384 1016 1438 Non
1036 1403 1068 1439 cr
1088 1387 1164 1439 nuda
1182 1386 1262 1441 locali
1276 1395 1304 1442 et
1323 1396 1434 1444 externa
1455 1392 1627 1447 successione
1639 1408 1783 1463 argumen-

94 1464 295 1519 successionem
307 1464 343 1517 ab
355 1464 416 1534 ipso
429 1465 621 1532 commendari,
639 1464 816 1520 manifetum
834 1472 877 1519 est
895 1482 928 1520 ex
954 1476 1011 1524 tum
1033 1471 1123 1538 ducit,
1148 1474 1197 1527 sed
1214 1474 1280 1528 fidei
1298 1476 1512 1545 successionem,
1533 1495 1604 1548 qnae
1623 1477 1651 1531 in
1670 1478 1784 1532 ecclesia

94 1551 182 1620 ipsius
209 1550 289 1604 dictis
316 1551 442 1621 superius
466 1550 571 1619 citatis,
595 1552 670 1605 unde
692 1567 724 1606 eo
742 1552 802 1622 ipso
820 1553 848 1606 in
869 1552 928 1606 loco
955 1556 1079 1611 Romam
1101 1558 1193 1612 adhue
1219 1559 1328 1630 integra
1352 1569 1424 1629 erat,
1449 1563 1602 1634 conjungit.
1638 1563 1784 1618 Incedere

94 1636 241 1692 ecclesiam
258 1637 298 1691 sic
316 1637 473 1709 loquentem
491 1637 656 1692 introducit:
678 1638 746 1692 Sura
764 1640 843 1692 deses
860 1657 927 1708 apo·
955 1643 1027 1697 enim
1045 1641 1163 1712 epistola
1177 1644 1283 1700 scribit:
1303 1647 1428 1700 Etiamsi
1440 1649 1587 1718 maguam
1600 1651 1724 1703 traditor
1731 1666 1786 1717 per

94 1725 245 1788 statement,
272 1725 343 1776 sicea
369 1725 416 1777 iili
436 1731 566 1777 carerent
589 1732 751 1778 testamento
771 1744 833 1793 sue,
858 1727 929 1779 sicut
954 1729 1008 1782 ilia
1026 1736 1152 1798 tempera
1172 1732 1359 1800 subrepsisset,
1378 1733 1449 1786 nibil
1470 1737 1685 1804 praejudicaret
1702 1736 1784 1788 ecclc·

89 1811 168 1880 fidei
184 1811 389 1874 cenimiserunt,
420 1811 490 1863 sitast
519 1812 743 1880 adjuraverunt,
774 1813 815 1865 ita
845 1821 931 1867 tenea
954 1817 1013 1867 siae
1040 1823 1066 1867 et
1092 1814 1283 1870 innocentibus
1310 1818 1494 1883 Christianis,
1524 1823 1622 1889 essibus
1647 1822 1786 1874 Dominus

97 1897 207 1951 Ibidem
234 1896 314 1959 dicit,
341 1897 432 1965 ipsam
456 1897 660 1950 hamaticerum
684 1899 843 1951 doctrinam
867 1915 929 1951 mam
953 1903 1105 1970 prouidens
1129 1903 1171 1955 ait
1196 1905 1232 1956 de
1253 1907 1429 1974 praepositis
1453 1907 1553 1959 malis:
1585 1924 1656 1976 qsrrse
1680 1908 1785 1969 dierunt,

96 1984 257 2052 apostolica
281 1991 472 2052 comparatam
494 2000 527 2035 ea
544 1983 705 2036 diemdtate
734 1992 759 2037 et
777 1985 929 2037 centrario·
954 1988 1056 2057 faeta,-
1086 2005 1158 2057 quae
1175 1997 1268 2043 autem
1286 1991 1418 2058 sacirmt,
1441 1994 1545 2058 facere
1564 1995 1665 2056 nolite,
1691 1994 1786 2044 dr'annt

97 2079 156 2124 tate
179 2088 232 2123 sua
247 2069 448 2139 pronuntiare,
474 2073 550 2140 qued
566 2087 652 2140 neqrte
669 2071 792 2140 alicujus
808 2071 931 2139 apostoli
954 2075 1027 2126 enim
1046 2081 1071 2127 et
1088 2090 1145 2126 nen
1161 2076 1290 2144 faciunt,
1310 2084 1340 2129 ut
1359 2084 1436 2129 certa
1453 2079 1489 2129 sit
1506 2094 1571 2146 spes
1589 2080 1696 2144 ridelis,
1716 2094 1785 2146 qrsae

98 2157 223 2209 aucturis
241 2157 286 2223 sis,
305 2173 392 2225 neqste
411 2157 562 2226 apostolici
577 2157 640 2209 uiri.
676 2157 736 2210 Nec
752 2156 781 2209 in
799 2157 928 2210 solasuc-
954 2176 1009 2212 nen
1028 2162 1058 2213 ia
1077 2162 1195 2223 lemine,
1222 2165 1274 2214 scd
1290 2163 1320 2214 in
1341 2163 1464 2216 Domine
1485 2166 1627 2217 collecata
1647 2182 1785 2232 narrassem

97 2243 220 2299 cessione
237 2243 318 2297 locali
337 2243 436 2312 pedem
455 2242 524 2313 figit,
543 2242 592 2296 sed
607 2241 644 2296 ed
657 2242 809 2295 doctrinam
822 2259 839 2296 a
852 2241 929 2296 Chri-
954 2254 1113 2314 tempestate
1153 2247 1288 2313 sacriieps'
1328 2249 1485 2301 schismatis
1523 2250 1682 2317 dissipatur.
1744 2253 1785 2303 Ac

97 2336 140 2384 ste
158 2329 289 2398 apostolis
308 2328 439 2383 eseiam
457 2329 582 2384 recurrit.
612 2329 802 2381 incedendum
815 2327 928 2398 (iuquit)
954 2332 1055 2385 diserte
1079 2333 1171 2386 addit:
1199 2335 1364 2402 (istaequam
1381 2352 1432 2388 nes
1449 2354 1505 2388 non
1524 2343 1581 2387 tarn
1599 2336 1714 2388 deictis
1734 2338 1784 2388 de-

87 2424 137 2483 ⁴,est
159 2416 186 2466 in
205 2431 239 2466 ea
259 2416 372 2482 reptile,
397 2433 481 2483 queam
499 2414 616 2466 ecelesia
635 2414 670 2465 aa
688 2414 836 2480 apostolis,
860 2431 927 2482 apo·
954 2419 1087 2470 armentis
1110 2421 1316 2488 praesensimus
1336 2438 1418 2489 qrtam
1439 2422 1473 2472 ric
1494 2421 1651 2489 Saepturis
1670 2422 1784 2473 sanetis.

95 2503 167 2555 stoli
182 2519 201 2553 a
221 2501 338 2560 Clas-iste,
359 2502 522 2553 Christano
537 2502 599 2552 Dee
612 2500 741 2561 tradidit,
759 2502 833 2551 uncle
844 2501 928 2552 etiam
954 2503 1089 2574 Agnoscit
1105 2503 1204 2575 igitur,
1224 2510 1416 2575 argumentum
1438 2506 1644 2560 asueceaaione
1662 2523 1721 2560 esse
1740 2524 1784 2559 sn-

97 2588 182 2654 dicit,
202 2589 412 2656 percurrendos
433 2602 490 2637 esse
510 2584 641 2637 ecclesias
660 2592 818 2637 resonantes
836 2603 928 2638 secem
953 2588 1116 2643 cundarium
1140 2607 1230 2660 neque
1258 2590 1408 2661 quidquam
1435 2590 1541 2645 roboris
1568 2590 1704 2655 obtinere,
1731 2593 1784 2645 ruisi

97 2673 295 2741 aprostelerum.
332 2671 453 2725 Ibidem:
473 2670 712 2723 Cenrmunicamus
731 2672 928 2724 cumecclesis's
953 2674 1018 2729 fidei
1042 2676 1142 2730 veritas
1166 2693 1198 2730 er
1223 2676 1372 2746 Scriptnris
1397 2675 1609 2730 demonstretur.
1657 2678 1784 2733 Alterum

97 2757 276 2829 apendicis,
306 2759 383 2825 qrted
403 2757 485 2811 trulla
508 2756 638 2809 doctrina
661 2756 786 2824 dienen,
813 2757 864 2809 loc
890 2765 929 2809 est
955 2761 1153 2829 testimenium,
1178 2762 1252 2833 quod
1268 2778 1302 2816 ex
1319 2761 1477 2832 Augustino
1498 2761 1679 2816 Bellarminus
1697 2763 1784 2817 addu-

98 2845 283 2900 serimentum
309 2844 443 2898 veritalis·
481 2843 560 2905 Quod
580 2844 749 2912 personalem
769 2848 798 2896 tt
815 2842 928 2897 localem
954 2848 1002 2916 cit,
1017 2848 1135 2903 habetur
1152 2849 1180 2902 in
1192 2848 1302 2902 Psalmo
1320 2853 1415 2903 contra
1428 2854 1535 2918 partem
1545 2849 1662 2903 Donati:
1683 2851 1784 2904 Name-

98 2931 298 2987 successionem
329 2931 439 2995 attinet,
472 2929 545 2983 illius
574 2936 702 2999 respectu
728 2928 834 2983 nullum
861 2929 931 2982 facit
955 2937 1193 2989 consacerdotes
1211 2936 1255 2988 cet
1274 2937 1310 2987 ab
1327 2937 1392 3005 ipsa
1410 2938 1475 2989 sede
1495 2936 1577 2988 Petri
1593 2943 1619 2988 et
1638 2937 1667 2988 in
1686 2939 1785 2991 ordine

98 3018 244 3072 discrimen
264 3018 336 3072 inter
354 3018 507 3071 Romanam
526 3021 554 3070 et
567 3016 762 3086 Smyrnensem
779 3015 929 3072 ecclesiam.
956 3022 1006 3074 ilio
1028 3029 1158 3091 patrare,
1184 3022 1247 3090 qais
1268 3022 1316 3074 cai
1338 3022 1501 3075 messanis
1521 3021 1619 3076 uidete,
1657 3023 1727 3092 ipsa
1746 3032 1785 3077 est

100 3107 161 3158 Hac
180 3107 264 3157 erede
281 3104 391 3174 (inquit)
410 3104 542 3156 ecciesiae
561 3103 734 3172 apostelicae
753 3118 849 3155 cenare
866 3120 930 3155 erres
953 3117 1046 3177 petra,
1067 3125 1150 3177 quam
1168 3125 1223 3161 nen
1236 3108 1347 3160 rincunt
1359 3108 1493 3177 esperiae
1506 3107 1783 3177 inferensmportse.

99 3194 244 3260 deferunt,
264 3192 335 3244 sicut
357 3191 574 3259 Snsprnaeemm
592 3191 710 3243 ecelesia
727 3189 829 3242 dalens
844 3190 930 3256 Poly·
958 3193 1179 3264 Respondemus:
1208 3194 1304 3248 localis
1331 3198 1359 3248 et
1385 3192 1536 3264 personalis
1563 3195 1699 3248 successio
1729 3213 1783 3248 non

98 3296 217 3347 carpum
236 3296 254 3330 a
272 3279 399 3331 Jeharme
421 3279 595 3330 certioratum
612 3277 713 3343 refert,
738 3276 808 3328 ders
828 3278 930 3329 Roma
957 3286 999 3336 ast
1014 3280 1062 3334 illa
1079 3285 1166 3349 petra,
1186 3280 1219 3334 dc
1240 3294 1295 3350 qna
1313 3277 1438 3332 Christus
1456 3277 1584 3349 loquitur,
1603 3279 1651 3333 sed
1670 3296 1736 3334 vera
1754 3280 1784 3333 fi-

99 3374 199 3419 n'orurn
236 3366 400 3419 Clementem
435 3382 453 3416 a
480 3365 567 3416 Petro
599 3364 759 3417 ordinatam
789 3364 854 3418 edit.
899 3363 931 3416 In
958 3366 1002 3421 dei
1019 3373 1047 3421 et
1064 3366 1204 3420 doctrinae
1225 3363 1369 3426 successio,
1391 3380 1475 3433 quam
1493 3363 1614 3434 episcopi
1633 3365 1673 3417 illi
1693 3365 1784 3420 adbuc

100 3454 197 3509 codem
229 3452 310 3505 etiem
339 3449 410 3504 libro
443 3469 497 3502 nen
528 3466 560 3502 er
586 3449 717 3518 persenis
751 3450 845 3513 dmm,
881 3453 933 3503 sed
957 3452 1120 3508 renuebant.
1156 3450 1259 3505 Contra
1280 3455 1419 3506 externam
1442 3455 1471 3504 et
1497 3449 1612 3504 localem
1635 3453 1784 3506 successio-

100 3558 135 3593 ιιι
160 3540 224 3605 fide
247 3554 399 3606 persenam
430 3551 487 3588 esse
514 3535 696 3604 probandam
726 3538 812 3588 docet.
855 3535 931 3599 Quae
957 3556 1020 3593 nem
1043 3537 1202 3609 praevalere
1224 3539 1341 3607 possunt
1357 3540 1385 3590 et
1401 3536 1527 3605 jamdum
1544 3537 1653 3607 saepius
1672 3556 1785 3607 praera-

49 3644 59 3684 ,·
99 3624 194 3679 ursinis
212 3622 379 3678 Bellarmino
400 3621 581 3677 adversantur
600 3621 643 3673 rel
662 3617 788 3677 maxime.
825 3628 848 3676 3.
866 3621 931 3691 Epi·
957 3627 1067 3681 luerunt
1080 3623 1229 3678 inferorum
1248 3627 1351 3693 portae,
1370 3621 1418 3675 sed
1436 3620 1547 3677 minime
1563 3630 1660 3678 contra
1678 3624 1742 3678 fidei
1759 3633 1787 3680 et

49 3691 58 3713 ”
100 3711 219 3783 phanias
257 3709 361 3764 haeres.
399 3715 440 3763 27.
477 3712 619 3762 enumerat
653 3707 796 3777 episcopos
832 3708 931 3762 Rorna-
958 3712 1099 3766 doctrinas
1120 3710 1327 3765 successionem.
1362 3708 1443 3762 Hane
1461 3714 1580 3764 mentem
1597 3727 1675 3765 suam
1694 3711 1786 3767 claris·

49 4677 84 4718 et.

99 3814 150 3852 nes
182 3813 270 3867 usque
299 3795 336 3848 ad
366 3794 514 3848 Anicetum
544 3800 572 3848 et
599 3792 757 3863 subjungit:
791 3796 834 3847 Ne
869 3795 931 3862 qais
957 3798 1023 3853 sime
1041 3797 1167 3868 exponunt
1184 3797 1357 3868 Augustinus
1375 3811 1454 3850 serm.
1476 3800 1514 3851 13.
1536 3796 1655 3853 deverb.
1674 3798 1785 3853 Domini

99 3885 227 3949 miretur,
247 3884 323 3951 qaod
344 3889 399 3933 tam
418 3888 511 3933 macte
528 3880 642 3946 sinprsla
660 3896 863 3946 recenseamus,
877 3897 931 3949 per
957 3889 985 3939 ct
1008 3883 1070 3938 libr.
1092 3891 1113 3939 1.
1133 3887 1264 3938 renactsu
1282 3898 1305 3937 c.
1326 3886 1370 3936 21:
1394 3881 1484 3934 Petra
1506 3883 1669 3955 principale
1686 3903 1785 3938 nornen

97 3973 167 4023 daec
199 3968 269 4021 enirn
302 3985 409 4037 semper
442 3968 560 4019 claritas
591 3967 754 4022 ostenditur.
808 3967 930 4037 llespon-
957 3979 1011 4038 est,
1029 3971 1094 4024 ideo
1114 3971 1217 4022 Petrus
1238 3986 1256 4020 a
1273 3974 1368 4038 petra,
1389 3983 1446 4018 nen
1460 3974 1543 4035 petre
1564 3987 1582 4021 a
1599 3971 1699 4037 Petro,
1720 3988 1785 4038 qrae-

98 4059 209 4112 dernus:
241 4054 299 4125 agit
326 4054 364 4107 ibi
393 4055 427 4108 ds
455 4053 615 4108 Marcelline
639 4053 758 4108 leemiua
784 4054 930 4121 haeretica,
958 4060 1040 4111 medo
1068 4075 1123 4110 nen
1153 4073 1172 4107 a
1203 4054 1363 4110 Cirristiano
1391 4052 1534 4116 Christis,
1563 4058 1615 4108 sed
1637 4074 1655 4107 a
1677 4056 1785 4111 Christe

98 4159 170 4215 quae
188 4141 361 4211 Carpocrstis
386 4139 512 4194 haeresin
536 4139 638 4192 Romae
656 4145 872 4210 propagaverat,
898 4158 931 4194 sc
958 4143 1133 4197 Christianus
1149 4148 1274 4195 secatur.
1312 4141 1355 4192 Tu
1373 4157 1402 4193 es
1421 4156 1499 4207 erpa,
1519 4140 1621 4208 inquit,
1640 4143 1742 4195 Petras
1760 4151 1786 4194 et

99 4232 282 4293 demonstrat,
307 4244 362 4296 quo
389 4232 511 4296 tempore
535 4226 583 4280 illa
599 4227 715 4281 Romam
734 4227 853 4290 venerit,
874 4243 930 4296 qua
956 4248 1039 4300 srtper
1058 4232 1129 4283 dane
1146 4235 1265 4296 petram,
1285 4244 1370 4294 quarn
1390 4228 1536 4290 confessus
1555 4244 1590 4294 es,
1610 4246 1693 4296 super
1714 4229 1786 4281 banc

97 4315 242 4370 occasione
268 4331 361 4368 omnes
389 4313 523 4367 eeclesias
550 4312 624 4366 illius
642 4313 800 4383 episcopos,
826 4313 873 4384 qui
894 4314 930 4367 ab
953 4324 1072 4386 petram,
1092 4331 1174 4383 qrrarn
1192 4311 1344 4381 cepnesrsti
1361 4312 1473 4364 (licens.-
1495 4312 1538 4363 Tu
1556 4328 1583 4364 es
1599 4313 1725 4367 Christus
1737 4314 1786 4366 Fi·

97 4401 179 4457 initio
197 4402 310 4455 suerunt
328 4416 416 4469 nsque
434 4400 470 4453 ad
488 4400 635 4453 Anicetum
655 4406 786 4463 recenset,
805 4400 930 4453 nthisto·
956 4404 1011 4455 lius
1030 4401 1088 4453 Dei
1104 4400 1168 4467 aa,
1188 4398 1344 4459 aedificabo
1364 4397 1509 4450 ecclesiam
1528 4412 1623 4466 meum,
1640 4416 1724 4468 supter
1743 4417 1784 4452 esc

98 4490 157 4543 riae
173 4487 286 4541 claritas
305 4485 456 4550 elucescat,
475 4487 602 4556 nuspiam
622 4504 686 4540 vcro
704 4486 809 4549 asserit,
826 4487 929 4540 nudam
957 4487 1111 4556 aedificabo
1128 4492 1162 4549 te,
1180 4502 1235 4537 non
1251 4501 1335 4552 super
1353 4490 1378 4537 ts
1398 4482 1553 4548 aedificabo
1572 4500 1619 4537 rac.
1646 4486 1720 4536 illam
1740 4502 1783 4536 ee-

98 4577 215 4631 loculem
248 4579 277 4628 ct
308 4578 446 4628 externam
474 4574 673 4628 successionem
702 4590 761 4627 esse
789 4568 1041 4633 custodemilentes
1062 4571 1184 4625 hemines
1208 4570 1361 4637 aednicare
1387 4585 1474 4638 saper
1497 4567 1619 4620 tornines
1642 4569 1785 4622 dicebant:

97 4680 180 4718 uerae
206 4657 403 4715 doctrinae'ac
433 4667 526 4714 notam
548 4678 628 4715 verae
646 4660 785 4715 ecclcsiae.
824 4659 930 4714 Ibidem
957 4677 1005 4727 epe
1024 4659 1136 4727 quidm
1155 4674 1215 4708 ssim
1234 4656 1329 4716 Pauli,
1352 4672 1400 4722 epe
1416 4654 1526 4724 Ceplsae
1546 4659 1596 4708 etc.
1615 4663 1640 4707 et
1659 4653 1721 4720 atii,
1739 4655 1787 4723 qui

98 4749 186 4816 addit,
207 4749 329 4802 Paulum
346 4767 401 4802 non
419 4750 612 4817 ruinasques:
632 4750 747 4800 Petrum
767 4748 856 4810 fiarsse
874 4749 931 4799 Re·
956 4747 1085 4799 nolebant
1108 4741 1260 4804 aedificari
1279 4758 1362 4810 super
1382 4742 1497 4795 Petrum
1517 4746 1542 4792 et
1567 4758 1650 4811 super
1664 4749 1786 4809 petram,

97 4852 200 4890 manae
221 4837 354 4888 ecelesiae
377 4835 552 4903 qsueopam,
583 4833 658 4904 qued
686 4832 850 4885 adversariis
876 4812 1100 4896 nonidicebant:
1127 4845 1177 4895 epe
1203 4845 1264 4880 euru
1293 4826 1407 4882 Cirristi.
1451 4826 1575 4881 Tertium
1602 4825 1785 4881 testimonium

49 4926 82 5007 sti
96 4923 237 4996 probatur.
275 4928 299 4977 4.
318 4921 437 4992 Optatus
456 4919 569 4973 Milevit.
591 4919 637 4972 lib.
660 4923 682 4972 2.
704 4923 801 4970 contra
820 4918 930 4971 Parme·
942 4914 944 4955 Ι
956 4918 1030 4990 quod
1055 4933 1088 4970 ex
1113 4914 1272 4986 Augustino
1291 4912 1474 4967 Bellarminus
1492 4912 1587 4982 affert,
1612 4911 1727 4982 petitum
1745 4918 1786 4967 est

96 5011 212 5065 uianum
238 5007 403 5063 enumeratis
428 5004 565 5076 episcopis
591 5004 721 5057 Romanis
749 5021 765 5056 a
788 5004 871 5058 Petro
895 5005 988 5067 ader
1010 5003 1070 5059 libr.
1089 5007 1184 5056 contra
1204 5001 1281 5070 epist.
1300 4999 1485 5054 Fundameuti
1502 5017 1526 5055 c.
1547 5005 1577 5054 l:
1598 5000 1682 5052 Tenet
1699 5015 1741 5050 me
1755 4999 1785 5050 in

97 5095 226 5151 Siricium
252 5112 338 5166 usque
363 5093 498 5162 ostendit,
525 5090 669 5145 ecclesiam
692 5106 747 5142 non
772 5107 832 5144 esse
856 5086 1074 5160 apud'ccclesia
1094 5090 1129 5141 ab
1148 5089 1212 5157 :psa
1230 5089 1297 5140 sede
1317 5087 1399 5139 Petri
1415 5087 1546 5155 apostoli,
1565 5085 1613 5138 cui
1624 5086 1785 5153 pascendae

96 5183 270 5245 Donatistae,
288 5181 334 5252 qui
354 5179 532 5251 persimilem
553 5177 753 5231 successionem
771 5177 806 5229 ad
822 5183 931 5246 aposto·
943 5190 945 5197 ·
957 5194 1020 5230 eece
1036 5192 1103 5227 setes
1122 5174 1262 5226 Dominus
1280 5172 1480 5225 ceramendaeit
1500 5190 1585 5240 resque
1606 5174 1645 5225 ad
1652 5188 1786 5240 praesen·

94 5271 138 5325 los
157 5268 326 5322 adscendere
344 5285 399 5321 non
418 5271 560 5336 poterant,
586 5270 614 5319 ct
631 5262 722 5316 addit:
751 5263 805 5315 Ves
823 5256 1009 5321 vestratium
1032 5262 1221 5330 episcopatum
1248 5259 1385 5312 mrccessie
1409 5259 1593 5313 sacerdotum.
1629 5256 1788 5326 Responde-

92 5356 249 5412 catiredrae
268 5356 405 5423 originem
424 5353 571 5419 (intendite,
597 5351 646 5420 qai
667 5350 742 5401 sodis
765 5349 849 5401 cultis
868 5324 1031 5403 sciis-'mum
1058 5346 1231 5419 Augustinus
1255 5344 1457 5401 sirccessienem
1480 5343 1555 5396 illam
1580 5343 1659 5398 effert
1682 5360 1737 5398 non
1755 5352 1787 5397 ut

90 5453 171 5500 ctam
194 5443 338 5497 ecclesiam
361 5443 520 5494 rernlicare.
561 5437 782 5509 Respondemus:
817 5434 1064 5491 Donati-‘firmum
1089 5439 1117 5489 et
1141 5432 1327 5504 apodicticum
1347 5429 1459 5502 aliquod
1478 5435 1670 5501 argumentum
1688 5438 1736 5484 aut
1756 5437 1787 5484 ut

89 5539 202 5590 starum
222 5530 315 5602 opinio
334 5534 401 5595 crat,
419 5527 564 5585 ecelesiam
581 5530 639 5582 tote
657 5523 724 5581 orbe
736 5521 859 5594 periisse,
878 5502 1115 5593 neeiprimarium
1132 5519 1197 5576 fidei
1216 5518 1436 5586 fundamentum,
1454 5516 1503 5574 ssd
1521 5522 1553 5572 ut
1571 5516 1709 5587 quandam
1727 5520 1787 5588 peri
