3998 6024
258 191 321 247 hbh
829 182 950 240 Locus
968 179 1172 240 monemus
1189 180 1390 240 SECUNDUS

258 337 374 391 minim
397 338 535 392 medum!
564 341 616 391 sed
639 339 708 391 haec
729 338 891 391 necessaria
919 338 950 391 in
976 337 1093 393 enordio
1119 337 1157 389 sit
1174 337 1257 391 etiam
1274 340 1370 408 maius
1386 332 1511 394 melliens
1534 337 1568 392 In
1586 336 1703 393 eandem
1721 336 1892 392 ssumtiam
1908 338 1950 394 Di-

259 423 394 476 ecclesiae
412 425 540 491 fuerumt,
562 431 593 475 ut
617 424 766 477 multitudo
788 426 829 477 ad
848 425 933 493 fidem
951 430 1093 488 cresceret,
1121 411 1206 478 dacus
1224 425 1311 481 Stella
1328 430 1427 481 auctor
1438 423 1602 481 Pontificius
1620 424 1649 478 iu
1666 442 1690 479 c.
1711 423 1950 481 inhaeserint

261 509 331 576 quia
360 518 386 562 et
410 526 461 561 nos
490 525 551 561 cum
576 509 693 562 aruum
711 512 888 579 plantamus,
921 511 1030 563 tamdiu
1054 509 1094 562 eis
1122 512 1213 565 Chede
1233 511 1390 580 ecanqelio,
1419 514 1496 581 quod
1510 512 1568 575 fuit
1585 511 1734 565 miraculis
1754 513 1950 576 cmfimatm

262 611 365 662 aquam
382 593 576 662 infundimus,
595 611 738 662 quousque
755 612 789 648 ea
809 596 840 648 in
858 603 936 648 terra
954 595 1108 653 coaluisse!
1122 596 1181 650 Sed
1197 596 1288 663 dices,
1307 615 1398 651 nonne
1415 598 1524 652 rationi
1534 606 1751 652 consentaneam
1764 605 1822 661 est,
1845 606 1875 651 ut
1888 616 1950 653 nunc

261 681 418 749 sfflsamsu,
448 688 473 732 et
496 680 523 732 si
547 680 633 732 semel
657 681 784 733 radicem
806 681 935 749 sicorim,
961 656 1226 771 irriqatiolquoque
1238 685 1315 750 fides
1334 684 1693 746 confirmeturmiraculist
1711 683 1790 752 Non,
1807 701 1873 737 nom
1886 701 1950 736 nunc

262 767 384 819 cessabit.
421 766 452 798 ⁴²*
463 765 497 817 Ut
516 766 571 829 tide
591 774 726 819 cresceret
744 768 894 821 mulidudo
914 768 1094 829 credentium,
1106 782 1108 840 y
1120 783 1228 838 quoque
1248 772 1381 824 damnum
1399 771 1496 839 potins
1514 772 1655 840 afferrent,
1673 786 1759 838 quam
1776 773 1952 835 commodum,

261 853 407 905 miracuta
423 853 481 914 istst
497 853 649 905 sarienda
667 859 720 909 stc.
757 853 865 907 Sancta
885 854 989 922 quippe
1007 853 1093 906 eccle·
1119 855 1232 908 etiamsi
1244 855 1275 908 in
1283 854 1430 925 principio
1444 857 1583 910 nascemis
1596 855 1732 909 ecclesiae
1743 856 1858 920 suerint
1870 873 1951 910 nuss-

260 939 449 1006 siaquotidie
468 934 659 1006 spiritualiter
677 941 760 1008 facit,
782 943 858 1010 quod
875 949 940 994 tunc
952 956 1008 1008 per
1026 957 1094 1008 apo·
1119 942 1206 994 soria.
1236 941 1313 994 Puer
1332 942 1405 995 enim
1423 959 1484 994 cum
1503 941 1649 995 ambulare
1668 943 1783 1011 nequit,
1806 942 1952 1010 adjurata

259 1023 346 1076 stolas
363 1024 551 1091 corporaliter
565 1023 699 1093 faciebat,
719 1042 791 1094 quae
809 1025 1094 1080 nimirummiracula
1119 1025 1259 1090 vehiculo,
1279 1029 1356 1096 quod
1372 1028 1481 1081 homini
1499 1029 1598 1081 adulto
1618 1029 1882 1097 estsinpedimento.
1915 1028 1953 1080 Its

261 1110 372 1178 majora
393 1117 470 1173 sunt,
499 1111 614 1177 quando
633 1128 688 1179 per
712 1112 781 1165 haec
804 1131 861 1165 non
880 1130 1017 1181 corpora,
1043 1112 1096 1165 sed
1120 1110 1439 1182 quoquensosulibs.
1452 1110 1576 1183 deproc.
1590 1112 1683 1168 Indor.
1699 1114 1750 1167 sal.
1764 1130 1788 1169 c.
1804 1113 1952 1181 9:1tctiqio

260 1198 372 1249 animae
389 1197 569 1250 suscitantur.
605 1197 686 1250 Haec
704 1198 798 1266 itaque
814 1199 905 1266 siqua,
922 1199 1030 1261 fratres
1048 1213 1093 1248 ca·
1122 1194 1294 1264 Christiana,
1319 1196 1367 1249 ubi
1385 1198 1509 1251 humana
1522 1198 1675 1267 praecidio
1689 1216 1818 1269 prorsuis
1836 1201 1953 1264 aberant,

258 1282 378 1350 mssimi,
397 1289 511 1333 auctore
529 1283 592 1334 Deo
608 1283 635 1334 si
652 1283 751 1350 uultis,
778 1301 827 1337 cos
843 1284 997 1350 facitis.**
1031 1280 1094 1336 Lib.
1120 1282 1225 1334 diuinis
1251 1290 1291 1335 cst
1307 1284 1440 1348 fundata
1463 1278 1628 1352 miraculis,·
1653 1290 1685 1337 at
1706 1293 1874 1339 comarum
1898 1292 1953 1336 ters-

260 1373 300 1422 m.
320 1366 463 1421 moralium
484 1383 506 1420 c.
528 1372 573 1421 11:
604 1367 676 1421 Sunt
694 1370 838 1438 nonnulli,
866 1371 916 1439 qui
938 1387 1000 1422 cum
1019 1369 1094 1420 mira
1117 1384 1219 1435 porum
1238 1368 1320 1436 lonqe
1339 1369 1401 1422 alia
1420 1375 1462 1421 est
1478 1369 1554 1423 ratio
1572 1364 1625 1424 etc.
1659 1367 1770 1424 Ibidem
1791 1387 1826 1424 ex
1843 1369 1952 1439 Chryso

260 1454 451 1521 apostolorum
470 1470 556 1520 opera
575 1455 706 1523 audiunt,
723 1457 801 1523 quod
818 1463 932 1524 accepto
951 1455 1094 1523 Spiritus.
1119 1458 1208 1509 stomo
1227 1454 1365 1525 disputat,
1381 1458 1466 1519 fidem
1480 1456 1547 1524 jam
1563 1456 1634 1509 satis
1646 1456 1798 1525 pinnatam
1818 1457 1954 1510 nammis

260 1547 384 1592 mortuae
412 1539 495 1592 verbo
523 1539 705 1609 suscitarent,
736 1540 773 1593 ab
798 1542 918 1594 obsessis
944 1541 1094 1594 daemonia
1122 1541 1201 1593 nouis
1223 1559 1277 1594 nou
1304 1543 1432 1612 indiqere
1454 1543 1631 1612 confimari,
1656 1543 1726 1612 quire
1743 1544 1848 1612 pateus
1866 1545 1954 1596 utilius

255 1624 408 1692 pellerent,
435 1626 533 1678 umbra
560 1626 737 1692 infirmitates
763 1635 921 1680 amoverent
947 1632 1000 1682 etc.
1027 1625 1095 1695 quia
1120 1641 1179 1679 csse
1199 1628 1289 1696 siquis
1305 1645 1379 1681 nunc
1399 1645 1505 1694 carue,
1525 1646 1586 1682 cum
1603 1629 1726 1698 majori's
1744 1629 1844 1683 meriti
1855 1631 1954 1682 ιιίιίιιι

260 1712 311 1762 lias
330 1712 446 1763 uirtutes
466 1729 538 1764 nunc
556 1713 586 1764 in
604 1712 721 1766 ecclesia
736 1714 907 1777 consident,
922 1713 1094 1765 subtractam
1118 1712 1180 1765 illis
1211 1716 1333 1768 cresim.
1384 1714 1492 1770 Cornel.
1523 1714 1635 1770 Mussus
1666 1715 1695 1768 in
1727 1716 1855 1772 concion.
1891 1715 1954 1769 dom

254 1799 320 1866 jam
337 1797 373 1849 ab
391 1797 510 1850 eeclesia
528 1814 679 1867 suspersam
706 1800 832 1866 qratiam
850 1799 1030 1868 suspicantur
1048 1813 1093 1850 ne·
1120 1797 1231 1854 Psutcc.
1251 1817 1278 1869 p.
1291 1805 1356 1855 412:
1377 1799 1493 1855 Cessent
1511 1802 1541 1854 in
1558 1801 1638 1855 nobis
1651 1801 1736 1870 siqua
1752 1802 1814 1856 alla
1829 1803 1954 1855 uuanda

259 1886 376 1937 scientes
404 1900 528 1952 pensare
557 1886 635 1954 quod
660 1886 796 1954 scriptum
823 1893 879 1939 cst:
909 1886 1037 1953 Adjutor
1064 1885 1094 1937 in
1116 1885 1213 1953 potius
1241 1902 1324 1953 quam
1348 1886 1500 1951 imitanda,
1524 1903 1597 1955 quae
1617 1887 1648 1940 in
1667 1887 1823 1956 primitiva
1845 1888 1955 1942 eccleria

259 1970 500 2039 oportunitatibus,
518 1970 549 2022 iu
567 1970 756 2039 tribulatione,
787 1970 864 2023 Tunc
879 1972 984 2039 quippe
995 1978 1093 2023 saneta
1116 1971 1225 2038 passim
1242 1972 1438 2038 abundabant,
1456 1981 1487 2025 ut
1506 1979 1572 2025 sunt
1588 1989 1691 2026 sanare
1704 1973 1853 2040 infirmos,
1876 1974 1954 2025 susci

258 2055 374 2108 secusia
390 2056 592 2109 miraculorum
610 2057 766 2124 adjutoriis
787 2057 923 2126 indiquit,
952 2074 1013 2110 cum
1033 2074 1093 2110 earn
1118 2063 1179 2110 tare
1197 2064 1334 2127 mortuos,
1354 2058 1455 2125 eiicere
1474 2060 1636 2127 daemones,
1662 2059 1797 2113 nationes
1819 2061 1862 2113 ad
1880 2061 1954 2123 sidem

258 2141 404 2195 tribulatio
419 2143 623 2216 persecutionis
636 2143 749 2210 pressit.
787 2143 860 2195 Nam
875 2150 1029 2211 postquam
1048 2160 1092 2196 su·
1119 2151 1336 2199 conuertereetc.
1355 2143 1424 2197 haec
1437 2144 1519 2210 siquo
1529 2145 1703 2213 factasunt,
1717 2146 1866 2215 utrsliqio
1876 2146 1954 2215 plas-

256 2228 384 2297 perbiam
413 2228 592 2296 infidelitatis
625 2230 763 2297 edomuit,
794 2246 850 2282 noa
875 2230 936 2296 jam
961 2230 1094 2284 uirtutum
1120 2235 1236 2293 teretur,
1255 2246 1328 2282 nunc
1342 2237 1434 2283 auum
1453 2247 1487 2283 ea
1496 2231 1629 2299 plantata
1641 2238 1779 2285 nonem
1792 2234 1955 2286 accusaris.

257 2317 348 2384 siqua,
367 2317 419 2368 sed
435 2316 499 2368 sola
520 2317 621 2368 merita
641 2332 754 2384 operum
773 2316 902 2384 requirit,
923 2318 1049 2386 mmsis
1068 2325 1093 2371 et
1119 2321 1147 2368 et
1168 2320 1233 2369 ants
1256 2314 1306 2369 hos
1329 2314 1468 2370 Roffensis
1494 2316 1640 2388 episcopus
1666 2317 1954 2373 acsemminster

257 2401 313 2454 illa
339 2417 392 2469 per
417 2401 519 2454 multos
542 2419 603 2455 cum
632 2403 810 2470 oportunitas
832 2403 931 2471 eciqit,
963 2406 1091 2460 ostendit.
1118 2401 1219 2470 captiv.
1238 2400 1338 2471 Babyl.
1357 2417 1381 2456 c.
1403 2407 1441 2457 10.
1461 2400 1539 2456 initio
1557 2402 1641 2471 hujus
1656 2402 1820 2457 aeruminis
1838 2403 1954 2474 scripsit:

259 2487 402 2556 Scriptum
425 2488 529 2556 quippe
553 2495 607 2550 est,
634 2488 748 2555 impunc
770 2489 801 2540 in
827 2490 937 2558 siquam
955 2498 1019 2543 sunt
1037 2509 1094 2544 non
1119 2488 1255 2542 Promisit
1272 2487 1414 2556 Gtrristas,
1440 2495 1469 2540 ut
1491 2478 1629 2556 discipuli
1646 2490 1801 2543 daemonia
1820 2490 1954 2560 ejicmsm,

252 2574 400 2643 fidelibus,
426 2575 478 2627 sed
501 2574 669 2641 infidelibus.
711 2574 851 2642 Ubierqo
876 2592 970 2629 omnes
990 2578 1095 2646 fideles
1120 2592 1204 2644 quam
1234 2574 1450 2643 promissionem
1480 2575 1588 2628 nullum
1617 2575 1663 2628 his
1700 2576 1803 2628 diebus
1836 2578 1955 2646 effecum

259 2667 338 2727 sunt,
363 2675 435 2728 quae
454 2676 542 2712 causa
558 2660 656 2728 recipit,
679 2667 710 2712 ut
727 2661 809 2727 siqna
828 2666 1035 2717 monstrentur!
1058 2663 1096 2718 Et
1120 2661 1220 2714 sortiri
1233 2661 1360 2714 dilucide
1378 2661 1522 2714 cernimus.
1558 2662 1648 2714 Nemo
1668 2660 1742 2714 enim
1755 2670 1808 2731 est,
1826 2663 1877 2730 qui
1891 2680 1955 2715 nunc

260 2752 369 2817 postem
397 2747 465 2799 Etsi
484 2747 564 2799 Deus
588 2747 722 2799 uirtutum
747 2748 830 2814 siqno
849 2766 921 2800 nunc
937 2765 992 2818 per
1011 2750 1095 2802 uitam
1120 2747 1308 2816 corporaliter
1331 2747 1481 2799 daemonia
1506 2747 1584 2816 ejicit
1609 2753 1661 2800 aut
1683 2748 1797 2802 morbos
1816 2755 1913 2811 sonat,
1934 2755 1956 2799 et

261 2833 387 2897 fidelium
405 2833 502 2884 crebro
520 2849 575 2885 non
594 2833 708 2899 exserit,
735 2833 770 2885 ab
794 2833 897 2887 eudem
916 2842 1009 2889 tamen
1021 2838 1095 2905 fide·
1120 2841 1212 2887 tamen
1230 2834 1341 2886 minime
1361 2833 1534 2902 ombiqimus,
1553 2834 1667 2901 quondo
1679 2832 1809 2902 plurimi
1825 2834 1897 2902 siat,
1913 2832 1956 2901 qui

262 2920 335 2972 libus
357 2936 411 2987 per
434 2920 562 2972 oirhstem
587 2932 702 2988 opemm
727 2936 869 2988 nunquam
893 2923 1006 2975 recedit.
1048 2922 1095 2976 Sic
1120 2922 1202 2985 fidem
1222 2920 1337 2972 eandem
1360 2927 1385 2972 et
1407 2934 1493 2988 aeque
1510 2934 1644 2987 maqnarn
1666 2936 1729 2972 cum
1741 2920 1854 2988 priscis
1870 2919 1954 2982 fideli·

261 3005 348 3076 igitur
377 3005 511 3058 miracula
542 3003 626 3058 etiam
656 3004 854 3084 posterioqibus
887 3007 987 3062 seculis
1020 3006 1095 3062 iacta
1122 3007 1170 3058 bus
1189 3006 1325 3075 habeant,
1348 3021 1399 3058 nec
1423 3013 1515 3058 tamen
1535 3005 1629 3058 inanis
1646 3003 1701 3058 ata
1719 3005 1878 3073 promissio
1888 3004 1954 3073 sai,

262 3099 341 3156 suut,
367 3091 416 3147 sed
442 3108 496 3145 non
514 3097 573 3145 tam
590 3090 749 3162 frequentia
767 3099 795 3146 et
818 3093 932 3162 eopiosa
957 3091 1045 3165 quani
1067 3093 1095 3148 in
1121 3110 1204 3160 quam
1223 3091 1313 3146 noluit
1333 3091 1492 3160 efficaciam
1509 3090 1612 3144 halem
1626 3097 1812 3161 perpetuam,
1837 3093 1891 3145 sed
1902 3108 1954 3160 pro

262 3179 379 3234 ecclesia
402 3178 542 3247 primitiva
568 3177 721 3248 apostolica
745 3184 773 3233 et
798 3179 968 3249 apostolicae
995 3179 1094 3235 ricius.
1121 3187 1243 3247 tempore
1273 3177 1415 3231 nascentis
1443 3185 1469 3231 et
1491 3176 1678 3230 adclamentis
1702 3175 1847 3232 crateuas.
1883 3176 1954 3240 Quas

261 3264 341 3329 Quod
364 3270 462 3319 ,autem
483 3262 617 3317 miracula
640 3262 683 3316 his
707 3264 852 3333 postremis
874 3264 1008 3320 ecclesiae
1027 3272 1094 3320 tem·
1120 3263 1213 3319 omnia
1232 3264 1374 3320 evidenter
1389 3263 1522 3335 probant,
1545 3261 1679 3316 miracula
1705 3276 1762 3315 nou
1781 3263 1887 3332 requiri
1905 3281 1955 3316 om·

260 3351 374 3422 poribus
394 3364 411 3404 a
429 3365 494 3404 vere
512 3348 641 3405 fidelibus
661 3349 790 3405 facienda
810 3351 878 3420 sint,
904 3350 939 3406 de
965 3368 998 3406 co
1018 3352 1096 3406 nulla
1120 3350 1203 3405 nibus
1226 3349 1360 3405 ecclesiae
1384 3349 1570 3420 temporibus,
1601 3348 1739 3419 quomodo
1770 3349 1859 3419 igitur
1883 3356 1955 3405 erum

261 3442 352 3493 exstat
370 3437 465 3490 dirius
482 3436 640 3505 promissio,
669 3437 737 3506 quin
760 3437 854 3507 potius
872 3437 906 3492 de
925 3438 1096 3493 Antichristo
1120 3436 1242 3507 genuina
1259 3442 1287 3491 et
1303 3436 1416 3507 propria
1433 3435 1565 3490 ecclesiae
1584 3440 1664 3501 nota,
1683 3451 1747 3488 cum
1768 3451 1826 3489 non
1846 3435 1901 3490 siut
1918 3435 1952 3488 illi

261 3522 290 3576 in
309 3524 411 3591 templo
430 3522 490 3574 Dei
507 3524 618 3575 sedente
637 3529 738 3587 exstet,
766 3524 841 3592 quod
859 3523 1005 3577 miraudis
1024 3541 1096 3577 men·
1120 3520 1275 3593 perpetua?

262 3609 341 3661 dacii
358 3607 492 3662 muudum
511 3606 547 3661 sit
559 3607 732 3675 seducturus,
749 3608 815 3662 inde
827 3608 994 3664 'lhithemius
1010 3608 1096 3663 abbas
1156 3614 1213 3663 276.
1237 3612 1260 3661 3.
1269 3606 1405 3660 Miracula
1417 3607 1441 3659 si
1453 3623 1508 3660 non
1520 3604 1641 3659 habeant
1655 3604 1801 3661 dochinus
1814 3607 1952 3663 veritatem
1961 3612 1996 3660 u

262 3694 290 3747 iu
314 3693 386 3748 libro
410 3699 473 3748 octo
498 3708 544 3763 qq.
569 3693 605 3746 ad
630 3693 754 3762 imperat.
779 3693 890 3747 Maxim.
916 3710 962 3765 qu.
981 3700 1005 3749 3.
1032 3712 1095 3750 con·
1121 3696 1307 3763 conjunctam,
1326 3691 1395 3745 nihil
1412 3692 1539 3762 probant.
1574 3690 1650 3762 Ergo
1663 3691 1722 3746 solu
1740 3699 1771 3746 et
1787 3709 1841 3762 per
1859 3708 1889 3746 ss
1905 3709 1952 3746 non
1963 3721 1996 3760 μ

261 3779 363 3844 cludit,
394 3780 478 3834 hodie
505 3797 523 3832 a
549 3781 622 3833 ocris
649 3759 821 3834 Christianis
850 3780 932 3834 nulla
956 3782 1096 3834 miracula
1120 3785 1185 3833 sunt
1199 3779 1321 3850 genuina
1333 3784 1360 3833 et
1372 3776 1524 3831 infallibilis
1533 3777 1666 3831 ecclcsiae
1675 3782 1749 3831 nota
1780 3768 1996 3834 mtmedsuffl*

262 3868 426 3934 quaerenda
453 3867 496 3920 oel
526 3869 730 3935 exspectando,
823 3865 920 3936 discip.
949 3866 985 3921 de
1011 3873 1094 3938 temp.
1121 3866 1214 3919 multis
1227 3863 1381 3919 confirmari
1393 3867 1485 3934 potest
1496 3861 1669 3917 testimoniis.
1695 3861 1813 3918 Denter.
1831 3869 1871 3929 1³,
1885 3882 1910 3918 r.
1927 3870 1950 3918 t:

139 3968 187 4010 111.
202 3965 247 4010 tot.
261 3960 340 4006 serm.
361 3958 400 4008 12.
420 3951 529 4007 scribit:
552 3954 688 4021 Tempore
707 3952 779 4005 Anti
811 3952 877 4006 risti
894 3953 960 4006 boni
976 3971 1031 4006 non
1046 3955 1094 4017 sa·
1122 3953 1155 4005 Si
1176 3950 1330 4005 surrecuit
1352 3950 1382 4002 in
1409 3948 1501 4002 medio
1525 3949 1567 4001 tui
1587 3948 1727 4018 propheta
1752 3957 1803 4003 aut
1821 3951 1874 4019 qui
1890 3967 1952 4004 sors

261 4040 334 4092 cient
361 4034 501 4092 muacula
520 4047 545 4091 et
564 4039 594 4090 in
613 4039 664 4091 hoc
683 4039 832 4108 apparebit
851 4055 946 4092 eorum
967 4046 1095 4092 constan·
1120 4039 1197 4092 nium
1220 4036 1383 4100 somrsiaoit,
1408 4042 1435 4088 et
1453 4034 1633 4104 praediceret
1649 4034 1761 4103 siquam
1781 4045 1833 4090 aut
1847 4045 1953 4107 portes

260 4126 311 4180 tia.
346 4124 391 4178 Ac
409 4122 518 4179 cernon
536 4124 564 4178 iu
582 4123 644 4178 libr.
663 4129 759 4178 contra
783 4127 888 4177 sectam
906 4140 936 4177 se
952 4122 1094 4195 flagellari·
1119 4132 1192 4190 tum,
1217 4130 1243 4176 et
1268 4122 1387 4176 evenerit
1412 4122 1489 4190 quod
1509 4120 1618 4173 locutus
1635 4128 1690 4185 est,
1716 4138 1744 4177 v.
1763 4127 1795 4178 2:
1815 4130 1843 4177 et
1861 4124 1953 4177 mes

260 4210 341 4263 tium.
357 4210 542 4280 pulcherrime
569 4208 678 4278 scribit,
706 4211 784 4277 quod
808 4213 928 4264 mrcndus
952 4227 1096 4264 senescens
1120 4211 1172 4263 tibi
1179 4230 1187 4262 .·
1206 4212 1314 4262 Eamus
1332 4215 1357 4261 et
1368 4222 1517 4277 sequanis
1533 4208 1601 4260 deos
1614 4206 1731 4271 alienos,
1750 4224 1823 4277 quos
1836 4211 1951 4278 iquoras,

258 4295 390 4364 patiatur
412 4295 584 4363 phantasias
600 4295 966 4363 solsmumssmiraculorum
983 4315 1038 4349 non
1055 4313 1094 4350 sc·
1121 4305 1146 4350 ct
1161 4296 1315 4350 suciamus
1333 4295 1388 4360 eis,
1413 4308 1439 4348 r.
1455 4296 1485 4348 3:
1504 4309 1560 4344 non
1581 4292 1682 4346 audies
1703 4295 1792 4348 uerba
1805 4297 1952 4366 prophetas

261 4398 320 4448 cris,
349 4398 385 4434 ac
411 4396 493 4433 semu
525 4381 666 4450 quispiam
692 4381 783 4434 uariis
809 4382 1096 4448 deluditursssomniss,
1121 4383 1200 4436 illi-us
1216 4389 1266 4435 aut
1279 4379 1469 4449 somniatoris,
1482 4379 1549 4449 quia
1564 4385 1651 4432 tentat
1662 4395 1711 4432 ros
1724 4380 1872 4435 Dominus
1885 4387 1950 4436 aas

261 4467 335 4520 uude
361 4466 515 4530 concludit,
543 4467 684 4520 miracula
707 4468 914 4536 utplurimum
935 4468 1096 4522 hodieesse
1120 4476 1221 4535 cester,
1245 4475 1275 4519 ut
1294 4466 1396 4535 palam
1414 4465 1485 4533 fiat,
1507 4471 1601 4517 rurum
1625 4463 1758 4531 diliqatis
1774 4484 1839 4522 eum
1858 4470 1888 4522 ia
1904 4476 1949 4522 toto

261 4560 397 4621 suspecta.
445 4552 523 4605 Idem
560 4552 589 4606 in
621 4552 737 4622 exposit.
767 4568 840 4622 pass.
870 4554 910 4607 sic
942 4555 1095 4609 concludit:
1121 4556 1207 4608 corde
1221 4560 1247 4606 et
1258 4553 1287 4606 in
1299 4559 1358 4606 tota
1370 4551 1466 4604 anima
1477 4556 1584 4616 vestm
1606 4566 1632 4605 r.
1645 4556 1675 4605 4:
1693 4552 1857 4608 Dominum
1869 4556 1948 4608 Dsso

261 4637 411 4692 Miracrda
435 4639 597 4707 praeterito
623 4638 671 4705 (ab
696 4639 827 4709 apostolis
854 4645 883 4693 et
905 4640 1053 4710 praecipue
1078 4657 1096 4696 a
1120 4647 1239 4694 oestrum
1257 4637 1408 4706 sequimini
1425 4644 1452 4690 ct
1470 4637 1562 4706 ipsum
1581 4637 1674 4690 timae
1690 4644 1716 4690 st
1731 4642 1950 4695 mandotaillies

261 4723 371 4779 Christo
390 4725 427 4779 ad
444 4724 682 4795 confirmationem
702 4724 845 4780 doctrines
862 4725 988 4781 coelestis
1001 4725 1095 4796 iacta),
1121 4725 1257 4779 antestite
1274 4731 1299 4778 et
1317 4722 1415 4776 audie
1434 4738 1526 4775 nocem
1545 4716 1614 4790 e'jus,
1634 4721 1693 4790 apsi
1711 4726 1845 4779 servictis
1864 4735 1888 4779 et
1904 4723 1950 4792 ipsi

259 4808 312 4865 tihi
332 4811 464 4879 sufficere
485 4813 596 4874 debcnt,
619 4813 647 4865 si
665 4828 699 4864 ea
716 4812 819 4866 credis.
859 4811 968 4874 Quodsi
987 4826 1020 4866 ea
1038 4831 1095 4866 uon
1121 4810 1319 4865 adhaerebitis.
1354 4807 1417 4862 Hoc
1441 4806 1535 4862 divino
1557 4807 1669 4862 oraculo
1695 4810 1849 4867 manifeste
1871 4810 1948 4882 prohi-

259 4896 367 4966 credis,
395 4914 483 4967 neque
503 4898 638 4967 profecto
660 4903 732 4950 nunc
757 4898 818 4951 illis
835 4899 920 4961 fidem
939 4897 1094 4964 adhiberes,
1120 4897 1221 4952 bentur
1240 4894 1398 4959 Israelitae,
1424 4909 1460 4948 ne
1484 4909 1517 4948 cx
1543 4891 1603 4949 solo
1626 4892 1765 4949 miraculo
1783 4897 1821 4952 de
1838 4897 1949 4952 doctum

259 5000 331 5053 quae
353 4985 465 5037 uideres
490 4992 517 5038 et
540 4984 670 5051 audires,
694 4984 749 5036 imo
770 5000 804 5037 eo
822 4991 1022 5051 contemneres,
1048 5003 1093 5038 ca·
1120 4984 1236 5053 alicujus
1255 4979 1409 5052 prophetae
1425 4984 1557 5047 statuam,
1571 4985 1895 5051 uevcsequanturcum,
1913 4979 1949 5052 qni

258 5070 375 5124 lumniis
401 5070 533 5134 afficeres
551 5077 577 5122 ct
595 5070 771 5137 reprobaras.
807 5070 874 5122 Non
893 5077 935 5122 est
953 5078 1026 5122 certe
1044 5070 1093 5123 rni-
1120 5069 1200 5140 signo
1223 5070 1406 5138 asportante
1431 5065 1552 5137 quodam
1576 5064 1782 5120 idololatricam
1811 5085 1890 5123 snam
1913 5068 1948 5119 do

258 5156 388 5209 mudum
414 5156 517 5219 ullum,
545 5155 624 5221 quod
639 5154 754 5220 firmius
778 5169 820 5207 me
836 5154 936 5221 saciat
953 5155 984 5208 in
1001 5157 1095 5208 Deum
1120 5155 1242 5210 ctriuam'
1262 5153 1421 5221 confirmat,
1450 5158 1547 5206 contm
1569 5167 1634 5206 raro
1656 5151 1811 5222 jubentur,
1836 5162 1869 5210 ut
1888 5154 1949 5208 nulls

260 5245 387 5307 credere,
414 5257 498 5310 quom
524 5242 602 5309 quod
624 5241 655 5293 in
682 5257 742 5294 eum
765 5256 800 5293 sc
818 5242 913 5309 qratia
931 5258 984 5298 sua
1001 5242 1094 5296 medo.
1120 5241 1218 5295 hahita
1239 5239 1430 5309 thaumaturgi
1453 5237 1528 5291 illius
1551 5236 1814 5311 pseudoprophetae
1839 5241 1950 5295 doctum

262 5326 338 5380 Satis
354 5328 427 5381 enim
446 5325 517 5380 mihi
533 5332 649 5391 constat,
667 5327 774 5380 nullum
792 5341 850 5379 esse
869 5329 941 5381 adeo
963 5344 1093 5394 maqnum
1120 5326 1257 5381 mandatis
1277 5323 1389 5379 Domini
1413 5322 1530 5377 firmiter
1548 5322 1720 5379 adhaereant
1738 5333 1768 5380 et
1787 5343 1883 5382 rocem
1899 5325 1948 5394 ejus

260 5410 439 5482 miscendum,
457 5412 525 5480 quin
541 5412 633 5480 ussum
652 5412 751 5466 diuina
767 5413 895 5480 potentia
912 5415 1010 5476 facere
1026 5430 1092 5482 pos·
1119 5413 1201 5468 unice
1219 5411 1433 5482 amplectantur,
1455 5407 1556 5478 quibus
1573 5408 1668 5463 serbis
1688 5411 1856 5481 exprimitur
1868 5424 1950 5466 norm
