3998 6024
743 347 745 351 .
822 280 1086 365 DRECOLESIA
1674 288 1675 292 '
1727 298 1786 357 ιιι

105 441 286 499 Cbristianas
312 439 394 508 fidei,
421 440 472 494 sed
485 438 621 512 *mapicae
646 439 719 492 artis
736 445 935 494 ostentamenta
961 441 1103 495 ιιιιιιιιιιι
1121 447 1147 496 et
1164 441 1330 495 miraculum
1340 443 1462 509 factum.
1501 441 1579 496 Tunc
1596 442 1743 514 epscopus
1755 448 1790 501 de

103 534 186 596 sunt,
204 542 276 596 quae
293 543 311 579 a
331 525 504 594 simplicibus
521 525 606 594 meari
620 525 778 579 sanctitatis
797 525 937 579 miracula
958 542 1049 596 puero
1081 526 1153 581 scita
1186 527 1301 581 unitate
1332 544 1394 581 cum
1421 526 1482 582 uiro
1508 528 1561 583 ello
1584 530 1675 598 probo
1701 530 1791 602 ipsum

104 620 296 683 acceptantur.
333 609 497 666 quciscus
521 610 556 666 de
574 608 698 666 Wctoria
723 610 814 666 relect
838 616 877 667 12.
894 609 936 666 'de
963 613 1093 666 enutrivit
1122 620 1148 667 et
1172 615 1213 666 ad
1236 618 1354 666 aetatem
1379 613 1507 668 adubam
1526 613 1556 668 in
1575 615 1653 669 bonis
1669 619 1792 674 moribus

104 705 166 754 arte
183 696 305 770 magica:
325 695 451 751 Etiamsi
467 702 584 750 utantur
602 695 725 750 homines
744 697 824 765 sipno
845 697 936 750 cruam
959 700 1093 767 perducit
1117 701 1158 753 ad
1175 698 1288 753 mamm
1304 701 1341 755 B.
1364 698 1495 767 Virginis.
1531 700 1609 755 Idem
1629 701 1793 761 Vincentius
1805 706 1851 752 ΧΠ·
1864 705 1909 752 ¹²⁸·

103 784 136 839 in
155 787 245 855 danis
268 785 385 839 edendis
405 792 431 838 et
445 783 515 839 solis
533 783 624 838 uerbis
648 782 805 852 religiosis,
830 789 939 837 tametsi
961 783 1010 839 lib.
1026 790 1050 841 6.
1065 801 1089 841 c.
1104 783 1249 850 terefora
1268 787 1345 854 quod
1359 787 1395 840 Β.
1408 784 1494 853 Virpo
1507 786 1618 841 cuidam
1630 789 1794 854 clericatur

104 872 164 927 sint
185 872 257 926 ritus
280 879 306 926 et
324 871 528 926 obseruationes
541 871 703 940 peculiares
723 876 749 923 ιι
769 869 935 923 ἀιιινπιιιια·
962 869 1116 935 infundens
1141 871 1267 939 linguam
1296 871 1358 940 ejus
1380 873 1563 942 restauravit,
1595 875 1637 927 ad
1662 874 1794 933 lectulum

105 965 153 1013 tae
172 966 197 1012 et
214 957 299 1012 certis
315 957 393 1013 Ιιοιίι
411 960 452 1011 ad
468 965 573 1011 certum
591 957 674 1011 se‘tum
699 956 858 1025 stellarum,
880 954 938 1010 sios
963 957 1037 1011 enim
1054 958 1136 1027 aegri
1149 959 1269 1028 propius
1289 959 1423 1012 accedens
1440 965 1550 1013 caserta
1573 961 1658 1014 meo
1676 963 1737 1018 uisa
1756 972 1795 1019 est

105 1053 183 1100 certo
200 1061 314 1098 numero
335 1043 457 1098 unicium
475 1051 501 1098 et
518 1043 715 1108 candelarum,
743 1043 786 1097 ita
804 1049 836 1096 ut
854 1041 938 1096 aliter
961 1043 1091 1112 protinus
1117 1044 1146 1096 in
1166 1061 1198 1099 os
1220 1045 1302 1115 aspri
1318 1044 1464 1100 immittere
1487 1053 1514 1099 ct
1537 1047 1630 1099 sancti
1647 1048 1731 1103 lactis
1748 1051 1794 1104 sui

108 1149 167 1186 non
192 1138 320 1200 sperdsm
344 1131 468 1200 effectus,
491 1135 596 1184 certum
619 1139 673 1198 est,
702 1147 758 1183 non
783 1145 841 1183 esse
865 1130 937 1182 banc
963 1145 1028 1183 rore
1057 1130 1153 1195 infuso
1185 1130 1275 1184 subito
1303 1131 1418 1201 linguae
1450 1131 1637 1201 integritatem
1664 1135 1795 1193 restituit.

107 1217 240 1289 pretium,
257 1218 309 1271 sed
324 1216 455 1284 mopiam.
492 1220 533 1270 At
549 1232 632 1287 quam
649 1215 703 1270 hoc
719 1215 749 1269 in
765 1219 872 1287 papatu
883 1214 938 1269 usi·
964 1215 1057 1272 Simile
1084 1216 1151 1286 quid
1177 1215 1212 1271 de
1229 1215 1388 1286 phrenetico
1405 1222 1601 1274 commemorat
1617 1218 1796 1293 Heudorpius

106 1305 211 1359 tatum!
240 1303 306 1374 quid
328 1299 467 1385 vulgatius
491 1301 736 1357 exercitationibus
760 1308 790 1356 et
813 1302 937 1357 incanta·
965 1302 994 1355 in
1013 1300 1125 1373 speculo
1147 1300 1295 1370 historiali,
1317 1303 1365 1373 qui
1392 1320 1455 1357 cum
1474 1303 1599 1376 quotidie
1621 1307 1649 1360 iu
1666 1307 1796 1363 honorem

108 1387 253 1445 tionibus?
273 1403 390 1459 quarum
408 1386 535 1457 exempla
551 1395 746 1443 commemorat
763 1386 893 1443 Brsntius
910 1385 940 1441 in
965 1389 1071 1444 Mariae
1096 1388 1240 1444 recitasset
1264 1389 1419 1459 angelicam
1436 1390 1644 1463 salutationem,
1670 1392 1742 1449 hanc
1760 1394 1796 1450 ab

108 1474 226 1531 confess
246 1471 434 1543 Wirteuberg.
459 1477 524 1526 tom.
545 1478 567 1527 l.
591 1490 657 1544 pag.
676 1477 735 1530 478.
758 1488 819 1542 cap.
838 1470 873 1526 de
892 1469 939 1526 ba·
966 1491 1000 1529 ea
1019 1473 1267 1530 remunerationem
1286 1474 1431 1545 acceperit,
1449 1483 1480 1530 ut
1497 1480 1662 1534 admmsam
1675 1481 1704 1534 in
1711 1481 1796 1552 pire-

109 1562 221 1633 ptismo.
260 1559 304 1616 De
322 1558 458 1630 Gregorio
469 1557 534 1615 VII.
554 1563 749 1614 commemorat
766 1558 863 1613 Benna
882 1572 941 1611 car·
966 1562 1028 1615 nesi
1046 1562 1171 1630 linquam
1190 1569 1215 1615 et
1231 1563 1335 1615 dmosa
1351 1562 1430 1616 labia
1447 1563 1535 1619 lactis
1552 1568 1598 1620 sui
1613 1567 1797 1624 instillatione

109 1647 222 1718 biudis,
239 1646 313 1718 quod
329 1646 550 1715 quandocunque
568 1645 695 1699 manicas
707 1651 850 1707 ιιιιιιιιιι,
868 1643 941 1710 ipnis
966 1648 1024 1716 ipsi
1041 1644 1195 1716 repararit.
1234 1645 1376 1703 lohannes
1397 1648 1432 1702 de
1451 1647 1630 1707 Lambsheim
1647 1654 1677 1707 iu
1688 1652 1748 1710 libr.
1763 1654 1797 1709 de

107 1736 138 1789 in
157 1749 262 1789 ιιινιιι
278 1732 464 1787 scintillarum
482 1731 637 1800 esmlierit5
656 1729 726 1785 illud
745 1728 841 1801 procul
853 1727 938 1784 dubio
966 1732 1140 1789 institutione
1158 1732 1256 1787 rorarii
1274 1732 1307 1787 B.
1326 1732 1452 1806 Virginis
1471 1737 1571 1802 refert,
1599 1740 1634 1793 Β,
1656 1739 1797 1808 Virqinem

108 1820 235 1875 miraculi
260 1819 321 1874 loco
347 1835 365 1872 a
388 1817 601 1888 simplicioribus
628 1816 683 1872 tuit
707 1815 841 1872 habitum.
880 1814 940 1871 Nec
966 1819 1122 1888 inpressam
1144 1819 1236 1885 fuisse
1260 1819 1416 1890 aliquando
1442 1825 1472 1877 s'n
1494 1824 1624 1878 cellulam
1650 1825 1797 1893 asjusdam

107 1907 161 1962 fuit
178 1905 223 1960 vel
241 1903 394 1976 monachis,
417 1903 462 1958 vel
480 1903 563 1959 etiam
581 1904 649 1974 ipsis
667 1901 845 1974 pontificibus
866 1899 938 1955 diffi-
967 1905 1097 1959 monacbi
1123 1905 1213 1959 Alani
1240 1905 1477 1979 concinnasscque
1500 1911 1527 1964 ei
1547 1927 1579 1964 eu
1602 1910 1660 1963 suis
1684 1911 1797 1980 capillis

108 1993 161 2050 cile
185 1991 255 2047 talia
271 1989 405 2045 mhacula
420 1989 515 2057 edere,
540 2006 604 2044 cum
622 1989 735 2060 plurimi
756 1989 878 2059 ipsorum
896 2004 938 2041 ar·
966 1992 1112 2046 annullum
1141 1999 1169 2045 ιι
1205 1991 1370 2045 monachum
1410 1995 1490 2049 illum
1521 1996 1577 2048 sibi
1604 1997 1797 2067 desponsasse,

108 2080 179 2135 tium
198 2078 368 2151 magicarum
383 2075 556 2146 peritissimi
554 2076 671 2141 fuerim,
689 2074 763 2147 quod
781 2073 874 2128 multis
895 2089 939 2128 ex·
967 2078 1122 2132 osculatam
1144 2077 1249 2146 fuisse,
1275 2077 1390 2133 dedisse
1414 2082 1628 2135 contrectandas
1646 2090 1671 2135 et
1689 2083 1794 2136 lactan

38 2174 90 2205 m·
78 2165 207 2245 amplis
228 2162 350 2219 mstouci
374 2161 562 2232 comprobant.
599 2167 622 2217 3
644 2161 786 2226 Quaedam
808 2166 873 2214 sunt
891 2159 939 2212 ab·
967 2166 1021 2219 das
1048 2163 1177 2234 papillas
1203 2170 1230 2217 et
1253 2164 1375 2235 denique
1401 2166 1448 2220 illi
1470 2167 1562 2232 fisisse
1586 2173 1644 2219 tam
1669 2169 1798 2232 famulia-

38 2271 88 2308 ιιι
109 2253 200 2306 surdo
218 2250 409 2320 apuliensis,
426 2247 543 2319 indigna
561 2247 631 2315 illis,
651 2245 752 2318 quibus
773 2245 940 2300 tribuuntur.
966 2267 1039 2315 rem,
1066 2258 1095 2303 ut
1121 2267 1225 2319 sponsa
1246 2249 1318 2305 solet
1343 2268 1401 2305 esse
1426 2267 1536 2320 sponso.
1579 2250 1740 2323 Discipulos
1764 2254 1798 2310 de

38 2321 95 2361 '²⁶‘
110 2337 143 2392 In
168 2336 280 2406 speculo
308 2332 442 2390 historiali
464 2332 606 2389 Vincentii
629 2332 679 2386 lib.
704 2338 729 2387 6.
753 2349 775 2385 ι.
794 2337 835 2386 87.
861 2337 889 2385 et
912 2330 940 2384 in
967 2341 1089 2406 tempore
1120 2335 1149 2388 in
1177 2334 1319 2390 miraculis
1351 2335 1456 2391 Mariae
1482 2336 1607 2407 exemplo
1637 2343 1677 2394 at.
1706 2337 1799 2409 refert

109 2420 237 2479 Stellario
264 2437 381 2477 coronas
398 2419 445 2477 lib.
466 2424 506 2475 12.
530 2436 554 2473 c.
573 2424 597 2475 3
614 2423 693 2488 parte
711 2417 760 2471 ult.
780 2432 942 2471 commemo·
968 2424 1045 2490 meod
1064 2421 1165 2475 Maria
1177 2436 1234 2489 per
1254 2422 1412 2490 quindecim
1429 2440 1515 2476 annos
1531 2425 1680 2492 cujusdam
1691 2427 1798 2480 monia·

109 2516 188 2564 ratur
206 2508 262 2564 tale
280 2506 451 2561 miraculum.
486 2505 637 2558 Abbatissa
660 2506 801 2574 macedam
817 2503 876 2568 suit
895 2504 941 2556 de·
968 2509 1005 2562 lis
1023 2507 1166 2560 Beatricis
1185 2507 1279 2560 dictae
1296 2509 1370 2562 vices
1389 2509 1419 2561 in
1435 2509 1604 2562 monasterio
1627 2511 1799 2582 mutinuerit,
1867 2514 1870 2519 '

110 2604 192 2651 uotae
211 2603 237 2650 et
253 2601 368 2649 saumae
385 2593 460 2647 ustae
478 2593 508 2646 in
526 2591 677 2661 relietum,
703 2607 775 2660 quae
792 2589 942 2642 insolentes
968 2595 1032 2662 ipsa
1052 2592 1164 2646 interim
1182 2593 1212 2646 in
1233 2594 1349 2662 publico
1367 2594 1506 2663 lupanari
1523 2595 1738 2651 scortationibus
1756 2599 1797 2652 ln-

73 2716 74 2719 =
110 2683 217 2735 acriter
230 2680 379 2751 pusacium,
399 2686 425 2732 st
443 2679 508 2733 ideo
527 2695 657 2747 mapnam
677 2676 793 2730 illarum
810 2674 941 2744 indigna·
969 2680 1106 2747 dulpcntc.
1143 2677 1185 2731 At
1210 2678 1275 2749 quis
1301 2696 1356 2734 uon
1380 2679 1531 2736 detestetur
1554 2680 1675 2737 absurda
1696 2689 1725 2738 et
1748 2702 1797 2756 pu·

108 2767 214 2821 tionem
241 2767 271 2820 in
298 2782 327 2819 se
357 2765 522 2821 concitabat
563 2763 676 2818 Accidit
702 2769 792 2815 autem
816 2763 942 2830 amdam
968 2764 1060 2820 denda
1076 2762 1130 2818 ista
1148 2770 1321 2832 commenta,
1339 2782 1410 2835 quae
1426 2782 1525 2837 parum
1545 2767 1588 2822 vel
1606 2767 1677 2823 nihss
1695 2769 1799 2825 distant

108 2852 181 2921 uice,
204 2861 234 2907 ut
257 2853 311 2908 illo
336 2852 458 2906 hilarior
475 2867 549 2921 prae
576 2850 697 2919 crapula
716 2856 743 2901 ct
762 2848 826 2902 uino
843 2850 942 2918 effecta
967 2849 1205 2920 ablasphemis
1197 2868 1229 2906 ιιι
1256 2853 1292 2906 S.·
1289 2852 1452 2923 Deiparam
1476 2853 1626 2925 projectis?
1661 2862 1685 2911 4.
1710 2857 1916 2949 0⁰⁸⁶i23¹¹i5

109 2942 151 2994 ad
176 2939 304 2994 luxuriae
328 2936 579 3007 concupiscentiam
608 2937 806 2989 accenderetur
832 2941 858 2987 et
881 2951 942 2986 cum
969 2937 1032 2992 dam
1053 2935 1187 2990 miracula
1214 2944 1280 2992 sunt
1306 2938 1414 2992 ludicra
1429 2944 1463 2993 et
1478 2940 1595 3010 puerilia
1614 2957 1632 2995 a
1652 2940 1801 3000 Christiet
1813 2961 1877 3001 ιιιη
1890 2963 1913 3001 ιι

109 3044 161 3081 suo
185 3026 318 3080 servitore
340 3023 511 3078 moechando
536 3022 693 3091 conciperet
715 3021 814 3086 filium.
861 3017 941 3072 Cum·
967 3022 1154 3093 apostolorum
1194 3022 1334 3077 miraculis
1371 3039 1454 3094 quam
1493 3025 1612 3081 maxime
1649 3026 1798 3084 dissimilia.
1812 3012 1917 3062 ΝΜ

110 3130 163 3182 que
179 3112 240 3181 ιῑιιι
255 3111 459 3182 impraepnutio
478 3117 572 3163 uentre
591 3109 783 3162 intumescente
802 3122 821 3158 a
836 3105 941 3158 monia·
967 3108 1129 3163 Barouius
1121 3125 1151 3161 ιιι
1173 3108 1319 3164 annalibus
1341 3125 1413 3162 anno
1430 3108 1531 3164 Christi
1549 3116 1608 3167 805.
1627 3130 1701 3169 num.
1719 3120 1742 3170 3.
1766 3132 1799 3170 ex

109 3198 183 3252 libus
199 3205 268 3251 esset
286 3195 410 3265 comita,
437 3203 535 3249 contra
562 3211 624 3248 eam
647 3192 811 3261 conspirant
834 3208 866 3245 eo
883 3209 941 3244 ma·
968 3193 1115 3248 annalibus
1138 3194 1311 3250 Francorum
1334 3194 1390 3249 tale
1414 3196 1513 3250 recitat
1535 3196 1708 3254 miraculum:
1740 3201 1800 3255 Rea
1894 3227 1897 3232 ·

109 3285 166 3355 pis,
184 3301 237 3353 quo
256 3284 347 3354 ipsam
368 3283 487 3335 oderant
501 3288 622 3350 propter
636 3278 776 3350 pristinas
794 3278 940 3332 consate-
968 3288 993 3334 ιι
1014 3280 1173 3350 imperator
1196 3280 1319 3335 Carolus
1342 3299 1395 3351 pro
1419 3297 1496 3336 more
1520 3284 1663 3337 cenationi
1688 3287 1802 3340 deditus

107 3388 158 3425 nes
178 3371 313 3439 ipsarum,
331 3368 508 3435 recolantque
516 3367 626 3431 factum
645 3372 672 3418 et
689 3363 781 3418 literis
795 3370 821 3418 ct
837 3364 941 3417 nuntiis
967 3367 1038 3422 locis
1069 3367 1173 3421 vicinis
1207 3367 1352 3421 venationi
1380 3368 1457 3437 aptis
1487 3368 1649 3424 exturbabat
1683 3372 1802 3427 rabidas

109 3458 258 3511 aduentum
289 3454 415 3523 episcopi
442 3452 604 3522 requirunt,
636 3459 665 3504 ut
692 3467 755 3504 cum
777 3449 941 3516 confusione
966 3456 1048 3519 feras
1069 3472 1088 3507 a
1108 3455 1167 3509 suis
1185 3454 1318 3523 saltibus,
1343 3454 1417 3508 inter
1434 3472 1504 3525 quaa
1522 3455 1612 3509 mirac
1631 3459 1800 3526 mapnitudi·

109 3545 269 3613 deponatur
287 3549 313 3594 ιι
330 3557 344 3594 ι
363 3540 488 3593 claustro
507 3539 648 3607 ejiciatur.
677 3535 846 3590 Praesciens
858 3537 941 3589 abba·
967 3542 1012 3595 nis
1028 3559 1129 3595 ursssm
1148 3542 1313 3611 mesquitam
1340 3542 1389 3610 cui
1403 3541 1469 3610 jam
1487 3542 1574 3597 multo
1592 3544 1685 3613 spatio
1702 3546 1799 3612 uictus,

110 3631 181 3682 tissa
200 3629 347 3681 adventum
365 3625 491 3695 episcopi
508 3624 635 3693 inpressa
655 3623 812 3677 oratorium
825 3623 862 3678 B.
881 3621 941 3675 Vir·
968 3646 1029 3681 oum
1060 3629 1172 3682 asellum
1199 3635 1269 3681 ιιιιι
1298 3627 1430 3697 effugium
1458 3629 1582 3698 undique
1610 3632 1717 3701 campis
1743 3633 1799 3687 late
1903 3632 1906 3636 ’

108 3714 185 3783 pinis
212 3719 271 3767 tota
288 3714 415 3782 profusa
436 3709 564 3765 lacrimis
585 3709 627 3762 sic
650 3708 775 3762 dicebat:
801 3707 941 3762 Obeatis·
965 3714 1128 3784 polemitas
1151 3730 1186 3767 ae
1211 3720 1324 3767 mmmm
1350 3713 1534 3769 imminentem
1556 3716 1671 3786 jamque
1690 3719 1799 3788 capim.
1901 3720 1905 3739 ¹

109 3800 183 3855 mmo
205 3801 305 3870 Virgo,
332 3806 363 3852 tu
386 3814 415 3851 es
432 3796 577 3865 resupium
596 3801 791 3864 peccatorum,
814 3794 942 3862 adjacit
968 3801 1022 3852 dus
1047 3799 1156 3853 cremis
1180 3800 1307 3869 diffamet
1326 3800 1459 3870 fletibus,
1483 3819 1608 3871 propere
1626 3821 1711 3857 murus
1727 3813 1800 3860 resto

109 3887 141 3941 in
159 3887 236 3940 omni
251 3885 438 3947 tribulatione,
456 3882 607 3937 conddera
623 3897 695 3935 nunc
714 3881 860 3933 instantem
878 3897 940 3935 cou-
968 3885 1112 3938 contendit
1133 3885 1302 3939 Marcellam
1325 3893 1353 3939 et
1375 3886 1405 3939 in
1430 3886 1459 3943 S.
1487 3887 1646 3943 Salvatoris
1672 3889 1802 3961 irrumpit

110 3973 249 4039 fusionem
267 3987 364 4025 meam.
400 3970 466 4023 Non
485 3969 559 4022 enim
576 3984 635 4021 sum
653 3967 741 4034 digna
759 3982 793 4019 es
804 3967 941 4030 foeditas
967 3970 1127 4035 ecclesiam,
1154 3970 1203 4025 ubi
1228 3980 1285 4026 tum
1303 3987 1349 4025 res
1367 3973 1497 4042 contigit,
1522 3990 1606 4042 ᾳιιιιπι
1623 3976 1748 4043 facilius
1765 3978 1802 4031 sit

107 4059 221 4130 pcccati
236 4060 292 4112 mei
307 4058 439 4111 accedere
457 4057 499 4108 ad
516 4062 591 4108 tuam
607 4054 809 4123 praesentiam,
828 4055 879 4107 sed
895 4071 939 4107 su·
967 4057 1113 4110 admirari
1139 4074 1224 4126 quam
1250 4057 1352 4125 eloqui.
1387 4059 1463 4112 Nam
1487 4060 1568 4113 Deus
1592 4060 1654 4129 qui,
1679 4067 1710 4114 ut
1733 4061 1800 4114 scri·

107 4148 289 4217 perabundat
313 4152 362 4199 tua
385 4141 546 4205 clementia,
577 4141 626 4194 ubi
652 4141 778 4194 abundat
801 4140 940 4196 delictum.
963 4149 1045 4210 ptum
1061 4149 1111 4211 est,
1127 4142 1252 4197 homines
1268 4141 1362 4195 salvat
1381 4149 1405 4195 ct
1420 4143 1559 4214 jumenta,
1577 4144 1718 4200 bestialem
1733 4163 1800 4216 cuo·

111 4234 152 4288 Et
178 4232 218 4286 sic
243 4232 370 4301 fatigata
400 4228 527 4283 lacrimis
552 4227 717 4282 obdormivit
740 4234 765 4280 et
789 4226 818 4279 in
841 4243 940 4297 sopore
968 4230 1120 4283 dammodo
1161 4229 1224 4282 ursi
1259 4244 1368 4282 sensum
1405 4232 1574 4298 permutauit
1608 4232 1798 4302 rationemque

111 4321 200 4375 eidem
219 4322 256 4374 B.
282 4319 366 4386 Virgo
387 4315 524 4385 apparuit
543 4316 655 4368 dicens.-
675 4316 741 4367 Non
759 4320 800 4367 est
818 4315 883 4383 fas,
902 4322 941 4383 ut,
967 4316 1111 4385 quandam
1135 4315 1315 4385 intelligendi
1334 4314 1363 4368 in
1388 4331 1420 4368 co
1437 4317 1585 4382 fumauit.
1625 4319 1700 4371 Erat
1726 4320 1800 4373 enim

111 4426 172 4462 cum
190 4408 242 4461 sim
260 4407 399 4459 advocata
416 4407 607 4472 peccatorum,
631 4402 765 4456 contritos
790 4402 875 4455 cmde
893 4403 939 4454 dc·
966 4417 1079 4455 cernere
1100 4418 1193 4470 prope
1218 4403 1334 4471 lipsana
1360 4418 1460 4454 sacrae
1481 4401 1597 4468 circinus
1622 4420 1683 4456 cum
1705 4421 1735 4458 se
1755 4406 1796 4459 in·

109 4511 216 4563 seram,
242 4499 268 4547 et
288 4491 352 4544 ideo
376 4489 483 4544 obtinui
499 4488 551 4541 tibi
568 4482 588 4540 a
599 4487 665 4557 filio
681 4504 741 4541 neco
759 4493 939 4557 peccatorum
965 4489 1043 4549 serre
1070 4494 1096 4541 et
1120 4487 1172 4540 sub
1189 4495 1268 4541 tanta
1286 4486 1462 4556 protectione
1481 4504 1500 4540 a
1519 4489 1637 4556 strepitu
1655 4487 1796 4559 insequen-

109 4580 301 4635 remissiouem
315 4585 340 4632 et
352 4575 529 4644 confusionis
541 4574 739 4629 liberationem.
761 4576 838 4628 Tunc
856 4573 940 4642 Virpo
966 4575 1034 4626 tium
1051 4588 1113 4626 eum
1130 4590 1257 4627 securum
1273 4572 1463 4641 procumbere,
1483 4572 1585 4626 danda
1604 4574 1717 4628 oblitum
1727 4577 1797 4640 feri·

106 4668 252 4738 praecepit
272 4665 379 4719 duobus
395 4660 506 4731 angelis
523 4662 710 4730 adstantibus,
729 4667 759 4715 ut
775 4677 857 4715 onere
871 4677 938 4729 pro·
967 4660 1033 4714 tatis
1048 4674 1116 4711 suas
1131 4659 1208 4727 fleca
1225 4658 1329 4712 ceruice
1347 4657 1536 4726 ssdmsssooue
1553 4657 1797 4733 bumilitcrcapite

109 4756 147 4810 lis
171 4771 233 4808 eam
261 4755 443 4806 eaonerarent
468 4754 493 4801 ιι
519 4746 609 4811 filium
631 4747 745 4800 cuidam
766 4748 853 4817 probo
878 4747 939 4801 uiro
966 4744 1224 4800 sanctimonialium
1247 4743 1455 4798 advenientium
1477 4744 1595 4812 uesdpia
1617 4745 1738 4801 lambere
1763 4767 1797 4803 ac

105 4846 255 4911 portarent
278 4854 334 4908 per
358 4836 478 4907 quinutu
497 4849 586 4887 annos
605 4833 807 4886 enutriendum.
842 4831 939 4900 Eripi-
967 4848 1042 4886 more
1066 4830 1270 4885 lascimcntium
1292 4829 1449 4884 catulorum
1468 4831 1593 4884 omnibus
1610 4832 1749 4898 blandiri,
1771 4843 1798 4890 et

108 4930 174 4983 lans
199 4925 340 4981 abbatissa
369 4921 473 4976 inuenit
501 4937 530 4974 se
555 4920 700 4991 priuatam
724 4918 939 4989 promomine,
965 4921 1017 4973 boc
1038 4919 1101 4987 ipso
1124 4917 1195 4970 satis
1212 4916 1357 4984 indicare,
1377 4932 1406 4970 se
1423 4916 1515 4980 fuisse
1534 4918 1680 4982 defensum
1696 4927 1795 4987 patre·

107 5024 132 5069 et
151 5031 211 5068 ecce
227 5012 392 5066 adveniente
410 5009 540 5080 episcopo
561 5009 699 5060 audacter
717 5007 839 5060 occurrit
854 5007 938 5060 bono·
966 5006 1040 5060 cinio
1057 5004 1193 5072 famulae
1218 5003 1289 5071 Dei,
1314 5004 1493 5073 ejusdemque
1515 5005 1646 5074 deinceps
1660 5014 1796 5074 paratum

107 5102 200 5167 refice,
225 5099 275 5168 qui
295 5096 435 5167 repellens
458 5111 517 5148 com
543 5111 605 5147 cum
632 5092 785 5162 opprobrio
803 5093 939 5161 damper
965 5108 1024 5145 esse
1043 5091 1149 5145 seruus
1167 5090 1305 5158 obsequia
1319 5098 1368 5143 etc.
1402 5091 1525 5158 Tumque
1540 5108 1624 5143 urstis
1642 5092 1798 5160 esylvestri

107 5188 237 5240 bonmtas
265 5198 402 5255 personas
434 5180 609 5249 (Vincentius
636 5179 729 5246 addit,
758 5178 845 5234 fuisse
870 5180 938 5234 duos
965 5178 1055 5247 coepit
1075 5194 1134 5232 esse
1152 5176 1317 5230 domesticus
1334 5182 1361 5229 et
1380 5176 1410 5229 in
1426 5176 1565 5245 reliquum
1581 5179 1662 5245 apud
1673 5179 1795 5246 ejsudem

107 5273 233 5338 ciericos)
253 5273 289 5326 de
307 5270 484 5323 domatione
501 5267 655 5337 requireret
668 5266 819 5329 ueritatem,
833 5268 937 5320 munda
965 5264 1022 5318 loci
1044 5263 1273 5318 sanctimoniales
1296 5280 1353 5316 non
1371 5262 1457 5316 aliter
1473 5260 1553 5329 uicit,
1578 5279 1661 5331 quom
1680 5266 1794 5321 abillis

107 5359 287 5430 comperitur,
310 5371 425 5425 mosque
449 5355 595 5424 episcopus
611 5354 720 5407 ueniam
734 5352 818 5422 petiit
835 5360 860 5405 et
877 5370 938 5405 cum
958 5352 1058 5421 jussus
1089 5357 1166 5403 esset.
1200 5347 1344 5403 lohannes
1373 5347 1545 5420 Capgravius
1570 5348 1600 5402 in
1625 5350 1732 5421 legend.
1758 5351 1794 5409 de

107 5445 246 5500 moniales
264 5443 369 5514 punire
391 5440 474 5496 osllct
493 5446 612 5509 propter
638 5438 851 5503 infamationem
868 5440 940 5508 eius,
964 5437 1068 5492 sanctis
1094 5434 1262 5493 Britannicis
1288 5435 1318 5490 in
1343 5435 1402 5490 rita
1428 5434 1455 5491 S.
1481 5434 1547 5490 eidi
1575 5443 1683 5504 narrat,
1716 5441 1794 5509 quod

107 5531 252 5588 abbatissa
282 5528 411 5600 episcopo
439 5533 466 5581 st
490 5525 521 5579 in
551 5523 728 5589 consessione
754 5524 867 5594 aperuit
893 5526 938 5579 rei
963 5532 1074 5581 sanctus
1099 5523 1149 5578 ilic
1174 5530 1236 5581 octo
1262 5522 1337 5592 lupis
1366 5522 1547 5577 audaeibus
1578 5531 1639 5578 aas
1668 5524 1791 5609 ιιιιιιιιιι
