<?xml version="1.0" encoding="UTF-8"?>
<!DOCTYPE html PUBLIC "-//W3C//DTD XHTML 1.0 Transitional//EN"
    "http://www.w3.org/TR/xhtml1/DTD/xhtml1-transitional.dtd">
<html xmlns="http://www.w3.org/1999/xhtml" xml:lang="en" lang="en">
 <head>
  <title>
</title>
<meta http-equiv="Content-Type" content="text/html;charset=utf-8" />
  <meta name='ocr-system' content='tesseract 3.04.00' />
  <meta name='ocr-capabilities' content='ocr_page ocr_carea ocr_par ocr_line ocrx_word'/>
</head>
<body>
  <div class='ocr_page' id='page_1' title='image "./lta-11000/locitheologicit03gerhgoog/locitheologicit03gerhgoog_0503.png"; bbox 0 0 3998 6024; ppageno 0'>
   <div class='ocr_carea' id='block_1_1' title="bbox 257 272 1386 340">
    <p class='ocr_par' dir='ltr' id='par_1_1' title="bbox 257 272 1386 340">
     <span class='ocr_line' id='line_1_1' title="bbox 257 272 1386 340; baseline -0.006 -2"><span class='ocrx_word' id='word_1_1' title='bbox 257 282 317 340; x_wconf 71' lang='lat'><strong>402</strong></span> <span class='ocrx_word' id='word_1_2' title='bbox 822 273 944 330; x_wconf 76' lang='lat' dir='ltr'><strong>[ocus</strong></span> <span class='ocrx_word' id='word_1_3' title='bbox 962 272 1166 330; x_wconf 76' lang='lat' dir='ltr'><strong>vlcasmus</strong></span> <span class='ocrx_word' id='word_1_4' title='bbox 1186 272 1386 332; x_wconf 81' lang='lat' dir='ltr'>SECUNDUS</span> 
     </span>
    </p>
   </div>
   <div class='ocr_carea' id='block_1_2' title="bbox 120 428 1989 5578">
    <p class='ocr_par' dir='ltr' id='par_1_2' title="bbox 120 428 1989 5578">
     <span class='ocr_line' id='line_1_2' title="bbox 255 428 1953 500; baseline 0.002 -18"><span class='ocrx_word' id='word_1_5' title='bbox 255 429 401 497; x_wconf 83' lang='lat' dir='ltr'><strong>acclesiae,</strong></span> <span class='ocrx_word' id='word_1_6' title='bbox 426 443 499 498; x_wconf 85' lang='lat' dir='ltr'><strong>quae</strong></span> <span class='ocrx_word' id='word_1_7' title='bbox 523 445 627 482; x_wconf 88' lang='lat' dir='ltr'><strong>morem</strong></span> <span class='ocrx_word' id='word_1_8' title='bbox 644 429 700 482; x_wconf 85' lang='lat' dir='ltr'><strong>sihi</strong></span> <span class='ocrx_word' id='word_1_9' title='bbox 716 429 871 499; x_wconf 66' lang='lat' dir='ltr'><strong>amsquim</strong></span> <span class='ocrx_word' id='word_1_10' title='bbox 887 429 1024 482; x_wconf 84' lang='lat' dir='ltr'><strong>traditstm</strong></span> <span class='ocrx_word' id='word_1_11' title='bbox 1043 446 1089 482; x_wconf 90' lang='lat' dir='ltr'><strong>cu·</strong></span> <span class='ocrx_word' id='word_1_12' title='bbox 1116 428 1211 483; x_wconf 85' lang='lat' dir='ltr'><strong>urbem</strong></span> <span class='ocrx_word' id='word_1_13' title='bbox 1228 430 1348 487; x_wconf 80' lang='lat' dir='ltr'><em>Romam</em></span> <span class='ocrx_word' id='word_1_14' title='bbox 1370 433 1451 500; x_wconf 84' lang='lat' dir='ltr'><strong>apud</strong></span> <span class='ocrx_word' id='word_1_15' title='bbox 1463 431 1676 500; x_wconf 73' lang='lat' dir='ltr'><strong>hlimosolpmas</strong></span> <span class='ocrx_word' id='word_1_16' title='bbox 1696 430 1953 488; x_wconf 74' lang='lat' dir='ltr'><strong>sacerdotiumrits</strong></span> 
     </span>
     <span class='ocr_line' id='line_1_3' title="bbox 254 515 1952 586; baseline 0.003 -18"><span class='ocrx_word' id='word_1_17' title='bbox 254 517 420 583; x_wconf 83' lang='lat' dir='ltr'><strong>stocls‘chant,</strong></span> <span class='ocrx_word' id='word_1_18' title='bbox 440 516 539 584; x_wconf 83' lang='lat' dir='ltr'><strong>quibsss</strong></span> <span class='ocrx_word' id='word_1_19' title='bbox 553 533 613 568; x_wconf 88' lang='lat' dir='ltr'><strong>cum</strong></span> <span class='ocrx_word' id='word_1_20' title='bbox 622 517 857 584; x_wconf 85' lang='lat' dir='ltr'><strong>praedecessores</strong></span> <span class='ocrx_word' id='word_1_21' title='bbox 872 517 1089 569; x_wconf 87' lang='lat' dir='ltr'><strong>communionem</strong></span> <span class='ocrx_word' id='word_1_22' title='bbox 1117 515 1271 569; x_wconf 84' lang='lat' dir='ltr'><strong>institutum</strong></span> <span class='ocrx_word' id='word_1_23' title='bbox 1287 516 1385 583; x_wconf 82' lang='lat' dir='ltr'><strong>fuisse</strong></span> <span class='ocrx_word' id='word_1_24' title='bbox 1404 517 1514 586; x_wconf 84' lang='lat' dir='ltr'><strong>liquido</strong></span> <span class='ocrx_word' id='word_1_25' title='bbox 1533 518 1650 586; x_wconf 80' lang='lat' dir='ltr'><strong>liqueat.</strong></span> <span class='ocrx_word' id='word_1_26' title='bbox 1690 516 1800 573; x_wconf 81' lang='lat' dir='ltr'><strong>Eodem</strong></span> <span class='ocrx_word' id='word_1_27' title='bbox 1814 517 1899 573; x_wconf 87' lang='lat' dir='ltr'><strong>modo</strong></span> <span class='ocrx_word' id='word_1_28' title='bbox 1915 516 1952 573; x_wconf 82' lang='lat' dir='ltr'><strong>iu·</strong></span> 
     </span>
     <span class='ocr_line' id='line_1_4' title="bbox 255 599 1951 672; baseline 0.002 -18"><span class='ocrx_word' id='word_1_29' title='bbox 255 601 425 666; x_wconf 75' lang='lat' dir='ltr'><strong><em>habuerant,</em></strong></span> <span class='ocrx_word' id='word_1_30' title='bbox 451 618 501 656; x_wconf 84' lang='lat' dir='ltr'><strong>nac</strong></span> <span class='ocrx_word' id='word_1_31' title='bbox 522 602 616 671; x_wconf 86' lang='lat' dir='ltr'><strong>potuit</strong></span> <span class='ocrx_word' id='word_1_32' title='bbox 642 603 795 656; x_wconf 79' lang='lat' dir='ltr'><strong>Anaclctsss</strong></span> <span class='ocrx_word' id='word_1_33' title='bbox 818 602 966 671; x_wconf 85' lang='lat' dir='ltr'><strong>episcopus</strong></span> <span class='ocrx_word' id='word_1_34' title='bbox 986 604 1089 656; x_wconf 82' lang='lat' dir='ltr'><strong>liema-</strong></span> <span class='ocrx_word' id='word_1_35' title='bbox 1116 599 1297 672; x_wconf 83' lang='lat' dir='ltr'><strong>telligeudum</strong></span> <span class='ocrx_word' id='word_1_36' title='bbox 1311 601 1388 672; x_wconf 85' lang='lat' dir='ltr'><strong>quod</strong></span> <span class='ocrx_word' id='word_1_37' title='bbox 1407 601 1533 658; x_wconf 81' lang='lat' dir='ltr'><strong>Romana</strong></span> <span class='ocrx_word' id='word_1_38' title='bbox 1551 603 1668 658; x_wconf 84' lang='lat' dir='ltr'><strong>ecelesia</strong></span> <span class='ocrx_word' id='word_1_39' title='bbox 1685 602 1726 659; x_wconf 88' lang='lat' dir='ltr'><strong>sit</strong></span> <span class='ocrx_word' id='word_1_40' title='bbox 1742 603 1833 657; x_wconf 79' lang='lat' dir='ltr'><strong>radia</strong></span> <span class='ocrx_word' id='word_1_41' title='bbox 1850 611 1879 657; x_wconf 82' lang='lat' dir='ltr'><strong>et</strong></span> <span class='ocrx_word' id='word_1_42' title='bbox 1899 620 1951 657; x_wconf 71' lang='lat' dir='ltr'><strong>ma</strong></span> 
     </span>
     <span class='ocr_line' id='line_1_5' title="bbox 255 686 1953 760; baseline 0.002 -20"><span class='ocrx_word' id='word_1_43' title='bbox 255 706 308 740; x_wconf 88' lang='lat' dir='ltr'><strong>mus</strong></span> <span class='ocrx_word' id='word_1_44' title='bbox 330 688 492 756; x_wconf 76' lang='lat' dir='ltr'><strong>Polycarpo</strong></span> <span class='ocrx_word' id='word_1_45' title='bbox 512 690 702 756; x_wconf 82' lang='lat' dir='ltr'><strong>persuadere,</strong></span> <span class='ocrx_word' id='word_1_46' title='bbox 725 695 756 740; x_wconf 84' lang='lat' dir='ltr'><strong>ut</strong></span> <span class='ocrx_word' id='word_1_47' title='bbox 775 705 856 741; x_wconf 87' lang='lat' dir='ltr'><strong>suum</strong></span> <span class='ocrx_word' id='word_1_48' title='bbox 870 688 980 756; x_wconf 87' lang='lat' dir='ltr'><strong>paseha</strong></span> <span class='ocrx_word' id='word_1_49' title='bbox 998 689 1089 742; x_wconf 86' lang='lat' dir='ltr'><strong>obser·</strong></span> <span class='ocrx_word' id='word_1_50' title='bbox 1116 686 1172 739; x_wconf 82' lang='lat' dir='ltr'><strong>tric</strong></span> <span class='ocrx_word' id='word_1_51' title='bbox 1196 687 1329 742; x_wconf 77' lang='lat' dir='ltr'><strong>ccclesiae</strong></span> <span class='ocrx_word' id='word_1_52' title='bbox 1354 688 1522 755; x_wconf 88' lang='lat' dir='ltr'><strong>catholicae,</strong></span> <span class='ocrx_word' id='word_1_53' title='bbox 1549 687 1679 744; x_wconf 85' lang='lat' dir='ltr'><strong>nimirum</strong></span> <span class='ocrx_word' id='word_1_54' title='bbox 1704 688 1772 760; x_wconf 84' lang='lat' dir='ltr'><strong>quia</strong></span> <span class='ocrx_word' id='word_1_55' title='bbox 1795 688 1886 745; x_wconf 82' lang='lat' dir='ltr'><strong>Roma</strong></span> <span class='ocrx_word' id='word_1_56' title='bbox 1904 689 1953 743; x_wconf 81' lang='lat' dir='ltr'><strong>tuis</strong></span> 
     </span>
     <span class='ocr_line' id='line_1_6' title="bbox 254 771 1952 845; baseline 0.002 -18"><span class='ocrx_word' id='word_1_57' title='bbox 254 775 343 828; x_wconf 74' lang='lat' dir='ltr'><strong>mndi</strong></span> <span class='ocrx_word' id='word_1_58' title='bbox 363 791 466 828; x_wconf 86' lang='lat' dir='ltr'><strong>morem</strong></span> <span class='ocrx_word' id='word_1_59' title='bbox 491 774 527 826; x_wconf 86' lang='lat' dir='ltr'><strong>ab</strong></span> <span class='ocrx_word' id='word_1_60' title='bbox 550 774 668 827; x_wconf 87' lang='lat' dir='ltr'><strong>ccclesia</strong></span> <span class='ocrx_word' id='word_1_61' title='bbox 691 776 821 828; x_wconf 81' lang='lat' dir='ltr'><strong>Romana</strong></span> <span class='ocrx_word' id='word_1_62' title='bbox 845 775 985 827; x_wconf 81' lang='lat' dir='ltr'><strong>diuersum</strong></span> <span class='ocrx_word' id='word_1_63' title='bbox 1005 776 1089 844; x_wconf 84' lang='lat' dir='ltr'><strong>depo·</strong></span> <span class='ocrx_word' id='word_1_64' title='bbox 1117 771 1216 827; x_wconf 79' lang='lat' dir='ltr'><strong>ltaliae</strong></span> <span class='ocrx_word' id='word_1_65' title='bbox 1234 773 1394 844; x_wconf 80' lang='lat' dir='ltr'><strong>metropolis</strong></span> <span class='ocrx_word' id='word_1_66' title='bbox 1411 780 1440 828; x_wconf 92' lang='lat' dir='ltr'><strong>et</strong></span> <span class='ocrx_word' id='word_1_67' title='bbox 1459 774 1567 844; x_wconf 87' lang='lat' dir='ltr'><strong>imperii</strong></span> <span class='ocrx_word' id='word_1_68' title='bbox 1584 775 1681 842; x_wconf 80' lang='lat' dir='ltr'><strong>sedes,</strong></span> <span class='ocrx_word' id='word_1_69' title='bbox 1703 774 1774 829; x_wconf 85' lang='lat' dir='ltr'><strong>alias</strong></span> <span class='ocrx_word' id='word_1_70' title='bbox 1791 774 1952 845; x_wconf 78' lang='lat' dir='ltr'><strong>simpliciter</strong></span> 
     </span>
     <span class='ocr_line' id='line_1_7' title="bbox 254 854 1952 932; baseline -0.001 -18"><span class='ocrx_word' id='word_1_71' title='bbox 254 867 338 915; x_wconf 86' lang='lat' dir='ltr'><strong>neret.</strong></span> <span class='ocrx_word' id='word_1_72' title='bbox 380 859 455 930; x_wconf 83' lang='lat' dir='ltr'><strong>Ergo</strong></span> <span class='ocrx_word' id='word_1_73' title='bbox 478 875 530 914; x_wconf 89' lang='lat' dir='ltr'><strong>nec</strong></span> <span class='ocrx_word' id='word_1_74' title='bbox 555 859 727 930; x_wconf 86' lang='lat' dir='ltr'><strong>Polycarpua</strong></span> <span class='ocrx_word' id='word_1_75' title='bbox 749 861 910 930; x_wconf 87' lang='lat' dir='ltr'><strong>episcopum</strong></span> <span class='ocrx_word' id='word_1_76' title='bbox 933 860 1089 914; x_wconf 87' lang='lat' dir='ltr'><strong>Romanum</strong></span> <span class='ocrx_word' id='word_1_77' title='bbox 1116 865 1144 912; x_wconf 91' lang='lat' dir='ltr'><strong>et</strong></span> <span class='ocrx_word' id='word_1_78' title='bbox 1161 858 1287 914; x_wconf 91' lang='lat' dir='ltr'><strong>absolute</strong></span> <span class='ocrx_word' id='word_1_79' title='bbox 1306 858 1340 914; x_wconf 91' lang='lat' dir='ltr'><strong>de</strong></span> <span class='ocrx_word' id='word_1_80' title='bbox 1359 859 1477 916; x_wconf 87' lang='lat' dir='ltr'><strong>eeclesia</strong></span> <span class='ocrx_word' id='word_1_81' title='bbox 1494 860 1529 916; x_wconf 89' lang='lat' dir='ltr'><strong>N.</strong></span> <span class='ocrx_word' id='word_1_82' title='bbox 1549 859 1583 915; x_wconf 90' lang='grc' dir='ltr'><strong>Τ.</strong></span> <span class='ocrx_word' id='word_1_83' title='bbox 1601 854 1952 932; x_wconf 68' lang='lat' dir='ltr'><strong>loquendo&#39;Hierosolyma</strong></span> 
     </span>
     <span class='ocr_line' id='line_1_8' title="bbox 253 943 1950 1018; baseline 0 -18"><span class='ocrx_word' id='word_1_84' title='bbox 253 963 304 1018; x_wconf 90' lang='lat' dir='ltr'><strong>pro</strong></span> <span class='ocrx_word' id='word_1_85' title='bbox 329 943 469 1000; x_wconf 79' lang='lat' dir='ltr'><strong>infallibili</strong></span> <span class='ocrx_word' id='word_1_86' title='bbox 491 945 582 1015; x_wconf 86' lang='lat' dir='ltr'><strong>capite</strong></span> <span class='ocrx_word' id='word_1_87' title='bbox 608 946 730 1017; x_wconf 80' lang='lat' dir='ltr'><strong>agnovit</strong></span> <span class='ocrx_word' id='word_1_88' title='bbox 771 945 903 1000; x_wconf 85' lang='lat' dir='ltr'><strong>Erasmus</strong></span> <span class='ocrx_word' id='word_1_89' title='bbox 926 945 1089 1015; x_wconf 76' lang='lat' dir='ltr'><strong>praetutia</strong></span> <span class='ocrx_word' id='word_1_90' title='bbox 1116 951 1158 998; x_wconf 89' lang='lat' dir='ltr'><strong>est</strong></span> <span class='ocrx_word' id='word_1_91' title='bbox 1175 950 1264 1000; x_wconf 85' lang='lat' dir='ltr'><strong>mater</strong></span> <span class='ocrx_word' id='word_1_92' title='bbox 1283 945 1407 1000; x_wconf 89' lang='lat' dir='ltr'><strong>omnium</strong></span> <span class='ocrx_word' id='word_1_93' title='bbox 1424 947 1611 1002; x_wconf 82' lang='lat' dir='ltr'><strong>ecclesiaram</strong></span> <span class='ocrx_word' id='word_1_94' title='bbox 1649 945 1847 1003; x_wconf 81' lang='lat' dir='ltr'><strong>Theodoratus</strong></span> <span class='ocrx_word' id='word_1_95' title='bbox 1867 945 1914 1003; x_wconf 87' lang='lat' dir='ltr'><strong>lib.</strong></span> <span class='ocrx_word' id='word_1_96' title='bbox 1929 954 1950 1001; x_wconf 80' lang='lat'><strong>⁵.</strong></span> 
     </span>
     <span class='ocr_line' id='line_1_9' title="bbox 254 1029 1950 1101; baseline 0.002 -16"><span class='ocrx_word' id='word_1_97' title='bbox 254 1031 301 1085; x_wconf 89' lang='lat' dir='ltr'><strong>lib.</strong></span> <span class='ocrx_word' id='word_1_98' title='bbox 320 1031 406 1088; x_wconf 78' lang='lat' dir='ltr'><strong>iren:</strong></span> <span class='ocrx_word' id='word_1_99' title='bbox 426 1029 565 1085; x_wconf 86' lang='lat' dir='ltr'><strong>Irenacus</strong></span> <span class='ocrx_word' id='word_1_100' title='bbox 579 1033 727 1101; x_wconf 72' lang='lat' dir='ltr'><strong><em>presbyter</em></strong></span> <span class='ocrx_word' id='word_1_101' title='bbox 748 1033 881 1085; x_wconf 87' lang='lat' dir='ltr'><strong>ccclesias</strong></span> <span class='ocrx_word' id='word_1_102' title='bbox 892 1032 1089 1099; x_wconf 81' lang='lat' dir='ltr'><strong>Lupdunensis</strong></span> <span class='ocrx_word' id='word_1_103' title='bbox 1109 1037 1138 1084; x_wconf 81' lang='lat' dir='ltr'><strong>‘a</strong></span> <span class='ocrx_word' id='word_1_104' title='bbox 1162 1035 1185 1084; x_wconf 89' lang='lat' dir='ltr'><strong>o.</strong></span> <span class='ocrx_word' id='word_1_105' title='bbox 1209 1031 1276 1101; x_wconf 87' lang='lat' dir='ltr'><strong>quis</strong></span> <span class='ocrx_word' id='word_1_106' title='bbox 1300 1046 1334 1085; x_wconf 84' lang='lat' dir='ltr'><strong>ex</strong></span> <span class='ocrx_word' id='word_1_107' title='bbox 1352 1030 1418 1087; x_wconf 84' lang='lat' dir='ltr'><strong>Sion</strong></span> <span class='ocrx_word' id='word_1_108' title='bbox 1436 1033 1520 1087; x_wconf 75' lang='lat' dir='ltr'><strong>euicit</strong></span> <span class='ocrx_word' id='word_1_109' title='bbox 1537 1033 1582 1086; x_wconf 84' lang='lat' dir='ltr'><strong>lea</strong></span> <span class='ocrx_word' id='word_1_110' title='bbox 1602 1042 1629 1087; x_wconf 84' lang='lat' dir='ltr'><strong>at</strong></span> <span class='ocrx_word' id='word_1_111' title='bbox 1644 1034 1759 1088; x_wconf 84' lang='lat' dir='ltr'><strong>corbum</strong></span> <span class='ocrx_word' id='word_1_112' title='bbox 1781 1034 1903 1087; x_wconf 81' lang='lat' dir='ltr'><strong>Domini</strong></span> <span class='ocrx_word' id='word_1_113' title='bbox 1918 1036 1950 1088; x_wconf 86' lang='lat' dir='ltr'><strong>ds</strong></span> 
     </span>
     <span class='ocr_line' id='line_1_10' title="bbox 253 1116 1949 1188; baseline 0.002 -17"><span class='ocrx_word' id='word_1_114' title='bbox 253 1120 295 1171; x_wconf 81' lang='lat' dir='ltr'><strong>acl</strong></span> <span class='ocrx_word' id='word_1_115' title='bbox 319 1120 538 1186; x_wconf 81' lang='lat' dir='ltr'><strong>componendum</strong></span> <span class='ocrx_word' id='word_1_116' title='bbox 562 1118 638 1172; x_wconf 82' lang='lat' dir='ltr'><strong>illud</strong></span> <span class='ocrx_word' id='word_1_117' title='bbox 656 1119 806 1172; x_wconf 84' lang='lat' dir='ltr'><strong>dissidium</strong></span> <span class='ocrx_word' id='word_1_118' title='bbox 823 1119 942 1172; x_wconf 83' lang='lat' dir='ltr'><em>Romam</em></span> <span class='ocrx_word' id='word_1_119' title='bbox 961 1117 1088 1184; x_wconf 75' lang='lat' dir='ltr'><strong>mittitur,</strong></span> <span class='ocrx_word' id='word_1_120' title='bbox 1115 1117 1276 1170; x_wconf 82' lang='lat' dir='ltr'><strong>Jerusalem</strong></span> <span class='ocrx_word' id='word_1_121' title='bbox 1294 1116 1368 1170; x_wconf 81' lang='lat' dir='ltr'><strong>Esai.</strong></span> <span class='ocrx_word' id='word_1_122' title='bbox 1390 1123 1414 1186; x_wconf 80' lang='lat'><strong>2,</strong></span> <span class='ocrx_word' id='word_1_123' title='bbox 1433 1134 1459 1175; x_wconf 89' lang='lat' dir='ltr'><strong>v.</strong></span> <span class='ocrx_word' id='word_1_124' title='bbox 1480 1124 1505 1175; x_wconf 79' lang='grc'><strong>3.</strong></span> <span class='ocrx_word' id='word_1_125' title='bbox 1541 1119 1598 1174; x_wconf 79' lang='lat' dir='ltr'><strong>Alii</strong></span> <span class='ocrx_word' id='word_1_126' title='bbox 1614 1119 1730 1188; x_wconf 83' lang='lat' dir='ltr'><strong>addunt,</strong></span> <span class='ocrx_word' id='word_1_127' title='bbox 1748 1135 1808 1175; x_wconf 86' lang='lat' dir='ltr'><strong>nou</strong></span> <span class='ocrx_word' id='word_1_128' title='bbox 1827 1118 1949 1188; x_wconf 72' lang='lat' dir='ltr'><strong>Romam</strong></span> 
     </span>
     <span class='ocr_line' id='line_1_11' title="bbox 253 1202 1948 1274; baseline 0.003 -18"><span class='ocrx_word' id='word_1_129' title='bbox 253 1211 408 1271; x_wconf 71' lang='lat' dir='ltr'><strong>martyrum</strong></span> <span class='ocrx_word' id='word_1_130' title='bbox 426 1205 518 1258; x_wconf 80' lang='lat' dir='ltr'><strong>literis</strong></span> <span class='ocrx_word' id='word_1_131' title='bbox 535 1205 651 1274; x_wconf 60' lang='lat' dir='ltr'><strong>miratos</strong></span> <span class='ocrx_word' id='word_1_132' title='bbox 669 1205 892 1269; x_wconf 70' lang='lat' dir='ltr'><strong>commendata,</strong></span> <span class='ocrx_word' id='word_1_133' title='bbox 917 1203 967 1272; x_wconf 86' lang='lat' dir='ltr'><strong>qui</strong></span> <span class='ocrx_word' id='word_1_134' title='bbox 984 1220 1088 1273; x_wconf 81' lang='lat' dir='ltr'><strong>mapna</strong></span> <span class='ocrx_word' id='word_1_135' title='bbox 1115 1203 1165 1257; x_wconf 86' lang='lat' dir='ltr'><strong>sed</strong></span> <span class='ocrx_word' id='word_1_136' title='bbox 1191 1202 1324 1257; x_wconf 89' lang='lat' dir='ltr'><strong>unitatem</strong></span> <span class='ocrx_word' id='word_1_137' title='bbox 1350 1220 1400 1272; x_wconf 88' lang='lat' dir='ltr'><strong>per</strong></span> <span class='ocrx_word' id='word_1_138' title='bbox 1423 1204 1555 1259; x_wconf 84' lang='lat' dir='ltr'><strong>eeclesias</strong></span> <span class='ocrx_word' id='word_1_139' title='bbox 1580 1203 1733 1260; x_wconf 71' lang='lat' dir='ltr'><strong>catholiam</strong></span> <span class='ocrx_word' id='word_1_140' title='bbox 1758 1204 1904 1261; x_wconf 82' lang='lat' dir='ltr'><strong>matricem</strong></span> <span class='ocrx_word' id='word_1_141' title='bbox 1918 1222 1948 1261; x_wconf 86' lang='lat' dir='ltr'><strong>sc</strong></span> 
     </span>
     <span class='ocr_line' id='line_1_12' title="bbox 253 1288 1948 1362; baseline 0.003 -20"><span class='ocrx_word' id='word_1_142' title='bbox 253 1289 381 1343; x_wconf 84' lang='lat' dir='ltr'><strong>libertate</strong></span> <span class='ocrx_word' id='word_1_143' title='bbox 413 1289 550 1344; x_wconf 73' lang='lat' dir='ltr'><strong>Victorem</strong></span> <span class='ocrx_word' id='word_1_144' title='bbox 567 1291 797 1359; x_wconf 85' lang='lat' dir='ltr'><strong>reprehendebat.</strong></span> <span class='ocrx_word' id='word_1_145' title='bbox 834 1288 944 1345; x_wconf 85' lang='lat' dir='ltr'><strong>Cornel.</strong></span> <span class='ocrx_word' id='word_1_146' title='bbox 962 1289 1090 1360; x_wconf 76' lang='lat' dir='ltr'><strong>Agrippa</strong></span> <span class='ocrx_word' id='word_1_147' title='bbox 1115 1288 1235 1344; x_wconf 90' lang='lat' dir='ltr'><strong>radicem</strong></span> <span class='ocrx_word' id='word_1_148' title='bbox 1254 1288 1425 1360; x_wconf 88' lang='lat' dir='ltr'><strong>aCypriano</strong></span> <span class='ocrx_word' id='word_1_149' title='bbox 1443 1290 1569 1362; x_wconf 80' lang='lat' dir='ltr'><strong>intelligi,</strong></span> <span class='ocrx_word' id='word_1_150' title='bbox 1590 1291 1715 1361; x_wconf 88' lang='lat' dir='ltr'><strong>sequitur</strong></span> <span class='ocrx_word' id='word_1_151' title='bbox 1725 1289 1845 1346; x_wconf 81' lang='lat' dir='ltr'><strong>enimin</strong></span> <span class='ocrx_word' id='word_1_152' title='bbox 1858 1291 1948 1347; x_wconf 77' lang='lat' dir='ltr'><strong>tadeus</strong></span> 
     </span>
     <span class='ocr_line' id='line_1_13' title="bbox 253 1374 1948 1444; baseline 0.002 -16"><span class='ocrx_word' id='word_1_153' title='bbox 253 1375 288 1430; x_wconf 89' lang='lat' dir='ltr'><strong>de</strong></span> <span class='ocrx_word' id='word_1_154' title='bbox 307 1375 391 1431; x_wconf 80' lang='lat' dir='ltr'><strong>vanit</strong></span> <span class='ocrx_word' id='word_1_155' title='bbox 412 1375 506 1431; x_wconf 87' lang='lat' dir='ltr'><strong>scient.</strong></span> <span class='ocrx_word' id='word_1_156' title='bbox 526 1393 549 1430; x_wconf 90' lang='lat' dir='ltr'><strong>c.</strong></span> <span class='ocrx_word' id='word_1_157' title='bbox 567 1382 613 1432; x_wconf 77' lang='lat'><strong>59:</strong></span> <span class='ocrx_word' id='word_1_158' title='bbox 641 1376 736 1430; x_wconf 78' lang='lat' dir='ltr'><em>Victor</em></span> <span class='ocrx_word' id='word_1_159' title='bbox 751 1376 883 1444; x_wconf 73' lang='lat' dir='ltr'><strong>pontifex</strong></span> <span class='ocrx_word' id='word_1_160' title='bbox 901 1392 994 1428; x_wconf 90' lang='lat' dir='ltr'><strong>omues</strong></span> <span class='ocrx_word' id='word_1_161' title='bbox 1004 1375 1088 1428; x_wconf 86' lang='lat' dir='ltr'><strong>simul</strong></span> <span class='ocrx_word' id='word_1_162' title='bbox 1115 1374 1246 1444; x_wconf 87' lang='lat' dir='ltr'><strong>epistola:</strong></span> <span class='ocrx_word' id='word_1_163' title='bbox 1266 1384 1297 1428; x_wconf 88' lang='lat' dir='ltr'><strong>ut</strong></span> <span class='ocrx_word' id='word_1_164' title='bbox 1313 1376 1614 1430; x_wconf 76' lang='lat' dir='ltr'><strong>cccluteecattottees</strong></span> <span class='ocrx_word' id='word_1_165' title='bbox 1628 1376 1948 1432; x_wconf 79' lang='lat' dir='ltr'><strong>unitatemcoaccrdittr</strong></span> 
     </span>
     <span class='ocr_line' id='line_1_14' title="bbox 253 1461 1989 1519; baseline -0.001 -5"><span class='ocrx_word' id='word_1_166' title='bbox 253 1461 406 1514; x_wconf 88' lang='lat' dir='ltr'><strong>orientales</strong></span> <span class='ocrx_word' id='word_1_167' title='bbox 429 1469 454 1514; x_wconf 91' lang='lat' dir='ltr'><strong>et</strong></span> <span class='ocrx_word' id='word_1_168' title='bbox 473 1462 614 1515; x_wconf 82' lang='lat' dir='ltr'><strong>australes</strong></span> <span class='ocrx_word' id='word_1_169' title='bbox 634 1461 767 1514; x_wconf 72' lang='lat' dir='ltr'><strong>cccloeiaa</strong></span> <span class='ocrx_word' id='word_1_170' title='bbox 784 1479 803 1513; x_wconf 90' lang='lat' dir='ltr'><strong>a</strong></span> <span class='ocrx_word' id='word_1_171' title='bbox 822 1461 1012 1514; x_wconf 74' lang='lat' dir='ltr'><strong>communione</strong></span> <span class='ocrx_word' id='word_1_172' title='bbox 1031 1479 1089 1514; x_wconf 91' lang='lat' dir='ltr'><strong>am·</strong></span> <span class='ocrx_word' id='word_1_173' title='bbox 1116 1469 1263 1514; x_wconf 69' lang='lat' dir='ltr'><strong>natamus.</strong></span> <span class='ocrx_word' id='word_1_174' title='bbox 1301 1462 1396 1517; x_wconf 86' lang='lat' dir='ltr'><strong>Tertio</strong></span> <span class='ocrx_word' id='word_1_175' title='bbox 1419 1464 1479 1517; x_wconf 88' lang='lat' dir='ltr'><strong>loco</strong></span> <span class='ocrx_word' id='word_1_176' title='bbox 1496 1462 1682 1518; x_wconf 89' lang='lat' dir='ltr'><strong>Bellarminus</strong></span> <span class='ocrx_word' id='word_1_177' title='bbox 1698 1463 1819 1519; x_wconf 83' lang='lat' dir='ltr'><strong>adducit</strong></span> <span class='ocrx_word' id='word_1_178' title='bbox 1837 1465 1948 1517; x_wconf 77' lang='lat' dir='ltr'><strong>Ambra</strong></span> <span class='ocrx_word' id='word_1_179' title='bbox 1958 1473 1989 1512; x_wconf 79' lang='lat' dir='ltr'><strong>us</strong></span> 
     </span>
     <span class='ocr_line' id='line_1_15' title="bbox 249 1546 1948 1617; baseline 0.002 -18"><span class='ocrx_word' id='word_1_180' title='bbox 249 1548 378 1616; x_wconf 76' lang='lat' dir='ltr'><strong>putabat,</strong></span> <span class='ocrx_word' id='word_1_181' title='bbox 397 1547 444 1600; x_wconf 81' lang='lat' dir='ltr'><strong>asi</strong></span> <span class='ocrx_word' id='word_1_182' title='bbox 461 1555 525 1600; x_wconf 83' lang='lat' dir='ltr'><strong>tuac</strong></span> <span class='ocrx_word' id='word_1_183' title='bbox 541 1547 615 1600; x_wconf 88' lang='lat' dir='ltr'><strong>inter</strong></span> <span class='ocrx_word' id='word_1_184' title='bbox 632 1555 736 1602; x_wconf 81' lang='lat' dir='ltr'><strong>ceteras</strong></span> <span class='ocrx_word' id='word_1_185' title='bbox 754 1548 999 1601; x_wconf 76' lang='lat' dir='ltr'><strong>eccellentissimos</strong></span> <span class='ocrx_word' id='word_1_186' title='bbox 1013 1548 1089 1602; x_wconf 85' lang='lat' dir='ltr'><strong>uiros</strong></span> <span class='ocrx_word' id='word_1_187' title='bbox 1114 1546 1200 1613; x_wconf 76' lang='lat' dir='ltr'><strong>sium,</strong></span> <span class='ocrx_word' id='word_1_188' title='bbox 1227 1548 1272 1600; x_wconf 91' lang='lat' dir='ltr'><strong>cui</strong></span> <span class='ocrx_word' id='word_1_189' title='bbox 1294 1547 1351 1602; x_wconf 88' lang='lat' dir='ltr'><strong>sint</strong></span> <span class='ocrx_word' id='word_1_190' title='bbox 1368 1549 1577 1615; x_wconf 76' lang='lat' dir='ltr'><strong>loadsuaposisa</strong></span> <span class='ocrx_word' id='word_1_191' title='bbox 1594 1566 1657 1602; x_wconf 82' lang='lat' dir='ltr'><strong>cum</strong></span> <span class='ocrx_word' id='word_1_192' title='bbox 1677 1549 1820 1617; x_wconf 58' lang='lat' dir='ltr'><strong>misoopis</strong></span> <span class='ocrx_word' id='word_1_193' title='bbox 1837 1549 1948 1603; x_wconf 81' lang='lat' dir='ltr'><strong>catholi</strong></span> 
     </span>
     <span class='ocr_line' id='line_1_16' title="bbox 209 1631 1948 1705; baseline 0.002 -21"><span class='ocrx_word' id='word_1_194' title='bbox 209 1648 214 1655; x_wconf 94' lang='grc'>·</span> <span class='ocrx_word' id='word_1_195' title='bbox 251 1632 355 1684; x_wconf 84' lang='lat' dir='ltr'><strong>restitit</strong></span> <span class='ocrx_word' id='word_1_196' title='bbox 379 1633 546 1701; x_wconf 71' lang='lat' dir='ltr'><strong>Polycrates</strong></span> <span class='ocrx_word' id='word_1_197' title='bbox 574 1633 663 1686; x_wconf 79' lang='lat' dir='ltr'><strong>Asiae</strong></span> <span class='ocrx_word' id='word_1_198' title='bbox 692 1633 855 1702; x_wconf 59' lang='lat' dir='ltr'><strong>epsicopum</strong></span> <span class='ocrx_word' id='word_1_199' title='bbox 896 1641 922 1686; x_wconf 88' lang='lat' dir='ltr'><strong>ct</strong></span> <span class='ocrx_word' id='word_1_200' title='bbox 949 1632 1086 1686; x_wconf 78' lang='lat' dir='ltr'><strong>irenaeus</strong></span> <span class='ocrx_word' id='word_1_201' title='bbox 1115 1631 1417 1686; x_wconf 67' lang='lat' dir='ltr'><strong>caclatascaelata</strong></span> <span class='ocrx_word' id='word_1_202' title='bbox 1432 1635 1564 1686; x_wconf 85' lang='lat' dir='ltr'><strong>Romana</strong></span> <span class='ocrx_word' id='word_1_203' title='bbox 1583 1635 1748 1689; x_wconf 76' lang='lat' dir='ltr'><strong>consentire.</strong></span> <span class='ocrx_word' id='word_1_204' title='bbox 1781 1633 1872 1705; x_wconf 80' lang='lat' dir='ltr'><strong>Atqui</strong></span> <span class='ocrx_word' id='word_1_205' title='bbox 1888 1633 1948 1687; x_wconf 77' lang='lat' dir='ltr'><strong>Am-</strong></span> 
     </span>
     <span class='ocr_line' id='line_1_17' title="bbox 256 1705 1949 1790; baseline 0.002 -20"><span class='ocrx_word' id='word_1_206' title='bbox 256 1718 395 1772; x_wconf 87' lang='lat' dir='ltr'><strong>Victorem</strong></span> <span class='ocrx_word' id='word_1_207' title='bbox 416 1705 420 1711; x_wconf 66' lang='grc'><strong>’</strong></span> <span class='ocrx_word' id='word_1_208' title='bbox 431 1720 593 1789; x_wconf 68' lang='lat' dir='ltr'><strong>pontificem</strong></span> <span class='ocrx_word' id='word_1_209' title='bbox 632 1727 766 1788; x_wconf 81' lang='lat' dir='ltr'><strong>tanqssam</strong></span> <span class='ocrx_word' id='word_1_210' title='bbox 798 1719 883 1789; x_wconf 87' lang='lat' dir='ltr'><strong>pacis</strong></span> <span class='ocrx_word' id='word_1_211' title='bbox 919 1720 1089 1773; x_wconf 76' lang='lat' dir='ltr'><em>turbatorem</em></span> <span class='ocrx_word' id='word_1_212' title='bbox 1115 1717 1222 1772; x_wconf 89' lang='lat' dir='ltr'><strong>brosius</strong></span> <span class='ocrx_word' id='word_1_213' title='bbox 1245 1718 1399 1774; x_wconf 86' lang='lat' dir='ltr'><strong>Romanam</strong></span> <span class='ocrx_word' id='word_1_214' title='bbox 1424 1719 1569 1774; x_wconf 88' lang='lat' dir='ltr'><strong>ecclesiam</strong></span> <span class='ocrx_word' id='word_1_215' title='bbox 1592 1727 1658 1774; x_wconf 87' lang='lat' dir='ltr'><strong>tuno</strong></span> <span class='ocrx_word' id='word_1_216' title='bbox 1675 1719 1813 1790; x_wconf 90' lang='lat' dir='ltr'><strong>temporis</strong></span> <span class='ocrx_word' id='word_1_217' title='bbox 1829 1727 1949 1775; x_wconf 71' lang='lat' dir='ltr'><strong>nucum</strong></span> 
     </span>
     <span class='ocr_line' id='line_1_18' title="bbox 253 1803 1949 1875; baseline 0.003 -19"><span class='ocrx_word' id='word_1_218' title='bbox 253 1806 357 1858; x_wconf 85' lang='lat' dir='ltr'><strong>acriter</strong></span> <span class='ocrx_word' id='word_1_219' title='bbox 374 1805 550 1873; x_wconf 79' lang='lat' dir='ltr'><strong>objurpahat.</strong></span> <span class='ocrx_word' id='word_1_220' title='bbox 587 1803 649 1857; x_wconf 85' lang='lat' dir='ltr'><strong>Aut</strong></span> <span class='ocrx_word' id='word_1_221' title='bbox 665 1820 731 1875; x_wconf 84' lang='lat' dir='ltr'><strong>ergo</strong></span> <span class='ocrx_word' id='word_1_222' title='bbox 749 1804 934 1875; x_wconf 82' lang='lat' dir='ltr'><strong>Polycarpus,</strong></span> <span class='ocrx_word' id='word_1_223' title='bbox 958 1805 1088 1875; x_wconf 87' lang='lat' dir='ltr'><strong>Polycra-</strong></span> <span class='ocrx_word' id='word_1_224' title='bbox 1115 1810 1143 1858; x_wconf 88' lang='lat' dir='ltr'><strong>et</strong></span> <span class='ocrx_word' id='word_1_225' title='bbox 1167 1803 1348 1859; x_wconf 72' lang='lat' dir='ltr'><em>orthodoxam</em></span> <span class='ocrx_word' id='word_1_226' title='bbox 1374 1804 1559 1860; x_wconf 75' lang='lat' dir='ltr'><strong>venerabatur</strong></span> <span class='ocrx_word' id='word_1_227' title='bbox 1582 1823 1637 1860; x_wconf 91' lang='lat' dir='ltr'><strong>non</strong></span> <span class='ocrx_word' id='word_1_228' title='bbox 1659 1811 1691 1860; x_wconf 90' lang='lat' dir='ltr'><strong>ut</strong></span> <span class='ocrx_word' id='word_1_229' title='bbox 1713 1805 1782 1860; x_wconf 86' lang='lat' dir='ltr'><strong>fidei</strong></span> <span class='ocrx_word' id='word_1_230' title='bbox 1806 1806 1949 1872; x_wconf 80' lang='lat' dir='ltr'><strong>dominam,</strong></span> 
     </span>
     <span class='ocr_line' id='line_1_19' title="bbox 253 1888 1948 1957; baseline -0.001 -12"><span class='ocrx_word' id='word_1_231' title='bbox 253 1896 303 1957; x_wconf 89' lang='lat' dir='ltr'><strong>tes,</strong></span> <span class='ocrx_word' id='word_1_232' title='bbox 323 1888 455 1945; x_wconf 73' lang='lat' dir='ltr'><strong>irenaeus</strong></span> <span class='ocrx_word' id='word_1_233' title='bbox 474 1898 502 1944; x_wconf 86' lang='lat' dir='ltr'><strong>et</strong></span> <span class='ocrx_word' id='word_1_234' title='bbox 522 1890 655 1946; x_wconf 88' lang='lat' dir='ltr'><strong>ecclesiae</strong></span> <span class='ocrx_word' id='word_1_235' title='bbox 668 1889 809 1945; x_wconf 72' lang='lat' dir='ltr'><strong>Asiaticae</strong></span> <span class='ocrx_word' id='word_1_236' title='bbox 827 1891 1001 1946; x_wconf 84' lang='lat' dir='ltr'><strong>damnandae</strong></span> <span class='ocrx_word' id='word_1_237' title='bbox 1016 1896 1089 1954; x_wconf 88' lang='lat' dir='ltr'><strong>sunt,</strong></span> <span class='ocrx_word' id='word_1_238' title='bbox 1114 1891 1163 1945; x_wconf 88' lang='lat' dir='ltr'><strong>sed</strong></span> <span class='ocrx_word' id='word_1_239' title='bbox 1191 1897 1223 1945; x_wconf 91' lang='lat' dir='ltr'><strong>ut</strong></span> <span class='ocrx_word' id='word_1_240' title='bbox 1246 1891 1362 1957; x_wconf 86' lang='lat' dir='ltr'><strong>sociam,</strong></span> <span class='ocrx_word' id='word_1_241' title='bbox 1392 1891 1477 1947; x_wconf 85' lang='lat' dir='ltr'><strong>libere</strong></span> <span class='ocrx_word' id='word_1_242' title='bbox 1500 1891 1573 1946; x_wconf 81' lang='lat' dir='ltr'><strong>enirn</strong></span> <span class='ocrx_word' id='word_1_243' title='bbox 1600 1891 1636 1946; x_wconf 82' lang='lat' dir='ltr'><strong>ab</strong></span> <span class='ocrx_word' id='word_1_244' title='bbox 1659 1907 1693 1946; x_wconf 89' lang='lat' dir='ltr'><strong>ea</strong></span> <span class='ocrx_word' id='word_1_245' title='bbox 1716 1891 1902 1948; x_wconf 83' lang='lat' dir='ltr'><strong>dissentiebat</strong></span> <span class='ocrx_word' id='word_1_246' title='bbox 1924 1891 1948 1944; x_wconf 88' lang='lat' dir='ltr'><strong>ia</strong></span> 
     </span>
     <span class='ocr_line' id='line_1_20' title="bbox 253 1975 1947 2048; baseline 0.002 -19"><span class='ocrx_word' id='word_1_247' title='bbox 253 1983 303 2030; x_wconf 88' lang='lat' dir='ltr'><strong>aut</strong></span> <span class='ocrx_word' id='word_1_248' title='bbox 320 1976 540 2045; x_wconf 85' lang='lat' dir='ltr'><strong>concedendum,</strong></span> <span class='ocrx_word' id='word_1_249' title='bbox 559 1977 632 2048; x_wconf 86' lang='lat' dir='ltr'><strong>quod</strong></span> <span class='ocrx_word' id='word_1_250' title='bbox 653 1978 717 2032; x_wconf 92' lang='lat' dir='ltr'><strong>unio</strong></span> <span class='ocrx_word' id='word_1_251' title='bbox 736 1994 797 2032; x_wconf 91' lang='lat' dir='ltr'><strong>cum</strong></span> <span class='ocrx_word' id='word_1_252' title='bbox 815 1977 940 2033; x_wconf 86' lang='lat' dir='ltr'><strong>Romano</strong></span> <span class='ocrx_word' id='word_1_253' title='bbox 958 1977 1088 2048; x_wconf 79' lang='lat' dir='ltr'><strong>pontifice</strong></span> <span class='ocrx_word' id='word_1_254' title='bbox 1114 1977 1276 2048; x_wconf 71' lang='lat' dir='ltr'><strong>quaestione</strong></span> <span class='ocrx_word' id='word_1_255' title='bbox 1311 1979 1348 2033; x_wconf 89' lang='lat' dir='ltr'><strong>de</strong></span> <span class='ocrx_word' id='word_1_256' title='bbox 1379 1977 1482 2032; x_wconf 90' lang='lat' dir='ltr'><strong>lotione</strong></span> <span class='ocrx_word' id='word_1_257' title='bbox 1510 1979 1614 2048; x_wconf 88' lang='lat' dir='ltr'><strong>pedum</strong></span> <span class='ocrx_word' id='word_1_258' title='bbox 1641 1975 1689 2032; x_wconf 92' lang='lat' dir='ltr'><strong>lib.</strong></span> <span class='ocrx_word' id='word_1_259' title='bbox 1716 1981 1741 2032; x_wconf 84' lang='grc'><strong>3.</strong></span> <span class='ocrx_word' id='word_1_260' title='bbox 1776 1977 1814 2032; x_wconf 91' lang='lat' dir='ltr'><strong>de</strong></span> <span class='ocrx_word' id='word_1_261' title='bbox 1840 1993 1947 2032; x_wconf 71' lang='lat' dir='ltr'><strong>msam.</strong></span> 
     </span>
     <span class='ocr_line' id='line_1_21' title="bbox 120 2062 1948 2132; baseline -0.002 -12"><span class='ocrx_word' id='word_1_262' title='bbox 120 2078 238 2128; x_wconf 61' lang='lat' dir='ltr'><strong>ospitem.</strong></span> <span class='ocrx_word' id='word_1_263' title='bbox 252 2079 309 2116; x_wconf 90' lang='lat' dir='ltr'><strong>non</strong></span> <span class='ocrx_word' id='word_1_264' title='bbox 335 2062 372 2115; x_wconf 90' lang='lat' dir='ltr'><strong>sit</strong></span> <span class='ocrx_word' id='word_1_265' title='bbox 396 2063 549 2117; x_wconf 81' lang='lat' dir='ltr'><strong>essentialia</strong></span> <span class='ocrx_word' id='word_1_266' title='bbox 576 2063 717 2120; x_wconf 86' lang='lat' dir='ltr'><strong>ecclesiae.</strong></span> <span class='ocrx_word' id='word_1_267' title='bbox 757 2063 886 2120; x_wconf 86' lang='lat' dir='ltr'><strong>Secundo</strong></span> <span class='ocrx_word' id='word_1_268' title='bbox 905 2064 965 2119; x_wconf 89' lang='lat' dir='ltr'><strong>loco</strong></span> <span class='ocrx_word' id='word_1_269' title='bbox 985 2064 1088 2119; x_wconf 81' lang='lat' dir='ltr'><strong>Beller-</strong></span> <span class='ocrx_word' id='word_1_270' title='bbox 1115 2079 1139 2118; x_wconf 80' lang='lat' dir='ltr'><strong>o,</strong></span> <span class='ocrx_word' id='word_1_271' title='bbox 1162 2069 1188 2118; x_wconf 89' lang='lat' dir='ltr'><strong>l:</strong></span> <span class='ocrx_word' id='word_1_272' title='bbox 1224 2065 1260 2116; x_wconf 88' lang='lat' dir='ltr'><strong>In</strong></span> <span class='ocrx_word' id='word_1_273' title='bbox 1282 2064 1406 2116; x_wconf 75' lang='lat' dir='ltr'><strong>omnibus</strong></span> <span class='ocrx_word' id='word_1_274' title='bbox 1424 2064 1504 2132; x_wconf 82' lang='lat' dir='ltr'><strong>sequi</strong></span> <span class='ocrx_word' id='word_1_275' title='bbox 1521 2063 1604 2132; x_wconf 79' lang='lat' dir='ltr'><strong>aspie</strong></span> <span class='ocrx_word' id='word_1_276' title='bbox 1621 2063 1769 2116; x_wconf 86' lang='lat' dir='ltr'><strong>ecclesiam</strong></span> <span class='ocrx_word' id='word_1_277' title='bbox 1788 2065 1948 2126; x_wconf 72' lang='lat' dir='ltr'><strong>Romanam</strong></span> 
     </span>
     <span class='ocr_line' id='line_1_22' title="bbox 253 2147 1947 2219; baseline 0.002 -19"><span class='ocrx_word' id='word_1_278' title='bbox 253 2147 344 2201; x_wconf 89' lang='lat' dir='ltr'><strong>miuus</strong></span> <span class='ocrx_word' id='word_1_279' title='bbox 368 2149 497 2218; x_wconf 82' lang='lat' dir='ltr'><strong>producit</strong></span> <span class='ocrx_word' id='word_1_280' title='bbox 524 2150 708 2219; x_wconf 77' lang='lat' dir='ltr'><strong>Cypriorum,</strong></span> <span class='ocrx_word' id='word_1_281' title='bbox 734 2149 783 2219; x_wconf 92' lang='lat' dir='ltr'><strong>qui</strong></span> <span class='ocrx_word' id='word_1_282' title='bbox 808 2149 970 2204; x_wconf 82' lang='lat' dir='ltr'><strong>cathedram</strong></span> <span class='ocrx_word' id='word_1_283' title='bbox 989 2149 1089 2204; x_wconf 70' lang='lat' dir='ltr'><strong>Roma</strong></span> <span class='ocrx_word' id='word_1_284' title='bbox 1115 2151 1167 2202; x_wconf 84' lang='lat' dir='ltr'><strong>scol</strong></span> <span class='ocrx_word' id='word_1_285' title='bbox 1187 2157 1280 2202; x_wconf 88' lang='lat' dir='ltr'><strong>tamen</strong></span> <span class='ocrx_word' id='word_1_286' title='bbox 1304 2157 1329 2202; x_wconf 90' lang='lat' dir='ltr'><strong>et</strong></span> <span class='ocrx_word' id='word_1_287' title='bbox 1353 2167 1404 2202; x_wconf 86' lang='lat' dir='ltr'><strong>nos</strong></span> <span class='ocrx_word' id='word_1_288' title='bbox 1427 2149 1552 2203; x_wconf 82' lang='lat' dir='ltr'><strong>homirses</strong></span> <span class='ocrx_word' id='word_1_289' title='bbox 1576 2160 1688 2201; x_wconf 75' lang='lat' dir='ltr'><strong>samm</strong></span> <span class='ocrx_word' id='word_1_290' title='bbox 1711 2148 1862 2214; x_wconf 55' lang='lat' dir='ltr'><strong>habram,</strong></span> <span class='ocrx_word' id='word_1_291' title='bbox 1890 2150 1947 2203; x_wconf 84' lang='lat' dir='ltr'><strong>idco</strong></span> 
     </span>
     <span class='ocr_line' id='line_1_23' title="bbox 252 2236 1947 2304; baseline 0.001 -17"><span class='ocrx_word' id='word_1_292' title='bbox 252 2251 317 2288; x_wconf 86' lang='lat' dir='ltr'><strong>nam</strong></span> <span class='ocrx_word' id='word_1_293' title='bbox 340 2243 473 2304; x_wconf 70' lang='lat' dir='ltr'><strong>agnorum</strong></span> <span class='ocrx_word' id='word_1_294' title='bbox 496 2237 630 2289; x_wconf 89' lang='lat' dir='ltr'><strong>ccclesiae</strong></span> <span class='ocrx_word' id='word_1_295' title='bbox 653 2236 808 2289; x_wconf 87' lang='lat' dir='ltr'><strong>catholicae</strong></span> <span class='ocrx_word' id='word_1_296' title='bbox 833 2237 975 2289; x_wconf 82' lang='lat' dir='ltr'><strong>matricem</strong></span> <span class='ocrx_word' id='word_1_297' title='bbox 999 2245 1025 2289; x_wconf 89' lang='lat' dir='ltr'><strong>et</strong></span> <span class='ocrx_word' id='word_1_298' title='bbox 1041 2253 1088 2289; x_wconf 71' lang='lat' dir='ltr'><strong>ra-</strong></span> <span class='ocrx_word' id='word_1_299' title='bbox 1114 2237 1192 2304; x_wconf 82' lang='lat' dir='ltr'><strong>quod</strong></span> <span class='ocrx_word' id='word_1_300' title='bbox 1208 2236 1280 2288; x_wconf 81' lang='lat' dir='ltr'><strong>alibi</strong></span> <span class='ocrx_word' id='word_1_301' title='bbox 1299 2236 1402 2289; x_wconf 85' lang='lat' dir='ltr'><strong>rectius</strong></span> <span class='ocrx_word' id='word_1_302' title='bbox 1418 2242 1555 2302; x_wconf 75' lang='lat' dir='ltr'><strong>semamsr,</strong></span> <span class='ocrx_word' id='word_1_303' title='bbox 1575 2242 1601 2287; x_wconf 86' lang='lat' dir='ltr'><strong>st</strong></span> <span class='ocrx_word' id='word_1_304' title='bbox 1617 2242 1758 2289; x_wconf 86' lang='lat' dir='ltr'><strong>nosrecte</strong></span> <span class='ocrx_word' id='word_1_305' title='bbox 1771 2236 1947 2290; x_wconf 72' lang='lat' dir='ltr'><strong>curtadiam.</strong></span> 
     </span>
     <span class='ocr_line' id='line_1_24' title="bbox 252 2318 1946 2393; baseline 0.001 -19"><span class='ocrx_word' id='word_1_306' title='bbox 252 2322 356 2385; x_wconf 82' lang='lat' dir='ltr'><strong>dicem,</strong></span> <span class='ocrx_word' id='word_1_307' title='bbox 379 2331 461 2391; x_wconf 82' lang='lat' dir='ltr'><strong>atquc</strong></span> <span class='ocrx_word' id='word_1_308' title='bbox 480 2325 516 2376; x_wconf 85' lang='lat' dir='ltr'><strong>ab</strong></span> <span class='ocrx_word' id='word_1_309' title='bbox 534 2324 652 2376; x_wconf 86' lang='lat' dir='ltr'><strong>ccclesia</strong></span> <span class='ocrx_word' id='word_1_310' title='bbox 664 2323 827 2392; x_wconf 81' lang='lat' dir='ltr'><strong>principali</strong></span> <span class='ocrx_word' id='word_1_311' title='bbox 843 2324 978 2376; x_wconf 75' lang='lat' dir='ltr'><strong>acuitatem</strong></span> <span class='ocrx_word' id='word_1_312' title='bbox 996 2340 1088 2376; x_wconf 82' lang='lat' dir='ltr'><strong>saecr-</strong></span> <span class='ocrx_word' id='word_1_313' title='bbox 1115 2321 1212 2393; x_wconf 79' lang='lat' dir='ltr'><strong>Longe</strong></span> <span class='ocrx_word' id='word_1_314' title='bbox 1237 2338 1302 2376; x_wconf 91' lang='lat' dir='ltr'><strong>vero</strong></span> <span class='ocrx_word' id='word_1_315' title='bbox 1323 2320 1379 2375; x_wconf 82' lang='lat' dir='ltr'><strong>alia</strong></span> <span class='ocrx_word' id='word_1_316' title='bbox 1402 2320 1473 2375; x_wconf 88' lang='lat' dir='ltr'><strong>ratio</strong></span> <span class='ocrx_word' id='word_1_317' title='bbox 1497 2319 1693 2375; x_wconf 69' lang='lat' dir='ltr'><strong>eleuterius</strong></span> <span class='ocrx_word' id='word_1_318' title='bbox 1712 2318 1861 2376; x_wconf 82' lang='lat' dir='ltr'><strong>Romanae</strong></span> <span class='ocrx_word' id='word_1_319' title='bbox 1877 2321 1946 2376; x_wconf 93' lang='lat' dir='ltr'><strong>hodi·</strong></span> 
     </span>
     <span class='ocr_line' id='line_1_25' title="bbox 252 2406 1947 2480; baseline 0 -19"><span class='ocrx_word' id='word_1_320' title='bbox 252 2407 375 2461; x_wconf 86' lang='lat' dir='ltr'><strong>dotalem</strong></span> <span class='ocrx_word' id='word_1_321' title='bbox 415 2416 539 2462; x_wconf 67' lang='lat' dir='ltr'><strong>exortam</strong></span> <span class='ocrx_word' id='word_1_322' title='bbox 576 2426 634 2462; x_wconf 85' lang='lat' dir='ltr'><strong>csse</strong></span> <span class='ocrx_word' id='word_1_323' title='bbox 670 2413 781 2462; x_wconf 85' lang='lat' dir='ltr'><strong>statuat</strong></span> <span class='ocrx_word' id='word_1_324' title='bbox 828 2409 916 2480; x_wconf 86' lang='lat' dir='ltr'><strong>Atqui</strong></span> <span class='ocrx_word' id='word_1_325' title='bbox 952 2409 1089 2480; x_wconf 88' lang='lat' dir='ltr'><strong>quomodo</strong></span> <span class='ocrx_word' id='word_1_326' title='bbox 1114 2423 1196 2462; x_wconf 82' lang='lat' dir='ltr'><strong>eruas</strong></span> <span class='ocrx_word' id='word_1_327' title='bbox 1221 2425 1305 2479; x_wconf 89' lang='lat' dir='ltr'><strong>quam</strong></span> <span class='ocrx_word' id='word_1_328' title='bbox 1327 2423 1399 2479; x_wconf 89' lang='lat' dir='ltr'><strong>quae</strong></span> <span class='ocrx_word' id='word_1_329' title='bbox 1421 2406 1475 2461; x_wconf 86' lang='lat' dir='ltr'><strong>suit</strong></span> <span class='ocrx_word' id='word_1_330' title='bbox 1499 2406 1644 2479; x_wconf 87' lang='lat' dir='ltr'><strong>antiquae,</strong></span> <span class='ocrx_word' id='word_1_331' title='bbox 1671 2406 1739 2477; x_wconf 87' lang='lat' dir='ltr'><strong>quia</strong></span> <span class='ocrx_word' id='word_1_332' title='bbox 1760 2424 1848 2478; x_wconf 83' lang='lat' dir='ltr'><strong>quam</strong></span> <span class='ocrx_word' id='word_1_333' title='bbox 1871 2407 1947 2461; x_wconf 79' lang='lat' dir='ltr'><strong>fidem</strong></span> 
     </span>
     <span class='ocr_line' id='line_1_26' title="bbox 253 2484 1946 2567; baseline 0 -19"><span class='ocrx_word' id='word_1_334' title='bbox 253 2492 412 2563; x_wconf 78' lang='lat' dir='ltr'><strong>Cyprianus</strong></span> <span class='ocrx_word' id='word_1_335' title='bbox 437 2493 560 2549; x_wconf 85' lang='lat' dir='ltr'><strong>Romano</strong></span> <span class='ocrx_word' id='word_1_336' title='bbox 587 2495 716 2567; x_wconf 90' lang='lat' dir='ltr'><strong>episcopo</strong></span> <span class='ocrx_word' id='word_1_337' title='bbox 737 2495 957 2566; x_wconf 83' lang='lat' dir='ltr'><strong>jurisdictionem</strong></span> <span class='ocrx_word' id='word_1_338' title='bbox 979 2502 1008 2550; x_wconf 89' lang='lat' dir='ltr'><strong>et</strong></span> <span class='ocrx_word' id='word_1_339' title='bbox 1032 2513 1088 2551; x_wconf 77' lang='lat' dir='ltr'><strong>mo</strong></span> <span class='ocrx_word' id='word_1_340' title='bbox 1114 2493 1248 2549; x_wconf 86' lang='lat' dir='ltr'><strong>hodierna</strong></span> <span class='ocrx_word' id='word_1_341' title='bbox 1265 2494 1455 2564; x_wconf 88' lang='lat' dir='ltr'><strong>persequitur,</strong></span> <span class='ocrx_word' id='word_1_342' title='bbox 1474 2509 1535 2548; x_wconf 88' lang='lat' dir='ltr'><strong>eam</strong></span> <span class='ocrx_word' id='word_1_343' title='bbox 1554 2492 1670 2563; x_wconf 86' lang='lat' dir='ltr'><strong>antiqua</strong></span> <span class='ocrx_word' id='word_1_344' title='bbox 1687 2491 1755 2547; x_wconf 91' lang='lat' dir='ltr'><strong>olim</strong></span> <span class='ocrx_word' id='word_1_345' title='bbox 1775 2484 1946 2564; x_wconf 79' lang='lat' dir='ltr'><strong>sequeba‘tur,</strong></span> 
     </span>
     <span class='ocr_line' id='line_1_27' title="bbox 252 2578 1946 2653; baseline 0.001 -21"><span class='ocrx_word' id='word_1_346' title='bbox 252 2578 410 2634; x_wconf 85' lang='lat' dir='ltr'><strong>narchicam</strong></span> <span class='ocrx_word' id='word_1_347' title='bbox 428 2586 594 2650; x_wconf 84' lang='lat' dir='ltr'><strong>potestatem</strong></span> <span class='ocrx_word' id='word_1_348' title='bbox 611 2581 640 2635; x_wconf 92' lang='lat' dir='ltr'><strong>in</strong></span> <span class='ocrx_word' id='word_1_349' title='bbox 655 2582 776 2652; x_wconf 83' lang='lat' dir='ltr'><strong>reliquos</strong></span> <span class='ocrx_word' id='word_1_350' title='bbox 789 2581 933 2652; x_wconf 88' lang='lat' dir='ltr'><strong>episcopos</strong></span> <span class='ocrx_word' id='word_1_351' title='bbox 945 2588 1088 2653; x_wconf 73' lang='lat' dir='ltr'><strong>mereret,</strong></span> <span class='ocrx_word' id='word_1_352' title='bbox 1115 2579 1231 2650; x_wconf 88' lang='lat' dir='ltr'><strong>proinde</strong></span> <span class='ocrx_word' id='word_1_353' title='bbox 1254 2579 1420 2634; x_wconf 85' lang='lat' dir='ltr'><strong>Ambrosius</strong></span> <span class='ocrx_word' id='word_1_354' title='bbox 1443 2578 1484 2633; x_wconf 90' lang='lat' dir='ltr'><strong>illi</strong></span> <span class='ocrx_word' id='word_1_355' title='bbox 1508 2584 1607 2648; x_wconf 86' lang='lat' dir='ltr'><strong>utpote</strong></span> <span class='ocrx_word' id='word_1_356' title='bbox 1624 2578 1720 2648; x_wconf 86' lang='lat' dir='ltr'><strong>papuli</strong></span> <span class='ocrx_word' id='word_1_357' title='bbox 1737 2580 1890 2648; x_wconf 75' lang='lat' dir='ltr'><strong>tyranmde</strong></span> <span class='ocrx_word' id='word_1_358' title='bbox 1905 2596 1946 2650; x_wconf 87' lang='lat' dir='ltr'><strong>op</strong></span> 
     </span>
     <span class='ocr_line' id='line_1_28' title="bbox 251 2665 1947 2738; baseline 0.001 -19"><span class='ocrx_word' id='word_1_359' title='bbox 251 2682 315 2720; x_wconf 89' lang='lat' dir='ltr'><strong>oum</strong></span> <span class='ocrx_word' id='word_1_360' title='bbox 346 2682 382 2720; x_wconf 93' lang='lat' dir='ltr'><strong>ne</strong></span> <span class='ocrx_word' id='word_1_361' title='bbox 407 2665 490 2719; x_wconf 87' lang='lat' dir='ltr'><strong>Petro</strong></span> <span class='ocrx_word' id='word_1_362' title='bbox 518 2666 629 2737; x_wconf 90' lang='lat' dir='ltr'><strong>quidem</strong></span> <span class='ocrx_word' id='word_1_363' title='bbox 660 2669 689 2722; x_wconf 91' lang='lat' dir='ltr'><strong>in</strong></span> <span class='ocrx_word' id='word_1_364' title='bbox 714 2668 834 2738; x_wconf 89' lang='lat' dir='ltr'><strong>reliquos</strong></span> <span class='ocrx_word' id='word_1_365' title='bbox 865 2668 1005 2738; x_wconf 89' lang='lat' dir='ltr'><strong>apostolos</strong></span> <span class='ocrx_word' id='word_1_366' title='bbox 1027 2685 1086 2723; x_wconf 89' lang='lat' dir='ltr'><strong>eam</strong></span> <span class='ocrx_word' id='word_1_367' title='bbox 1113 2680 1224 2734; x_wconf 85' lang='lat' dir='ltr'><strong>pressae</strong></span> <span class='ocrx_word' id='word_1_368' title='bbox 1250 2673 1279 2721; x_wconf 93' lang='lat' dir='ltr'><strong>et</strong></span> <span class='ocrx_word' id='word_1_369' title='bbox 1302 2683 1320 2720; x_wconf 90' lang='lat' dir='ltr'><strong>a</strong></span> <span class='ocrx_word' id='word_1_370' title='bbox 1341 2665 1462 2736; x_wconf 88' lang='lat' dir='ltr'><strong>puritate</strong></span> <span class='ocrx_word' id='word_1_371' title='bbox 1487 2665 1631 2721; x_wconf 86' lang='lat' dir='ltr'><strong>doctrinae</strong></span> <span class='ocrx_word' id='word_1_372' title='bbox 1653 2665 1828 2734; x_wconf 80' lang='lat' dir='ltr'><strong>apostolicae</strong></span> <span class='ocrx_word' id='word_1_373' title='bbox 1852 2665 1947 2736; x_wconf 76' lang='lat' dir='ltr'><strong>longb-</strong></span> 
     </span>
     <span class='ocr_line' id='line_1_29' title="bbox 250 2750 1947 2825; baseline 0.001 -20"><span class='ocrx_word' id='word_1_374' title='bbox 250 2750 459 2821; x_wconf 72' lang='lat' dir='ltr'><strong>assignaverit?</strong></span> <span class='ocrx_word' id='word_1_375' title='bbox 496 2751 560 2806; x_wconf 90' lang='lat' dir='ltr'><strong>Hoo</strong></span> <span class='ocrx_word' id='word_1_376' title='bbox 584 2761 666 2806; x_wconf 74' lang='lat' dir='ltr'><strong>mant</strong></span> <span class='ocrx_word' id='word_1_377' title='bbox 690 2755 785 2822; x_wconf 86' lang='lat' dir='ltr'><strong>utique</strong></span> <span class='ocrx_word' id='word_1_378' title='bbox 810 2761 837 2806; x_wconf 93' lang='lat' dir='ltr'><strong>ct</strong></span> <span class='ocrx_word' id='word_1_379' title='bbox 861 2756 946 2808; x_wconf 82' lang='lat' dir='ltr'><strong>ceteri</strong></span> <span class='ocrx_word' id='word_1_380' title='bbox 964 2756 1088 2825; x_wconf 87' lang='lat' dir='ltr'><strong>apostoli</strong></span> <span class='ocrx_word' id='word_1_381' title='bbox 1113 2752 1181 2807; x_wconf 88' lang='lat' dir='ltr'><strong>sime</strong></span> <span class='ocrx_word' id='word_1_382' title='bbox 1202 2752 1343 2822; x_wconf 71' lang='lat' dir='ltr'><strong>digressae</strong></span> <span class='ocrx_word' id='word_1_383' title='bbox 1360 2768 1538 2823; x_wconf 87' lang='lat' dir='ltr'><strong>nequaquam</strong></span> <span class='ocrx_word' id='word_1_384' title='bbox 1557 2750 1636 2806; x_wconf 88' lang='lat' dir='ltr'><strong>illum</strong></span> <span class='ocrx_word' id='word_1_385' title='bbox 1652 2750 1786 2806; x_wconf 75' lang='lat' dir='ltr'><strong>bonoram</strong></span> <span class='ocrx_word' id='word_1_386' title='bbox 1807 2750 1947 2819; x_wconf 73' lang='lat' dir='ltr'><strong>triburia,</strong></span> 
     </span>
     <span class='ocr_line' id='line_1_30' title="bbox 251 2836 1946 2912; baseline 0.002 -23"><span class='ocrx_word' id='word_1_387' title='bbox 251 2836 359 2905; x_wconf 86' lang='lat' dir='ltr'><strong>(scribit</strong></span> <span class='ocrx_word' id='word_1_388' title='bbox 384 2842 464 2893; x_wconf 87' lang='lat' dir='ltr'><strong>tract.</strong></span> <span class='ocrx_word' id='word_1_389' title='bbox 484 2843 508 2892; x_wconf 81' lang='grc'><strong>3.</strong></span> <span class='ocrx_word' id='word_1_390' title='bbox 528 2838 563 2893; x_wconf 90' lang='lat' dir='ltr'><strong>de</strong></span> <span class='ocrx_word' id='word_1_391' title='bbox 577 2838 666 2908; x_wconf 84' lang='lat' dir='ltr'><strong>simpl.</strong></span> <span class='ocrx_word' id='word_1_392' title='bbox 686 2839 800 2910; x_wconf 87' lang='lat' dir='ltr'><strong>praelat.</strong></span> <span class='ocrx_word' id='word_1_393' title='bbox 819 2857 883 2912; x_wconf 76' lang='lat' dir='ltr'><strong>pag.</strong></span> <span class='ocrx_word' id='word_1_394' title='bbox 907 2845 990 2911; x_wconf 64' lang='lat' dir='ltr'><strong>lta),</strong></span> <span class='ocrx_word' id='word_1_395' title='bbox 1010 2844 1088 2911; x_wconf 80' lang='lat' dir='ltr'><strong>quod</strong></span> <span class='ocrx_word' id='word_1_396' title='bbox 1113 2855 1177 2892; x_wconf 90' lang='lat' dir='ltr'><strong>cum</strong></span> <span class='ocrx_word' id='word_1_397' title='bbox 1201 2855 1238 2892; x_wconf 91' lang='lat' dir='ltr'><strong>ne</strong></span> <span class='ocrx_word' id='word_1_398' title='bbox 1262 2839 1406 2909; x_wconf 84' lang='lat' dir='ltr'><strong>antiquam</strong></span> <span class='ocrx_word' id='word_1_399' title='bbox 1429 2839 1543 2909; x_wconf 89' lang='lat' dir='ltr'><strong>quidem</strong></span> <span class='ocrx_word' id='word_1_400' title='bbox 1565 2837 1694 2893; x_wconf 84' lang='lat' dir='ltr'><strong>absolute</strong></span> <span class='ocrx_word' id='word_1_401' title='bbox 1717 2837 1801 2892; x_wconf 88' lang='lat' dir='ltr'><strong>etin</strong></span> <span class='ocrx_word' id='word_1_402' title='bbox 1824 2837 1946 2893; x_wconf 77' lang='lat' dir='ltr'><strong>omnibu</strong></span> 
     </span>
     <span class='ocr_line' id='line_1_31' title="bbox 243 2921 1989 2996; baseline 0.002 -21"><span class='ocrx_word' id='word_1_403' title='bbox 243 2923 308 2989; x_wconf 85' lang='lat' dir='ltr'><strong>fuit</strong></span> <span class='ocrx_word' id='word_1_404' title='bbox 324 2924 439 2990; x_wconf 87' lang='lat' dir='ltr'><strong>Petrus,</strong></span> <span class='ocrx_word' id='word_1_405' title='bbox 463 2924 533 2992; x_wconf 85' lang='lat' dir='ltr'><strong>pari</strong></span> <span class='ocrx_word' id='word_1_406' title='bbox 558 2925 699 2978; x_wconf 88' lang='lat' dir='ltr'><strong>consortio</strong></span> <span class='ocrx_word' id='word_1_407' title='bbox 724 2926 854 2994; x_wconf 85' lang='lat' dir='ltr'><strong>praediti</strong></span> <span class='ocrx_word' id='word_1_408' title='bbox 876 2935 903 2980; x_wconf 88' lang='lat' dir='ltr'><strong>et</strong></span> <span class='ocrx_word' id='word_1_409' title='bbox 926 2929 1086 2981; x_wconf 79' lang='lat' dir='ltr'><strong>honoriaci</strong></span> <span class='ocrx_word' id='word_1_410' title='bbox 1112 2924 1172 2979; x_wconf 88' lang='lat' dir='ltr'><strong>sine</strong></span> <span class='ocrx_word' id='word_1_411' title='bbox 1203 2925 1260 2979; x_wconf 91' lang='lat' dir='ltr'><strong>ulla</strong></span> <span class='ocrx_word' id='word_1_412' title='bbox 1294 2925 1454 2996; x_wconf 82' lang='lat' dir='ltr'><strong>exceptione</strong></span> <span class='ocrx_word' id='word_1_413' title='bbox 1478 2925 1559 2996; x_wconf 85' lang='lat' dir='ltr'><strong>sequi</strong></span> <span class='ocrx_word' id='word_1_414' title='bbox 1584 2922 1710 2980; x_wconf 73' lang='lat' dir='ltr'><strong>valuerit</strong></span> <span class='ocrx_word' id='word_1_415' title='bbox 1756 2921 1867 2987; x_wconf 77' lang='lat' dir='ltr'><strong>Quarto</strong></span> <span class='ocrx_word' id='word_1_416' title='bbox 1892 2924 1989 2979; x_wconf 69' lang='lat' dir='ltr'><strong>lcum·</strong></span> 
     </span>
     <span class='ocr_line' id='line_1_32' title="bbox 246 2985 1989 3082; baseline 0.001 -20"><span class='ocrx_word' id='word_1_417' title='bbox 246 3010 404 3079; x_wconf 83' lang='lat' dir='ltr'><strong>potestatis.</strong></span> <span class='ocrx_word' id='word_1_418' title='bbox 441 3008 520 3065; x_wconf 88' lang='lat' dir='ltr'><strong>Idem</strong></span> <span class='ocrx_word' id='word_1_419' title='bbox 539 3009 694 3081; x_wconf 82' lang='lat' dir='ltr'><strong>Cyprianus</strong></span> <span class='ocrx_word' id='word_1_420' title='bbox 711 3010 837 3066; x_wconf 89' lang='lat' dir='ltr'><strong>Cornelio</strong></span> <span class='ocrx_word' id='word_1_421' title='bbox 854 3012 1002 3080; x_wconf 84' lang='lat' dir='ltr'><strong>statuenti,</strong></span> <span class='ocrx_word' id='word_1_422' title='bbox 1031 3031 1085 3068; x_wconf 92' lang='lat' dir='ltr'><strong>non</strong></span> <span class='ocrx_word' id='word_1_423' title='bbox 1113 3010 1274 3081; x_wconf 88' lang='lat' dir='ltr'><strong>producitur</strong></span> <span class='ocrx_word' id='word_1_424' title='bbox 1293 3011 1488 3082; x_wconf 82' lang='lat' dir='ltr'><strong>Hieronymus,</strong></span> <span class='ocrx_word' id='word_1_425' title='bbox 1505 3011 1553 3082; x_wconf 92' lang='lat' dir='ltr'><strong>qui</strong></span> <span class='ocrx_word' id='word_1_426' title='bbox 1569 3011 1723 3065; x_wconf 60' lang='lat' dir='ltr'><strong>mseras</strong></span> <span class='ocrx_word' id='word_1_427' title='bbox 1737 3009 1822 3064; x_wconf 81' lang='lat' dir='ltr'><strong>Petri</strong></span> <span class='ocrx_word' id='word_1_428' title='bbox 1833 2985 1989 3064; x_wconf 62' lang='lat' dir='ltr'><strong>commum</strong></span> 
     </span>
     <span class='ocr_line' id='line_1_33' title="bbox 250 3094 1947 3170; baseline -0.001 -19"><span class='ocrx_word' id='word_1_429' title='bbox 250 3095 505 3167; x_wconf 83' lang='lat' dir='ltr'><strong>essebsptiaandos</strong></span> <span class='ocrx_word' id='word_1_430' title='bbox 525 3096 562 3152; x_wconf 89' lang='lat' dir='ltr'><strong>ab</strong></span> <span class='ocrx_word' id='word_1_431' title='bbox 576 3096 721 3152; x_wconf 80' lang='lat' dir='ltr'><strong>haereticis</strong></span> <span class='ocrx_word' id='word_1_432' title='bbox 734 3097 1085 3170; x_wconf 81' lang='lat' dir='ltr'><strong>baptizatas,nequaquam</strong></span> <span class='ocrx_word' id='word_1_433' title='bbox 1112 3097 1193 3150; x_wconf 81' lang='lat' dir='ltr'><strong>aione</strong></span> <span class='ocrx_word' id='word_1_434' title='bbox 1217 3097 1378 3151; x_wconf 84' lang='lat' dir='ltr'><strong>consociari</strong></span> <span class='ocrx_word' id='word_1_435' title='bbox 1403 3097 1546 3150; x_wconf 70' lang='lat' dir='ltr'><strong>susidcret</strong></span> <span class='ocrx_word' id='word_1_436' title='bbox 1573 3113 1607 3149; x_wconf 87' lang='lat' dir='ltr'><strong>aa</strong></span> <span class='ocrx_word' id='word_1_437' title='bbox 1636 3103 1805 3165; x_wconf 71' lang='lat' dir='ltr'><strong>potcstatm</strong></span> <span class='ocrx_word' id='word_1_438' title='bbox 1837 3094 1947 3150; x_wconf 59' lang='lat' dir='ltr'><strong>&amp;endi</strong></span> 
     </span>
     <span class='ocr_line' id='line_1_34' title="bbox 250 3181 1945 3255; baseline -0.002 -18"><span class='ocrx_word' id='word_1_439' title='bbox 250 3198 309 3237; x_wconf 88' lang='lat' dir='ltr'><strong>sese</strong></span> <span class='ocrx_word' id='word_1_440' title='bbox 333 3182 467 3253; x_wconf 87' lang='lat' dir='ltr'><strong>subjecit,</strong></span> <span class='ocrx_word' id='word_1_441' title='bbox 494 3183 542 3238; x_wconf 88' lang='lat' dir='ltr'><strong>sed</strong></span> <span class='ocrx_word' id='word_1_442' title='bbox 569 3183 685 3239; x_wconf 91' lang='lat' dir='ltr'><strong>concilia</strong></span> <span class='ocrx_word' id='word_1_443' title='bbox 702 3183 828 3238; x_wconf 87' lang='lat' dir='ltr'><strong>Romano</strong></span> <span class='ocrx_word' id='word_1_444' title='bbox 847 3185 978 3255; x_wconf 89' lang='lat' dir='ltr'><strong>opposuit</strong></span> <span class='ocrx_word' id='word_1_445' title='bbox 996 3187 1084 3240; x_wconf 87' lang='lat' dir='ltr'><strong>conci·</strong></span> <span class='ocrx_word' id='word_1_446' title='bbox 1112 3190 1168 3235; x_wconf 85' lang='lat' dir='ltr'><strong>tres</strong></span> <span class='ocrx_word' id='word_1_447' title='bbox 1192 3183 1355 3251; x_wconf 67' lang='lat' dir='ltr'><strong>hypostases</strong></span> <span class='ocrx_word' id='word_1_448' title='bbox 1373 3199 1393 3234; x_wconf 92' lang='lat' dir='ltr'><strong>a</strong></span> <span class='ocrx_word' id='word_1_449' title='bbox 1412 3184 1543 3235; x_wconf 88' lang='lat' dir='ltr'><strong>Damaso</strong></span> <span class='ocrx_word' id='word_1_450' title='bbox 1563 3182 1699 3250; x_wconf 84' lang='lat' dir='ltr'><strong>requirat.</strong></span> <span class='ocrx_word' id='word_1_451' title='bbox 1731 3181 1824 3252; x_wconf 83' lang='lat' dir='ltr'><strong>Atqui</strong></span> <span class='ocrx_word' id='word_1_452' title='bbox 1843 3197 1898 3236; x_wconf 88' lang='lat' dir='ltr'><strong>non</strong></span> <span class='ocrx_word' id='word_1_453' title='bbox 1914 3181 1945 3234; x_wconf 90' lang='lat' dir='ltr'><strong>de</strong></span> 
     </span>
     <span class='ocr_line' id='line_1_35' title="bbox 249 3265 1945 3338; baseline 0 -17"><span class='ocrx_word' id='word_1_454' title='bbox 249 3267 316 3323; x_wconf 91' lang='lat' dir='ltr'><strong>lium</strong></span> <span class='ocrx_word' id='word_1_455' title='bbox 341 3267 513 3324; x_wconf 76' lang='lat' dir='ltr'><strong>Aiacanum.</strong></span> <span class='ocrx_word' id='word_1_456' title='bbox 556 3269 740 3325; x_wconf 88' lang='lat' dir='ltr'><strong>Bellarminus</strong></span> <span class='ocrx_word' id='word_1_457' title='bbox 762 3270 810 3325; x_wconf 92' lang='lat' dir='ltr'><strong>lib.</strong></span> <span class='ocrx_word' id='word_1_458' title='bbox 830 3276 853 3325; x_wconf 86' lang='grc'><strong>3.</strong></span> <span class='ocrx_word' id='word_1_459' title='bbox 872 3272 908 3326; x_wconf 91' lang='lat' dir='ltr'><strong>de</strong></span> <span class='ocrx_word' id='word_1_460' title='bbox 927 3270 1012 3326; x_wconf 89' lang='lat' dir='ltr'><strong>verbo</strong></span> <span class='ocrx_word' id='word_1_461' title='bbox 1031 3272 1085 3327; x_wconf 86' lang='lat' dir='ltr'><strong>Dei</strong></span> <span class='ocrx_word' id='word_1_462' title='bbox 1111 3268 1232 3338; x_wconf 85' lang='lat' dir='ltr'><strong>quodam</strong></span> <span class='ocrx_word' id='word_1_463' title='bbox 1251 3269 1390 3338; x_wconf 80' lang='lat' dir='ltr'><strong>dogmate,</strong></span> <span class='ocrx_word' id='word_1_464' title='bbox 1409 3267 1458 3323; x_wconf 88' lang='lat' dir='ltr'><strong>sed</strong></span> <span class='ocrx_word' id='word_1_465' title='bbox 1478 3267 1514 3322; x_wconf 91' lang='lat' dir='ltr'><strong>de</strong></span> <span class='ocrx_word' id='word_1_466' title='bbox 1533 3266 1663 3322; x_wconf 81' lang='lat' dir='ltr'><strong>vocabuli</strong></span> <span class='ocrx_word' id='word_1_467' title='bbox 1679 3265 1800 3336; x_wconf 86' lang='lat' dir='ltr'><strong>alicujus</strong></span> <span class='ocrx_word' id='word_1_468' title='bbox 1820 3274 1945 3322; x_wconf 73' lang='lat' dir='ltr'><strong>mutuno</strong></span> 
     </span>
     <span class='ocr_line' id='line_1_36' title="bbox 248 3351 1945 3427; baseline -0.001 -19"><span class='ocrx_word' id='word_1_469' title='bbox 248 3369 273 3408; x_wconf 88' lang='lat' dir='ltr'><strong>o.</strong></span> <span class='ocrx_word' id='word_1_470' title='bbox 301 3359 323 3410; x_wconf 84' lang='grc'><strong>6.</strong></span> <span class='ocrx_word' id='word_1_471' title='bbox 350 3351 377 3427; x_wconf 57' lang='grc' dir='ltr'><strong>ᾖ.</strong></span> <span class='ocrx_word' id='word_1_472' title='bbox 411 3355 506 3409; x_wconf 80' lang='lat' dir='ltr'><strong>Tertio</strong></span> <span class='ocrx_word' id='word_1_473' title='bbox 533 3357 640 3410; x_wconf 85' lang='lat' dir='ltr'><strong>seculo:</strong></span> <span class='ocrx_word' id='word_1_474' title='bbox 671 3357 819 3410; x_wconf 82' lang='lat' dir='ltr'><strong>Cornelius</strong></span> <span class='ocrx_word' id='word_1_475' title='bbox 840 3357 946 3410; x_wconf 79' lang='lat' dir='ltr'><strong>Romae</strong></span> <span class='ocrx_word' id='word_1_476' title='bbox 966 3359 1083 3412; x_wconf 86' lang='lat' dir='ltr'><strong>concilio</strong></span> <span class='ocrx_word' id='word_1_477' title='bbox 1112 3360 1172 3408; x_wconf 88' lang='lat' dir='ltr'><strong>erat</strong></span> <span class='ocrx_word' id='word_1_478' title='bbox 1198 3354 1338 3424; x_wconf 87' lang='lat' dir='ltr'><strong>quaestio,</strong></span> <span class='ocrx_word' id='word_1_479' title='bbox 1364 3352 1491 3423; x_wconf 81' lang='lat' dir='ltr'><strong>putabat</strong></span> <span class='ocrx_word' id='word_1_480' title='bbox 1508 3352 1580 3407; x_wconf 87' lang='lat' dir='ltr'><strong>enim</strong></span> <span class='ocrx_word' id='word_1_481' title='bbox 1604 3351 1807 3422; x_wconf 76' lang='lat' dir='ltr'><strong>Hieronymus,</strong></span> <span class='ocrx_word' id='word_1_482' title='bbox 1834 3352 1865 3407; x_wconf 86' lang='lat' dir='ltr'><strong>ia</strong></span> <span class='ocrx_word' id='word_1_483' title='bbox 1884 3368 1945 3407; x_wconf 86' lang='lat' dir='ltr'><strong>vose</strong></span> 
     </span>
     <span class='ocr_line' id='line_1_37' title="bbox 251 3437 1945 3512; baseline 0 -20"><span class='ocrx_word' id='word_1_484' title='bbox 251 3438 343 3494; x_wconf 87' lang='lat' dir='ltr'><strong>habito</strong></span> <span class='ocrx_word' id='word_1_485' title='bbox 361 3442 496 3508; x_wconf 85' lang='lat' dir='ltr'><strong>cieoreoit,</strong></span> <span class='ocrx_word' id='word_1_486' title='bbox 524 3459 581 3495; x_wconf 86' lang='lat' dir='ltr'><strong>non</strong></span> <span class='ocrx_word' id='word_1_487' title='bbox 599 3458 657 3494; x_wconf 89' lang='lat' dir='ltr'><strong>esse</strong></span> <span class='ocrx_word' id='word_1_488' title='bbox 675 3443 874 3511; x_wconf 78' lang='lat' dir='ltr'><strong>baptisandos,</strong></span> <span class='ocrx_word' id='word_1_489' title='bbox 900 3443 949 3512; x_wconf 87' lang='lat' dir='ltr'><strong>qui</strong></span> <span class='ocrx_word' id='word_1_490' title='bbox 967 3445 1003 3496; x_wconf 80' lang='lat' dir='ltr'><strong>alr</strong></span> <span class='ocrx_word' id='word_1_491' title='bbox 1021 3445 1084 3498; x_wconf 82' lang='lat' dir='ltr'><strong>hae</strong></span> <span class='ocrx_word' id='word_1_492' title='bbox 1112 3440 1294 3510; x_wconf 86' lang='lat' dir='ltr'><strong>hypostaseos</strong></span> <span class='ocrx_word' id='word_1_493' title='bbox 1328 3437 1428 3493; x_wconf 90' lang='lat' dir='ltr'><strong>veneni</strong></span> <span class='ocrx_word' id='word_1_494' title='bbox 1465 3437 1572 3509; x_wconf 90' lang='lat' dir='ltr'><strong>aliquid</strong></span> <span class='ocrx_word' id='word_1_495' title='bbox 1604 3437 1699 3492; x_wconf 67' lang='lat' dir='ltr'><strong>latam</strong></span> <span class='ocrx_word' id='word_1_496' title='bbox 1750 3437 1835 3503; x_wconf 84' lang='lat' dir='ltr'><strong>Quod</strong></span> <span class='ocrx_word' id='word_1_497' title='bbox 1867 3438 1945 3508; x_wconf 77' lang='lat' dir='ltr'><strong>igitur</strong></span> 
     </span>
     <span class='ocr_line' id='line_1_38' title="bbox 250 3523 1944 3597; baseline -0.001 -19"><span class='ocrx_word' id='word_1_498' title='bbox 250 3527 346 3579; x_wconf 77' lang='lat' dir='ltr'><strong>seticis</strong></span> <span class='ocrx_word' id='word_1_499' title='bbox 371 3527 506 3595; x_wconf 81' lang='lat' dir='ltr'><strong>baptisati</strong></span> <span class='ocrx_word' id='word_1_500' title='bbox 531 3535 633 3596; x_wconf 78' lang='lat' dir='ltr'><strong>meent,</strong></span> <span class='ocrx_word' id='word_1_501' title='bbox 658 3536 683 3579; x_wconf 84' lang='lat' dir='ltr'><strong>ct</strong></span> <span class='ocrx_word' id='word_1_502' title='bbox 703 3536 807 3596; x_wconf 88' lang='lat' dir='ltr'><strong>postca</strong></span> <span class='ocrx_word' id='word_1_503' title='bbox 828 3528 987 3596; x_wconf 81' lang='lat' dir='ltr'><strong>Stephanus</strong></span> <span class='ocrx_word' id='word_1_504' title='bbox 1003 3546 1085 3597; x_wconf 88' lang='lat' dir='ltr'><strong>pepe</strong></span> <span class='ocrx_word' id='word_1_505' title='bbox 1113 3525 1226 3579; x_wconf 86' lang='lat' dir='ltr'><strong>Damasi</strong></span> <span class='ocrx_word' id='word_1_506' title='bbox 1246 3524 1384 3596; x_wconf 89' lang='lat' dir='ltr'><strong>judicium</strong></span> <span class='ocrx_word' id='word_1_507' title='bbox 1408 3532 1438 3578; x_wconf 88' lang='lat' dir='ltr'><strong>et</strong></span> <span class='ocrx_word' id='word_1_508' title='bbox 1463 3523 1657 3578; x_wconf 70' lang='lat' dir='ltr'><strong>saumatatam</strong></span> <span class='ocrx_word' id='word_1_509' title='bbox 1679 3530 1747 3578; x_wconf 88' lang='lat' dir='ltr'><strong>ante</strong></span> <span class='ocrx_word' id='word_1_510' title='bbox 1768 3540 1851 3579; x_wconf 88' lang='lat' dir='ltr'><strong>usum</strong></span> <span class='ocrx_word' id='word_1_511' title='bbox 1868 3524 1944 3594; x_wconf 83' lang='lat' dir='ltr'><strong>hujus</strong></span> 
     </span>
     <span class='ocr_line' id='line_1_39' title="bbox 249 3608 1944 3688; baseline 0.001 -25"><span class='ocrx_word' id='word_1_512' title='bbox 249 3612 325 3667; x_wconf 83' lang='lat' dir='ltr'><strong>idem</strong></span> <span class='ocrx_word' id='word_1_513' title='bbox 351 3613 506 3680; x_wconf 88' lang='lat' dir='ltr'><strong>praecepit.</strong></span> <span class='ocrx_word' id='word_1_514' title='bbox 559 3611 636 3666; x_wconf 90' lang='lat' dir='ltr'><strong>Idem</strong></span> <span class='ocrx_word' id='word_1_515' title='bbox 665 3612 713 3666; x_wconf 90' lang='lat' dir='ltr'><strong>lib.</strong></span> <span class='ocrx_word' id='word_1_516' title='bbox 739 3619 763 3669; x_wconf 76' lang='lat' dir='ltr'><strong>i.</strong></span> <span class='ocrx_word' id='word_1_517' title='bbox 792 3613 826 3667; x_wconf 93' lang='lat' dir='ltr'><strong>de</strong></span> <span class='ocrx_word' id='word_1_518' title='bbox 852 3618 928 3682; x_wconf 90' lang='lat' dir='ltr'><strong>pont.</strong></span> <span class='ocrx_word' id='word_1_519' title='bbox 958 3631 981 3669; x_wconf 88' lang='lat' dir='ltr'><strong>c.</strong></span> <span class='ocrx_word' id='word_1_520' title='bbox 1009 3621 1032 3669; x_wconf 81' lang='lat' dir='ltr'><strong>t.</strong></span> <span class='ocrx_word' id='word_1_521' title='bbox 1057 3611 1084 3688; x_wconf 62' lang='grc' dir='ltr'>ξ</span> <span class='ocrx_word' id='word_1_522' title='bbox 1114 3611 1242 3665; x_wconf 86' lang='lat' dir='ltr'><strong>vocabuli</strong></span> <span class='ocrx_word' id='word_1_523' title='bbox 1273 3608 1417 3681; x_wconf 83' lang='lat' dir='ltr'><strong>requisivit</strong></span> <span class='ocrx_word' id='word_1_524' title='bbox 1448 3609 1651 3680; x_wconf 85' lang='lat' dir='ltr'><strong>Hieronymus,</strong></span> <span class='ocrx_word' id='word_1_525' title='bbox 1682 3617 1881 3680; x_wconf 78' lang='lat' dir='ltr'><strong>argumentum</strong></span> <span class='ocrx_word' id='word_1_526' title='bbox 1907 3613 1944 3664; x_wconf 84' lang='lat' dir='ltr'><strong>est</strong></span> 
     </span>
     <span class='ocr_line' id='line_1_40' title="bbox 250 3694 1944 3768; baseline 0 -18"><span class='ocrx_word' id='word_1_527' title='bbox 250 3696 346 3753; x_wconf 81' lang='lat' dir='ltr'><strong>Tertia</strong></span> <span class='ocrx_word' id='word_1_528' title='bbox 364 3696 449 3751; x_wconf 86' lang='lat' dir='ltr'><strong>ratio:</strong></span> <span class='ocrx_word' id='word_1_529' title='bbox 480 3695 641 3765; x_wconf 74' lang='lat' dir='ltr'><strong>Cyprianus</strong></span> <span class='ocrx_word' id='word_1_530' title='bbox 663 3699 692 3750; x_wconf 87' lang='lat' dir='ltr'><strong>in</strong></span> <span class='ocrx_word' id='word_1_531' title='bbox 715 3698 835 3752; x_wconf 84' lang='lat' dir='ltr'><strong>concilio</strong></span> <span class='ocrx_word' id='word_1_532' title='bbox 855 3698 967 3751; x_wconf 79' lang='lat' dir='ltr'><em>LXXX</em></span> <span class='ocrx_word' id='word_1_533' title='bbox 980 3699 1086 3768; x_wconf 84' lang='lat' dir='ltr'><strong>cpisco-</strong></span> <span class='ocrx_word' id='word_1_534' title='bbox 1111 3698 1250 3752; x_wconf 82' lang='lat' dir='ltr'><strong>fraternae</strong></span> <span class='ocrx_word' id='word_1_535' title='bbox 1268 3696 1448 3756; x_wconf 72' lang='lat' dir='ltr'><strong>concordiae,</strong></span> <span class='ocrx_word' id='word_1_536' title='bbox 1474 3711 1652 3767; x_wconf 85' lang='lat' dir='ltr'><strong>nequaquam</strong></span> <span class='ocrx_word' id='word_1_537' title='bbox 1669 3710 1736 3748; x_wconf 91' lang='lat' dir='ltr'><strong>vero</strong></span> <span class='ocrx_word' id='word_1_538' title='bbox 1754 3694 1944 3750; x_wconf 85' lang='lat' dir='ltr'><strong>dominationis</strong></span> 
     </span>
     <span class='ocr_line' id='line_1_41' title="bbox 246 3779 1944 3853; baseline -0.002 -16"><span class='ocrx_word' id='word_1_539' title='bbox 246 3799 350 3852; x_wconf 83' lang='lat' dir='ltr'><strong>porum</strong></span> <span class='ocrx_word' id='word_1_540' title='bbox 374 3783 500 3846; x_wconf 81' lang='lat' dir='ltr'><strong>dctinioit</strong></span> <span class='ocrx_word' id='word_1_541' title='bbox 523 3783 676 3837; x_wconf 74' lang='lat' dir='ltr'><strong>hamaticae</strong></span> <span class='ocrx_word' id='word_1_542' title='bbox 702 3785 918 3852; x_wconf 79' lang='lat' dir='ltr'><strong>rebaptisandos</strong></span> <span class='ocrx_word' id='word_1_543' title='bbox 944 3803 978 3837; x_wconf 91' lang='lat' dir='ltr'><strong>ac</strong></span> <span class='ocrx_word' id='word_1_544' title='bbox 996 3788 1085 3853; x_wconf 88' lang='lat' dir='ltr'><strong>perti·</strong></span> <span class='ocrx_word' id='word_1_545' title='bbox 1111 3781 1288 3846; x_wconf 78' lang='lat' dir='ltr'><strong>Pontificius,</strong></span> <span class='ocrx_word' id='word_1_546' title='bbox 1318 3798 1381 3837; x_wconf 89' lang='lat' dir='ltr'><strong>cum</strong></span> <span class='ocrx_word' id='word_1_547' title='bbox 1407 3783 1436 3835; x_wconf 90' lang='lat' dir='ltr'><strong>in</strong></span> <span class='ocrx_word' id='word_1_548' title='bbox 1459 3781 1551 3836; x_wconf 85' lang='lat' dir='ltr'><strong>causis</strong></span> <span class='ocrx_word' id='word_1_549' title='bbox 1574 3779 1770 3836; x_wconf 83' lang='lat' dir='ltr'><strong>ecelesiasticis</strong></span> <span class='ocrx_word' id='word_1_550' title='bbox 1790 3782 1944 3837; x_wconf 73' lang='lat' dir='ltr'><strong>Damasum</strong></span> 
     </span>
     <span class='ocr_line' id='line_1_42' title="bbox 249 3865 1943 3938; baseline -0.002 -15"><span class='ocrx_word' id='word_1_551' title='bbox 249 3870 356 3924; x_wconf 67' lang='lat' dir='ltr'><strong>nachar</strong></span> <span class='ocrx_word' id='word_1_552' title='bbox 376 3869 478 3923; x_wconf 81' lang='lat' dir='ltr'><strong>restitit</strong></span> <span class='ocrx_word' id='word_1_553' title='bbox 496 3870 625 3937; x_wconf 74' lang='lat' dir='ltr'><strong>pontifici</strong></span> <span class='ocrx_word' id='word_1_554' title='bbox 643 3869 786 3938; x_wconf 81' lang='lat' dir='ltr'><strong>Stephano</strong></span> <span class='ocrx_word' id='word_1_555' title='bbox 804 3871 951 3937; x_wconf 84' lang='lat' dir='ltr'><strong>definienti</strong></span> <span class='ocrx_word' id='word_1_556' title='bbox 967 3871 1083 3924; x_wconf 79' lang='lat' dir='ltr'><strong>horrui·</strong></span> <span class='ocrx_word' id='word_1_557' title='bbox 1111 3888 1131 3922; x_wconf 93' lang='lat' dir='ltr'><strong>a</strong></span> <span class='ocrx_word' id='word_1_558' title='bbox 1159 3886 1188 3922; x_wconf 89' lang='lat' dir='ltr'><strong>sc</strong></span> <span class='ocrx_word' id='word_1_559' title='bbox 1219 3870 1351 3938; x_wconf 74' lang='lat' dir='ltr'><strong>adjutum</strong></span> <span class='ocrx_word' id='word_1_560' title='bbox 1389 3868 1493 3923; x_wconf 84' lang='lat' dir='ltr'><strong>scribat</strong></span> <span class='ocrx_word' id='word_1_561' title='bbox 1523 3866 1711 3936; x_wconf 82' lang='lat' dir='ltr'><strong>Hieronymus</strong></span> <span class='ocrx_word' id='word_1_562' title='bbox 1740 3866 1772 3920; x_wconf 90' lang='lat' dir='ltr'><strong>in</strong></span> <span class='ocrx_word' id='word_1_563' title='bbox 1801 3867 1884 3938; x_wconf 79' lang='lat' dir='ltr'><strong>epist</strong></span> <span class='ocrx_word' id='word_1_564' title='bbox 1912 3865 1943 3920; x_wconf 89' lang='lat' dir='ltr'><strong>sd</strong></span> 
     </span>
     <span class='ocr_line' id='line_1_43' title="bbox 248 3951 1942 4027; baseline -0.002 -17"><span class='ocrx_word' id='word_1_565' title='bbox 248 3972 295 4012; x_wconf 89' lang='lat' dir='ltr'><strong>eos</strong></span> <span class='ocrx_word' id='word_1_566' title='bbox 316 3974 373 4011; x_wconf 87' lang='lat' dir='ltr'><strong>noa</strong></span> <span class='ocrx_word' id='word_1_567' title='bbox 393 3957 624 4026; x_wconf 73' lang='lat' dir='ltr'><strong>rebaptizandos,</strong></span> <span class='ocrx_word' id='word_1_568' title='bbox 650 3973 730 4025; x_wconf 60' lang='lat' dir='ltr'><strong>mam</strong></span> <span class='ocrx_word' id='word_1_569' title='bbox 753 3957 784 4009; x_wconf 90' lang='lat' dir='ltr'><strong>in</strong></span> <span class='ocrx_word' id='word_1_570' title='bbox 803 3957 922 4026; x_wconf 84' lang='lat' dir='ltr'><strong>epistola</strong></span> <span class='ocrx_word' id='word_1_571' title='bbox 941 3959 983 4010; x_wconf 83' lang='lat' dir='ltr'><strong>ad</strong></span> <span class='ocrx_word' id='word_1_572' title='bbox 1001 3960 1083 4011; x_wconf 89' lang='lat' dir='ltr'><strong>Pom·</strong></span> <span class='ocrx_word' id='word_1_573' title='bbox 1111 3955 1271 4027; x_wconf 78' lang='lat' dir='ltr'><strong>ligantiam.</strong></span> <span class='ocrx_word' id='word_1_574' title='bbox 1306 3955 1380 4018; x_wconf 81' lang='lat' dir='ltr'><strong>Quid</strong></span> <span class='ocrx_word' id='word_1_575' title='bbox 1396 3971 1462 4010; x_wconf 88' lang='lat' dir='ltr'><strong>vero</strong></span> <span class='ocrx_word' id='word_1_576' title='bbox 1480 3954 1517 4009; x_wconf 89' lang='lat' dir='ltr'><strong>de</strong></span> <span class='ocrx_word' id='word_1_577' title='bbox 1537 3953 1660 4024; x_wconf 89' lang='lat' dir='ltr'><strong>primatu</strong></span> <span class='ocrx_word' id='word_1_578' title='bbox 1675 3951 1828 4008; x_wconf 81' lang='lat' dir='ltr'><strong>Pontificio</strong></span> <span class='ocrx_word' id='word_1_579' title='bbox 1846 3959 1942 4009; x_wconf 86' lang='lat' dir='ltr'><strong>statue·</strong></span> 
     </span>
     <span class='ocr_line' id='line_1_44' title="bbox 246 4036 1943 4113; baseline -0.003 -17"><span class='ocrx_word' id='word_1_580' title='bbox 246 4044 340 4113; x_wconf 82' lang='lat' dir='ltr'><strong>pojum</strong></span> <span class='ocrx_word' id='word_1_581' title='bbox 376 4043 485 4097; x_wconf 79' lang='lat' dir='ltr'><strong>uocauit</strong></span> <span class='ocrx_word' id='word_1_582' title='bbox 517 4042 678 4112; x_wconf 83' lang='lat' dir='ltr'><strong>superbum,</strong></span> <span class='ocrx_word' id='word_1_583' title='bbox 717 4043 891 4111; x_wconf 83' lang='lat' dir='ltr'><strong>imperitum,</strong></span> <span class='ocrx_word' id='word_1_584' title='bbox 929 4059 1029 4096; x_wconf 86' lang='lat' dir='ltr'><strong>caecae</strong></span> <span class='ocrx_word' id='word_1_585' title='bbox 1059 4052 1084 4097; x_wconf 88' lang='lat' dir='ltr'><strong>ct</strong></span> <span class='ocrx_word' id='word_1_586' title='bbox 1111 4042 1159 4109; x_wconf 89' lang='lat' dir='ltr'><strong>rit,</strong></span> <span class='ocrx_word' id='word_1_587' title='bbox 1189 4040 1367 4096; x_wconf 77' lang='lat' dir='ltr'><strong>manifestum</strong></span> <span class='ocrx_word' id='word_1_588' title='bbox 1396 4047 1439 4095; x_wconf 85' lang='lat' dir='ltr'><strong>est</strong></span> <span class='ocrx_word' id='word_1_589' title='bbox 1466 4057 1499 4095; x_wconf 84' lang='lat' dir='ltr'><strong>ex</strong></span> <span class='ocrx_word' id='word_1_590' title='bbox 1525 4039 1612 4109; x_wconf 88' lang='lat' dir='ltr'><strong>ipsius</strong></span> <span class='ocrx_word' id='word_1_591' title='bbox 1639 4037 1732 4092; x_wconf 88' lang='lat' dir='ltr'><strong>verbis</strong></span> <span class='ocrx_word' id='word_1_592' title='bbox 1758 4038 1788 4092; x_wconf 89' lang='lat' dir='ltr'><strong>in</strong></span> <span class='ocrx_word' id='word_1_593' title='bbox 1813 4040 1893 4110; x_wconf 84' lang='lat' dir='ltr'><strong>epist</strong></span> <span class='ocrx_word' id='word_1_594' title='bbox 1911 4036 1943 4091; x_wconf 87' lang='lat' dir='ltr'><strong>sd</strong></span> 
     </span>
     <span class='ocr_line' id='line_1_45' title="bbox 243 4125 1942 4200; baseline -0.002 -18"><span class='ocrx_word' id='word_1_595' title='bbox 243 4146 353 4200; x_wconf 83' lang='lat' dir='ltr'><strong>prauae</strong></span> <span class='ocrx_word' id='word_1_596' title='bbox 378 4129 484 4184; x_wconf 86' lang='lat' dir='ltr'><strong>mentis.</strong></span> <span class='ocrx_word' id='word_1_597' title='bbox 521 4128 677 4183; x_wconf 89' lang='lat' dir='ltr'><strong>Cassander</strong></span> <span class='ocrx_word' id='word_1_598' title='bbox 700 4128 728 4182; x_wconf 91' lang='lat' dir='ltr'><strong>in</strong></span> <span class='ocrx_word' id='word_1_599' title='bbox 747 4128 863 4183; x_wconf 85' lang='lat' dir='ltr'><strong>consult.</strong></span> <span class='ocrx_word' id='word_1_600' title='bbox 881 4133 931 4183; x_wconf 86' lang='lat' dir='ltr'><strong>art.</strong></span> <span class='ocrx_word' id='word_1_601' title='bbox 953 4135 983 4183; x_wconf 82' lang='lat' dir='ltr'><strong>l:</strong></span> <span class='ocrx_word' id='word_1_602' title='bbox 1015 4129 1083 4183; x_wconf 71' lang='lat' dir='ltr'><strong>(ham</strong></span> <span class='ocrx_word' id='word_1_603' title='bbox 1110 4129 1280 4198; x_wconf 81' lang='lat' dir='ltr'><strong>Evagrium:</strong></span> <span class='ocrx_word' id='word_1_604' title='bbox 1301 4127 1337 4181; x_wconf 79' lang='lat' dir='ltr'><strong>Si</strong></span> <span class='ocrx_word' id='word_1_605' title='bbox 1354 4127 1511 4180; x_wconf 86' lang='lat' dir='ltr'><strong>auctoritas</strong></span> <span class='ocrx_word' id='word_1_606' title='bbox 1528 4126 1684 4195; x_wconf 73' lang='lat' dir='ltr'><strong>quaeum,</strong></span> <span class='ocrx_word' id='word_1_607' title='bbox 1702 4125 1781 4179; x_wconf 82' lang='lat' dir='ltr'><strong>ordis</strong></span> <span class='ocrx_word' id='word_1_608' title='bbox 1801 4128 1942 4196; x_wconf 60' lang='lat' dir='ltr'><strong>naiores</strong></span> 
     </span>
     <span class='ocr_line' id='line_1_46' title="bbox 249 4210 1942 4285; baseline -0.002 -15"><span class='ocrx_word' id='word_1_609' title='bbox 249 4214 407 4285; x_wconf 75' lang='lat' dir='ltr'><strong>Stephanus</strong></span> <span class='ocrx_word' id='word_1_610' title='bbox 426 4214 599 4284; x_wconf 74' lang='lat' dir='ltr'><strong>Cypriorum</strong></span> <span class='ocrx_word' id='word_1_611' title='bbox 619 4232 638 4268; x_wconf 93' lang='lat' dir='ltr'><strong>a</strong></span> <span class='ocrx_word' id='word_1_612' title='bbox 657 4232 711 4268; x_wconf 85' lang='lat' dir='ltr'><strong>sua</strong></span> <span class='ocrx_word' id='word_1_613' title='bbox 728 4215 917 4269; x_wconf 87' lang='lat' dir='ltr'><strong>communione</strong></span> <span class='ocrx_word' id='word_1_614' title='bbox 935 4216 1084 4283; x_wconf 80' lang='lat' dir='ltr'><strong>repelleret</strong></span> <span class='ocrx_word' id='word_1_615' title='bbox 1110 4216 1178 4269; x_wconf 85' lang='lat' dir='ltr'><strong>urhe</strong></span> <span class='ocrx_word' id='word_1_616' title='bbox 1196 4214 1313 4279; x_wconf 62' lang='lat' dir='ltr'><strong>(Mina).</strong></span> <span class='ocrx_word' id='word_1_617' title='bbox 1344 4213 1501 4281; x_wconf 83' lang='lat' dir='ltr'><strong>Uhicssaque</strong></span> <span class='ocrx_word' id='word_1_618' title='bbox 1520 4213 1667 4281; x_wconf 87' lang='lat' dir='ltr'><strong>episcopus</strong></span> <span class='ocrx_word' id='word_1_619' title='bbox 1687 4219 1738 4280; x_wconf 90' lang='lat' dir='ltr'><strong>est,</strong></span> <span class='ocrx_word' id='word_1_620' title='bbox 1759 4210 1821 4267; x_wconf 78' lang='lat' dir='ltr'><strong>aiae</strong></span> <span class='ocrx_word' id='word_1_621' title='bbox 1834 4214 1942 4274; x_wconf 65' lang='grc' dir='ltr'><strong>ΒΜ</strong></span> 
     </span>
     <span class='ocr_line' id='line_1_47' title="bbox 247 4287 1944 4372; baseline -0.002 -16"><span class='ocrx_word' id='word_1_622' title='bbox 247 4311 273 4356; x_wconf 87' lang='lat' dir='ltr'><strong>et</strong></span> <span class='ocrx_word' id='word_1_623' title='bbox 294 4303 440 4372; x_wconf 84' lang='lat' dir='ltr'><strong>episcopos</strong></span> <span class='ocrx_word' id='word_1_624' title='bbox 465 4302 501 4354; x_wconf 86' lang='lat' dir='ltr'><strong>ah</strong></span> <span class='ocrx_word' id='word_1_625' title='bbox 524 4302 577 4355; x_wconf 92' lang='lat' dir='ltr'><strong>illo</strong></span> <span class='ocrx_word' id='word_1_626' title='bbox 599 4320 631 4354; x_wconf 81' lang='lat' dir='ltr'><strong>ce</strong></span> <span class='ocrx_word' id='word_1_627' title='bbox 648 4302 755 4367; x_wconf 81' lang='lat' dir='ltr'><strong>Africa</strong></span> <span class='ocrx_word' id='word_1_628' title='bbox 773 4287 881 4371; x_wconf 74' lang='lat' dir='ltr'><strong>lepatos</strong></span> <span class='ocrx_word' id='word_1_629' title='bbox 898 4319 948 4354; x_wconf 89' lang='lat' dir='ltr'><strong>nec</strong></span> <span class='ocrx_word' id='word_1_630' title='bbox 967 4304 1009 4356; x_wconf 85' lang='lat' dir='ltr'><strong>ad</strong></span> <span class='ocrx_word' id='word_1_631' title='bbox 1026 4319 1083 4356; x_wconf 85' lang='lat' dir='ltr'><strong>ser·</strong></span> <span class='ocrx_word' id='word_1_632' title='bbox 1110 4303 1167 4355; x_wconf 86' lang='lat' dir='ltr'><strong>siue</strong></span> <span class='ocrx_word' id='word_1_633' title='bbox 1200 4300 1322 4367; x_wconf 77' lang='lat' dir='ltr'><strong>Tanais,</strong></span> <span class='ocrx_word' id='word_1_634' title='bbox 1350 4301 1409 4352; x_wconf 84' lang='lat' dir='ltr'><strong>ss&#39;ue</strong></span> <span class='ocrx_word' id='word_1_635' title='bbox 1438 4298 1596 4365; x_wconf 83' lang='lat' dir='ltr'><strong>Esspubini,</strong></span> <span class='ocrx_word' id='word_1_636' title='bbox 1627 4298 1754 4366; x_wconf 78' lang='lat' dir='ltr'><strong>ejusdem</strong></span> <span class='ocrx_word' id='word_1_637' title='bbox 1783 4307 1825 4353; x_wconf 85' lang='lat' dir='ltr'><strong>ast</strong></span> <span class='ocrx_word' id='word_1_638' title='bbox 1853 4297 1944 4360; x_wconf 74' lang='lat' dir='ltr'><strong>meriti,</strong></span> 
     </span>
     <span class='ocr_line' id='line_1_48' title="bbox 246 4384 1943 4457; baseline -0.003 -14"><span class='ocrx_word' id='word_1_639' title='bbox 246 4406 353 4445; x_wconf 87' lang='lat' dir='ltr'><strong>monem</strong></span> <span class='ocrx_word' id='word_1_640' title='bbox 375 4389 527 4442; x_wconf 85' lang='lat' dir='ltr'><strong>communis</strong></span> <span class='ocrx_word' id='word_1_641' title='bbox 552 4389 687 4457; x_wconf 82' lang='lat' dir='ltr'><strong>colloquii</strong></span> <span class='ocrx_word' id='word_1_642' title='bbox 709 4389 869 4442; x_wconf 74' lang='lat' dir='ltr'><strong>admimerct</strong></span> <span class='ocrx_word' id='word_1_643' title='bbox 894 4396 921 4441; x_wconf 90' lang='lat' dir='ltr'><strong>et</strong></span> <span class='ocrx_word' id='word_1_644' title='bbox 935 4388 1082 4457; x_wconf 72' lang='lat' dir='ltr'><strong>praecipe·</strong></span> <span class='ocrx_word' id='word_1_645' title='bbox 1111 4389 1235 4456; x_wconf 75' lang='lat' dir='ltr'><strong>ejusdcm</strong></span> <span class='ocrx_word' id='word_1_646' title='bbox 1254 4386 1417 4440; x_wconf 73' lang='lat' dir='ltr'><strong>socurlotii.</strong></span> <span class='ocrx_word' id='word_1_647' title='bbox 1451 4386 1584 4438; x_wconf 79' lang='lat' dir='ltr'><strong>Potentia</strong></span> <span class='ocrx_word' id='word_1_648' title='bbox 1602 4384 1768 4438; x_wconf 71' lang='lat' dir='ltr'><strong>(linitionem</strong></span> <span class='ocrx_word' id='word_1_649' title='bbox 1788 4392 1816 4438; x_wconf 87' lang='lat' dir='ltr'><strong>et</strong></span> <span class='ocrx_word' id='word_1_650' title='bbox 1828 4401 1943 4455; x_wconf 54' lang='lat' dir='ltr'><strong>paupers</strong></span> 
     </span>
     <span class='ocr_line' id='line_1_49' title="bbox 246 4470 1943 4544; baseline -0.004 -14"><span class='ocrx_word' id='word_1_651' title='bbox 246 4485 290 4530; x_wconf 91' lang='lat' dir='ltr'><strong>ret</strong></span> <span class='ocrx_word' id='word_1_652' title='bbox 315 4477 460 4530; x_wconf 88' lang='lat' dir='ltr'><strong>universae</strong></span> <span class='ocrx_word' id='word_1_653' title='bbox 479 4475 677 4544; x_wconf 82' lang='lat' dir='ltr'><strong>fraternitati,</strong></span> <span class='ocrx_word' id='word_1_654' title='bbox 704 4491 739 4528; x_wconf 86' lang='lat' dir='ltr'><strong>ne</strong></span> <span class='ocrx_word' id='word_1_655' title='bbox 763 4476 825 4543; x_wconf 83' lang='lat' dir='ltr'><strong>quis</strong></span> <span class='ocrx_word' id='word_1_656' title='bbox 850 4492 895 4528; x_wconf 88' lang='lat' dir='ltr'><strong>eas</strong></span> <span class='ocrx_word' id='word_1_657' title='bbox 920 4475 950 4526; x_wconf 87' lang='lat' dir='ltr'><strong>in</strong></span> <span class='ocrx_word' id='word_1_658' title='bbox 972 4477 1084 4528; x_wconf 57' lang='lat' dir='ltr'><strong>monam</strong></span> <span class='ocrx_word' id='word_1_659' title='bbox 1111 4474 1176 4527; x_wconf 85' lang='lat' dir='ltr'><strong>tatis</strong></span> <span class='ocrx_word' id='word_1_660' title='bbox 1194 4473 1340 4526; x_wconf 87' lang='lat' dir='ltr'><strong>humilitas</strong></span> <span class='ocrx_word' id='word_1_661' title='bbox 1351 4472 1541 4525; x_wconf 83' lang='lat' dir='ltr'><strong>sublimiorem</strong></span> <span class='ocrx_word' id='word_1_662' title='bbox 1554 4470 1943 4542; x_wconf 76' lang='lat' dir='ltr'><strong>oeliaserioremepisoopsm</strong></span> 
     </span>
     <span class='ocr_line' id='line_1_50' title="bbox 247 4555 1943 4631; baseline -0.004 -14"><span class='ocrx_word' id='word_1_663' title='bbox 247 4581 327 4617; x_wconf 89' lang='lat' dir='ltr'><strong>suam</strong></span> <span class='ocrx_word' id='word_1_664' title='bbox 350 4562 501 4631; x_wconf 73' lang='lat' dir='ltr'><strong>reciperet,</strong></span> <span class='ocrx_word' id='word_1_665' title='bbox 532 4570 563 4615; x_wconf 93' lang='lat' dir='ltr'><strong>ut</strong></span> <span class='ocrx_word' id='word_1_666' title='bbox 590 4562 759 4615; x_wconf 83' lang='lat' dir='ltr'><strong>venientibus</strong></span> <span class='ocrx_word' id='word_1_667' title='bbox 782 4578 838 4613; x_wconf 89' lang='lat' dir='ltr'><strong>non</strong></span> <span class='ocrx_word' id='word_1_668' title='bbox 860 4561 949 4615; x_wconf 88' lang='lat' dir='ltr'><strong>solum</strong></span> <span class='ocrx_word' id='word_1_669' title='bbox 974 4580 1033 4631; x_wconf 81' lang='lat' dir='ltr'><strong>pac</strong></span> <span class='ocrx_word' id='word_1_670' title='bbox 1058 4572 1083 4616; x_wconf 87' lang='lat' dir='ltr'><strong>ct</strong></span> <span class='ocrx_word' id='word_1_671' title='bbox 1110 4577 1167 4613; x_wconf 87' lang='lat' dir='ltr'><strong>non</strong></span> <span class='ocrx_word' id='word_1_672' title='bbox 1178 4560 1266 4627; x_wconf 88' lang='lat' dir='ltr'><strong>jacit.</strong></span> <span class='ocrx_word' id='word_1_673' title='bbox 1296 4558 1374 4619; x_wconf 81' lang='lat' dir='ltr'><strong>Quid</strong></span> <span class='ocrx_word' id='word_1_674' title='bbox 1390 4557 1460 4610; x_wconf 74' lang='lat' dir='ltr'><strong>mihi</strong></span> <span class='ocrx_word' id='word_1_675' title='bbox 1476 4559 1595 4625; x_wconf 84' lang='lat' dir='ltr'><strong>profers</strong></span> <span class='ocrx_word' id='word_1_676' title='bbox 1608 4555 1687 4609; x_wconf 87' lang='lat' dir='ltr'><strong>urhis</strong></span> <span class='ocrx_word' id='word_1_677' title='bbox 1700 4557 1943 4612; x_wconf 58' lang='lat' dir='ltr'><strong>amandiani</strong></span> 
     </span>
     <span class='ocr_line' id='line_1_51' title="bbox 248 4643 1942 4715; baseline -0.005 -12"><span class='ocrx_word' id='word_1_678' title='bbox 248 4649 410 4714; x_wconf 90' lang='lat' dir='ltr'><strong>communio,</strong></span> <span class='ocrx_word' id='word_1_679' title='bbox 429 4649 481 4701; x_wconf 75' lang='lat' dir='ltr'><strong>secl</strong></span> <span class='ocrx_word' id='word_1_680' title='bbox 497 4655 522 4702; x_wconf 89' lang='lat' dir='ltr'><strong>et</strong></span> <span class='ocrx_word' id='word_1_681' title='bbox 541 4655 641 4701; x_wconf 85' lang='lat' dir='ltr'><strong>tectum</strong></span> <span class='ocrx_word' id='word_1_682' title='bbox 661 4655 687 4699; x_wconf 89' lang='lat' dir='ltr'><strong>et</strong></span> <span class='ocrx_word' id='word_1_683' title='bbox 703 4647 852 4715; x_wconf 82' lang='lat' dir='ltr'><strong>hospitium</strong></span> <span class='ocrx_word' id='word_1_684' title='bbox 872 4653 1082 4714; x_wconf 76' lang='lat' dir='ltr'><strong>nepareluretc.</strong></span> <span class='ocrx_word' id='word_1_685' title='bbox 1111 4646 1182 4715; x_wconf 82' lang='lat' dir='ltr'><strong>quid</strong></span> <span class='ocrx_word' id='word_1_686' title='bbox 1210 4645 1280 4698; x_wconf 86' lang='lat' dir='ltr'><strong>mihi</strong></span> <span class='ocrx_word' id='word_1_687' title='bbox 1304 4644 1405 4712; x_wconf 80' lang='lat' dir='ltr'><strong>objicis</strong></span> <span class='ocrx_word' id='word_1_688' title='bbox 1427 4643 1616 4712; x_wconf 85' lang='lat' dir='ltr'><strong>paucitatem,</strong></span> <span class='ocrx_word' id='word_1_689' title='bbox 1646 4643 1684 4697; x_wconf 83' lang='lat' dir='ltr'><strong>de</strong></span> <span class='ocrx_word' id='word_1_690' title='bbox 1707 4658 1767 4710; x_wconf 80' lang='lat' dir='ltr'><strong>qua</strong></span> <span class='ocrx_word' id='word_1_691' title='bbox 1792 4652 1885 4697; x_wconf 79' lang='lat' dir='ltr'><strong>ortum</strong></span> <span class='ocrx_word' id='word_1_692' title='bbox 1908 4649 1942 4695; x_wconf 86' lang='lat' dir='ltr'><strong>ast</strong></span> 
     </span>
     <span class='ocr_line' id='line_1_52' title="bbox 249 4720 1989 4811; baseline -0.005 -21"><span class='ocrx_word' id='word_1_693' title='bbox 249 4743 341 4790; x_wconf 84' lang='lat' dir='ltr'><strong>tamea</strong></span> <span class='ocrx_word' id='word_1_694' title='bbox 363 4733 522 4802; x_wconf 71' lang='lat' dir='ltr'><strong>Cypriam</strong></span> <span class='ocrx_word' id='word_1_695' title='bbox 540 4733 571 4785; x_wconf 90' lang='lat' dir='ltr'><strong>in</strong></span> <span class='ocrx_word' id='word_1_696' title='bbox 589 4733 641 4787; x_wconf 86' lang='lat' dir='ltr'><strong>illo</strong></span> <span class='ocrx_word' id='word_1_697' title='bbox 664 4733 786 4786; x_wconf 83' lang='lat' dir='ltr'><strong>dissidio</strong></span> <span class='ocrx_word' id='word_1_698' title='bbox 808 4734 893 4802; x_wconf 88' lang='lat' dir='ltr'><strong>pacis</strong></span> <span class='ocrx_word' id='word_1_699' title='bbox 917 4742 942 4786; x_wconf 92' lang='lat' dir='ltr'><strong>et</strong></span> <span class='ocrx_word' id='word_1_700' title='bbox 966 4735 1084 4789; x_wconf 84' lang='lat' dir='ltr'><strong>unitatis</strong></span> <span class='ocrx_word' id='word_1_701' title='bbox 1110 4731 1313 4801; x_wconf 68' lang='lat' dir='ltr'><strong>supercilium!</strong></span> <span class='ocrx_word' id='word_1_702' title='bbox 1348 4728 1451 4795; x_wconf 83' lang='lat' dir='ltr'><strong>Quinto</strong></span> <span class='ocrx_word' id='word_1_703' title='bbox 1477 4728 1538 4782; x_wconf 84' lang='lat' dir='ltr'><strong>loeo</strong></span> <span class='ocrx_word' id='word_1_704' title='bbox 1563 4727 1680 4782; x_wconf 83' lang='lat' dir='ltr'><strong>affertur</strong></span> <span class='ocrx_word' id='word_1_705' title='bbox 1702 4726 1826 4799; x_wconf 76' lang='lat' dir='ltr'><strong>Optatus</strong></span> <span class='ocrx_word' id='word_1_706' title='bbox 1844 4720 1989 4811; x_wconf 47' lang='lat' dir='ltr'><strong>Milesi-23³}¹</strong></span> 
     </span>
     <span class='ocr_line' id='line_1_53' title="bbox 246 4814 1942 4889; baseline -0.006 -14"><span class='ocrx_word' id='word_1_707' title='bbox 246 4821 387 4875; x_wconf 84' lang='lat' dir='ltr'><strong>os‘nculum</strong></span> <span class='ocrx_word' id='word_1_708' title='bbox 412 4820 633 4873; x_wconf 84' lang='lat' dir='ltr'><strong>constantissime</strong></span> <span class='ocrx_word' id='word_1_709' title='bbox 663 4820 800 4872; x_wconf 84' lang='lat' dir='ltr'><strong>retinebat</strong></span> <span class='ocrx_word' id='word_1_710' title='bbox 827 4827 916 4873; x_wconf 87' lang='lat' dir='ltr'><strong>mente</strong></span> <span class='ocrx_word' id='word_1_711' title='bbox 940 4821 1082 4889; x_wconf 77' lang='lat' dir='ltr'><strong>pacificus.</strong></span> <span class='ocrx_word' id='word_1_712' title='bbox 1111 4827 1207 4880; x_wconf 67' lang='lat' dir='ltr'><strong>anus,</strong></span> <span class='ocrx_word' id='word_1_713' title='bbox 1232 4817 1278 4887; x_wconf 87' lang='lat' dir='ltr'><strong>qul</strong></span> <span class='ocrx_word' id='word_1_714' title='bbox 1303 4815 1399 4880; x_wconf 89' lang='lat' dir='ltr'><strong>docet,</strong></span> <span class='ocrx_word' id='word_1_715' title='bbox 1420 4814 1546 4883; x_wconf 87' lang='lat' dir='ltr'><strong>primam</strong></span> <span class='ocrx_word' id='word_1_716' title='bbox 1567 4823 1592 4867; x_wconf 87' lang='lat' dir='ltr'><strong>et</strong></span> <span class='ocrx_word' id='word_1_717' title='bbox 1606 4815 1798 4884; x_wconf 80' lang='lat' dir='ltr'><strong>praecipuam</strong></span> <span class='ocrx_word' id='word_1_718' title='bbox 1817 4815 1942 4870; x_wconf 63' lang='lat' dir='ltr'><strong>assumas</strong></span> 
     </span>
     <span class='ocr_line' id='line_1_54' title="bbox 247 4900 1940 4977; baseline -0.006 -13"><span class='ocrx_word' id='word_1_719' title='bbox 247 4906 362 4964; x_wconf 81' lang='lat' dir='ltr'><strong>Censuit</strong></span> <span class='ocrx_word' id='word_1_720' title='bbox 380 4905 465 4977; x_wconf 82' lang='lat' dir='ltr'><strong>igitur</strong></span> <span class='ocrx_word' id='word_1_721' title='bbox 477 4903 642 4974; x_wconf 87' lang='lat' dir='ltr'><strong>Cyprianus,</strong></span> <span class='ocrx_word' id='word_1_722' title='bbox 660 4905 795 4959; x_wconf 86' lang='lat' dir='ltr'><strong>unitatem</strong></span> <span class='ocrx_word' id='word_1_723' title='bbox 815 4905 979 4960; x_wconf 85' lang='lat' dir='ltr'><strong>catholicam</strong></span> <span class='ocrx_word' id='word_1_724' title='bbox 993 4906 1083 4961; x_wconf 89' lang='lat' dir='ltr'><strong>locum</strong></span> <span class='ocrx_word' id='word_1_725' title='bbox 1112 4907 1202 4958; x_wconf 85' lang='lat' dir='ltr'><strong>dotem</strong></span> <span class='ocrx_word' id='word_1_726' title='bbox 1238 4919 1297 4955; x_wconf 89' lang='lat' dir='ltr'><strong>csse</strong></span> <span class='ocrx_word' id='word_1_727' title='bbox 1332 4901 1496 4954; x_wconf 83' lang='lat' dir='ltr'><strong>cathedram</strong></span> <span class='ocrx_word' id='word_1_728' title='bbox 1523 4900 1605 4953; x_wconf 83' lang='lat' dir='ltr'><strong>Petri</strong></span> <span class='ocrx_word' id='word_1_729' title='bbox 1631 4919 1666 4953; x_wconf 92' lang='lat' dir='ltr'><strong>ac</strong></span> <span class='ocrx_word' id='word_1_730' title='bbox 1691 4901 1869 4957; x_wconf 75' lang='lat' dir='ltr'><strong>Donatistae</strong></span> <span class='ocrx_word' id='word_1_731' title='bbox 1892 4917 1940 4953; x_wconf 85' lang='lat' dir='ltr'><strong>sos</strong></span> 
     </span>
     <span class='ocr_line' id='line_1_55' title="bbox 247 4986 1941 5062; baseline -0.005 -15"><span class='ocrx_word' id='word_1_732' title='bbox 247 4994 351 5049; x_wconf 90' lang='lat' dir='ltr'><strong>babere</strong></span> <span class='ocrx_word' id='word_1_733' title='bbox 370 4992 440 5047; x_wconf 90' lang='lat' dir='ltr'><strong>citra</strong></span> <span class='ocrx_word' id='word_1_734' title='bbox 457 4990 585 5045; x_wconf 89' lang='lat' dir='ltr'><strong>unionem</strong></span> <span class='ocrx_word' id='word_1_735' title='bbox 604 5007 667 5044; x_wconf 88' lang='lat' dir='ltr'><strong>oum</strong></span> <span class='ocrx_word' id='word_1_736' title='bbox 684 4991 810 5046; x_wconf 85' lang='lat' dir='ltr'><strong>Romano</strong></span> <span class='ocrx_word' id='word_1_737' title='bbox 829 4991 967 5062; x_wconf 84' lang='lat' dir='ltr'><strong>pontifice.</strong></span> <span class='ocrx_word' id='word_1_738' title='bbox 1003 4992 1083 5055; x_wconf 83' lang='lat' dir='ltr'><strong>Quod</strong></span> <span class='ocrx_word' id='word_1_739' title='bbox 1108 4991 1251 5059; x_wconf 87' lang='lat' dir='ltr'><strong>pertinere</strong></span> <span class='ocrx_word' id='word_1_740' title='bbox 1271 4991 1312 5043; x_wconf 84' lang='lat' dir='ltr'><strong>ad</strong></span> <span class='ocrx_word' id='word_1_741' title='bbox 1331 4988 1487 5053; x_wconf 88' lang='lat' dir='ltr'><strong>ecclesiam,</strong></span> <span class='ocrx_word' id='word_1_742' title='bbox 1505 4987 1572 5055; x_wconf 85' lang='lat' dir='ltr'><strong>quia</strong></span> <span class='ocrx_word' id='word_1_743' title='bbox 1592 5004 1648 5039; x_wconf 85' lang='lat' dir='ltr'><strong>non</strong></span> <span class='ocrx_word' id='word_1_744' title='bbox 1661 4995 1753 5040; x_wconf 84' lang='lat' dir='ltr'><strong>essent</strong></span> <span class='ocrx_word' id='word_1_745' title='bbox 1765 5003 1830 5041; x_wconf 77' lang='lat' dir='ltr'><strong>mam</strong></span> <span class='ocrx_word' id='word_1_746' title='bbox 1845 4986 1941 5043; x_wconf 79' lang='lat' dir='ltr'><strong>Siricis</strong></span> 
     </span>
     <span class='ocr_line' id='line_1_56' title="bbox 248 5071 1938 5152; baseline -0.005 -17"><span class='ocrx_word' id='word_1_747' title='bbox 248 5081 406 5152; x_wconf 78' lang='lat' dir='ltr'><strong>Cyprianus</strong></span> <span class='ocrx_word' id='word_1_748' title='bbox 431 5078 565 5131; x_wconf 72' lang='lat' dir='ltr'><strong>sanitatem</strong></span> <span class='ocrx_word' id='word_1_749' title='bbox 590 5078 793 5132; x_wconf 79' lang='lat' dir='ltr'><strong>sacerdotalem</strong></span> <span class='ocrx_word' id='word_1_750' title='bbox 815 5078 851 5130; x_wconf 84' lang='lat' dir='ltr'><strong>ah</strong></span> <span class='ocrx_word' id='word_1_751' title='bbox 870 5078 1082 5149; x_wconf 79' lang='lat' dir='ltr'><strong>ccclesia-prin·</strong></span> <span class='ocrx_word' id='word_1_752' title='bbox 1096 5075 1261 5145; x_wconf 66' lang='lat' dir='ltr'><strong>[conjuncti.</strong></span> <span class='ocrx_word' id='word_1_753' title='bbox 1302 5073 1523 5144; x_wconf 87' lang='lat' dir='ltr'><strong>Respondemus:</strong></span> <span class='ocrx_word' id='word_1_754' title='bbox 1555 5071 1781 5142; x_wconf 83' lang='lat' dir='ltr'><strong>conjunctionem</strong></span> <span class='ocrx_word' id='word_1_755' title='bbox 1806 5090 1871 5129; x_wconf 84' lang='lat' dir='ltr'><strong>oum</strong></span> <span class='ocrx_word' id='word_1_756' title='bbox 1893 5071 1938 5126; x_wconf 85' lang='lat' dir='ltr'><strong>Ro</strong></span> 
     </span>
     <span class='ocr_line' id='line_1_57' title="bbox 247 5158 1938 5236; baseline -0.006 -16"><span class='ocrx_word' id='word_1_757' title='bbox 247 5167 337 5236; x_wconf 81' lang='lat' dir='ltr'><strong>cipali</strong></span> <span class='ocrx_word' id='word_1_758' title='bbox 353 5174 445 5219; x_wconf 87' lang='lat' dir='ltr'><strong>ortam</strong></span> <span class='ocrx_word' id='word_1_759' title='bbox 464 5182 520 5218; x_wconf 90' lang='lat' dir='ltr'><strong>non</strong></span> <span class='ocrx_word' id='word_1_760' title='bbox 538 5179 596 5217; x_wconf 88' lang='lat' dir='ltr'><strong>csse</strong></span> <span class='ocrx_word' id='word_1_761' title='bbox 615 5164 747 5232; x_wconf 88' lang='lat' dir='ltr'><strong>adstruit,</strong></span> <span class='ocrx_word' id='word_1_762' title='bbox 768 5165 797 5219; x_wconf 91' lang='lat' dir='ltr'><strong>id</strong></span> <span class='ocrx_word' id='word_1_763' title='bbox 817 5164 973 5234; x_wconf 88' lang='lat' dir='ltr'><strong>Polydorus</strong></span> <span class='ocrx_word' id='word_1_764' title='bbox 990 5165 1039 5219; x_wconf 91' lang='lat' dir='ltr'><strong>lib.</strong></span> <span class='ocrx_word' id='word_1_765' title='bbox 1059 5172 1083 5220; x_wconf 79' lang='lat' dir='ltr'><strong>t.</strong></span> <span class='ocrx_word' id='word_1_766' title='bbox 1110 5178 1192 5217; x_wconf 89' lang='lat' dir='ltr'><strong>mana</strong></span> <span class='ocrx_word' id='word_1_767' title='bbox 1220 5160 1338 5216; x_wconf 88' lang='lat' dir='ltr'><strong>ecclesia</strong></span> <span class='ocrx_word' id='word_1_768' title='bbox 1363 5158 1537 5230; x_wconf 88' lang='lat' dir='ltr'><strong>requirebat,</strong></span> <span class='ocrx_word' id='word_1_769' title='bbox 1571 5174 1628 5212; x_wconf 92' lang='lat' dir='ltr'><strong>non</strong></span> <span class='ocrx_word' id='word_1_770' title='bbox 1653 5164 1686 5212; x_wconf 90' lang='lat' dir='ltr'><strong>ut</strong></span> <span class='ocrx_word' id='word_1_771' title='bbox 1711 5174 1776 5213; x_wconf 90' lang='lat' dir='ltr'><strong>cum</strong></span> <span class='ocrx_word' id='word_1_772' title='bbox 1803 5166 1890 5215; x_wconf 85' lang='lat' dir='ltr'><strong>matre</strong></span> <span class='ocrx_word' id='word_1_773' title='bbox 1912 5171 1938 5210; x_wconf 85' lang='lat' dir='ltr'><strong>ss</strong></span> 
     </span>
     <span class='ocr_line' id='line_1_58' title="bbox 246 5243 1936 5320; baseline -0.004 -16"><span class='ocrx_word' id='word_1_774' title='bbox 246 5266 270 5306; x_wconf 91' lang='lat' dir='ltr'><strong>o.</strong></span> <span class='ocrx_word' id='word_1_775' title='bbox 291 5257 315 5306; x_wconf 87' lang='grc'><strong>6,</strong></span> <span class='ocrx_word' id='word_1_776' title='bbox 334 5251 374 5305; x_wconf 90' lang='lat' dir='ltr'><strong>sic</strong></span> <span class='ocrx_word' id='word_1_777' title='bbox 393 5249 518 5320; x_wconf 84' lang='lat' dir='ltr'><strong>exponit:</strong></span> <span class='ocrx_word' id='word_1_778' title='bbox 544 5252 588 5304; x_wconf 89' lang='lat' dir='ltr'><strong>Nc</strong></span> <span class='ocrx_word' id='word_1_779' title='bbox 608 5251 670 5319; x_wconf 84' lang='lat' dir='ltr'><strong>quis</strong></span> <span class='ocrx_word' id='word_1_780' title='bbox 690 5259 777 5317; x_wconf 86' lang='lat' dir='ltr'><strong>erret,</strong></span> <span class='ocrx_word' id='word_1_781' title='bbox 796 5251 877 5305; x_wconf 87' lang='lat' dir='ltr'><strong>nullo</strong></span> <span class='ocrx_word' id='word_1_782' title='bbox 896 5251 957 5303; x_wconf 87' lang='lat' dir='ltr'><strong>alia</strong></span> <span class='ocrx_word' id='word_1_783' title='bbox 972 5252 1082 5305; x_wconf 87' lang='lat' dir='ltr'><strong>ratione</strong></span> <span class='ocrx_word' id='word_1_784' title='bbox 1110 5249 1221 5303; x_wconf 88' lang='lat' dir='ltr'><strong>domina</strong></span> <span class='ocrx_word' id='word_1_785' title='bbox 1248 5246 1426 5302; x_wconf 87' lang='lat' dir='ltr'><strong>ecclesiarum</strong></span> <span class='ocrx_word' id='word_1_786' title='bbox 1448 5244 1632 5315; x_wconf 88' lang='lat' dir='ltr'><strong>reliquarum,</strong></span> <span class='ocrx_word' id='word_1_787' title='bbox 1659 5243 1709 5298; x_wconf 88' lang='lat' dir='ltr'><strong>sed</strong></span> <span class='ocrx_word' id='word_1_788' title='bbox 1734 5249 1768 5298; x_wconf 88' lang='lat' dir='ltr'><strong>ut</strong></span> <span class='ocrx_word' id='word_1_789' title='bbox 1791 5243 1860 5301; x_wconf 82' lang='lat' dir='ltr'><strong>fidei</strong></span> <span class='ocrx_word' id='word_1_790' title='bbox 1882 5257 1936 5313; x_wconf 87' lang='lat' dir='ltr'><strong>apo</strong></span> 
     </span>
     <span class='ocr_line' id='line_1_59' title="bbox 153 5330 1937 5406; baseline -0.002 -19"><span class='ocrx_word' id='word_1_791' title='bbox 153 5344 232 5387; x_wconf 74' lang='lat'>111⁷.</span> <span class='ocrx_word' id='word_1_792' title='bbox 247 5337 415 5405; x_wconf 84' lang='lat' dir='ltr'><strong>episcopalis</strong></span> <span class='ocrx_word' id='word_1_793' title='bbox 447 5338 519 5391; x_wconf 85' lang='lat' dir='ltr'><strong>ordo</strong></span> <span class='ocrx_word' id='word_1_794' title='bbox 550 5337 584 5388; x_wconf 88' lang='lat' dir='ltr'><strong>ah</strong></span> <span class='ocrx_word' id='word_1_795' title='bbox 619 5337 749 5405; x_wconf 85' lang='lat' dir='ltr'><strong>episcopo</strong></span> <span class='ocrx_word' id='word_1_796' title='bbox 779 5337 908 5390; x_wconf 82' lang='lat' dir='ltr'><strong>Romano</strong></span> <span class='ocrx_word' id='word_1_797' title='bbox 935 5339 1084 5406; x_wconf 80' lang='lat' dir='ltr'><strong>profectus</strong></span> <span class='ocrx_word' id='word_1_798' title='bbox 1109 5334 1225 5389; x_wconf 88' lang='lat' dir='ltr'><strong>stolicae</strong></span> <span class='ocrx_word' id='word_1_799' title='bbox 1249 5333 1371 5388; x_wconf 81' lang='lat' dir='ltr'><strong>custode.</strong></span> <span class='ocrx_word' id='word_1_800' title='bbox 1414 5332 1494 5396; x_wconf 83' lang='lat' dir='ltr'><strong>Quod</strong></span> <span class='ocrx_word' id='word_1_801' title='bbox 1514 5331 1588 5385; x_wconf 89' lang='lat' dir='ltr'><strong>enim</strong></span> <span class='ocrx_word' id='word_1_802' title='bbox 1607 5345 1671 5384; x_wconf 88' lang='lat' dir='ltr'><strong>cum</strong></span> <span class='ocrx_word' id='word_1_803' title='bbox 1688 5330 1809 5387; x_wconf 75' lang='lat' dir='ltr'><strong>adesis</strong></span> <span class='ocrx_word' id='word_1_804' title='bbox 1825 5331 1937 5387; x_wconf 74' lang='lat' dir='ltr'><strong>Romam</strong></span> 
     </span>
     <span class='ocr_line' id='line_1_60' title="bbox 246 5413 1937 5490; baseline -0.002 -17"><span class='ocrx_word' id='word_1_805' title='bbox 246 5420 306 5473; x_wconf 85' lang='lat' dir='ltr'><strong>dici</strong></span> <span class='ocrx_word' id='word_1_806' title='bbox 323 5429 429 5489; x_wconf 89' lang='lat' dir='ltr'><strong>potest,</strong></span> <span class='ocrx_word' id='word_1_807' title='bbox 460 5422 517 5474; x_wconf 86' lang='lat' dir='ltr'><strong>nisi</strong></span> <span class='ocrx_word' id='word_1_808' title='bbox 538 5423 619 5490; x_wconf 81' lang='lat' dir='ltr'><strong>apua</strong></span> <span class='ocrx_word' id='word_1_809' title='bbox 642 5421 735 5475; x_wconf 80' lang='lat' dir='ltr'><strong>italos</strong></span> <span class='ocrx_word' id='word_1_810' title='bbox 759 5421 899 5474; x_wconf 57' lang='lat' dir='ltr'><strong>mulceat</strong></span> <span class='ocrx_word' id='word_1_811' title='bbox 925 5422 958 5475; x_wconf 86' lang='lat' dir='ltr'><strong>id</strong></span> <span class='ocrx_word' id='word_1_812' title='bbox 974 5423 1083 5488; x_wconf 85' lang='lat' dir='ltr'><strong>factum</strong></span> <span class='ocrx_word' id='word_1_813' title='bbox 1109 5421 1173 5476; x_wconf 87' lang='lat' dir='ltr'><strong>ideo</strong></span> <span class='ocrx_word' id='word_1_814' title='bbox 1203 5418 1339 5474; x_wconf 86' lang='lat' dir='ltr'><strong>coluerint</strong></span> <span class='ocrx_word' id='word_1_815' title='bbox 1364 5419 1514 5482; x_wconf 82' lang='lat' dir='ltr'><strong>unitatem,</strong></span> <span class='ocrx_word' id='word_1_816' title='bbox 1545 5416 1612 5489; x_wconf 90' lang='lat' dir='ltr'><strong>quia</strong></span> <span class='ocrx_word' id='word_1_817' title='bbox 1637 5416 1786 5488; x_wconf 66' lang='lat' dir='ltr'><strong>epboopus</strong></span> <span class='ocrx_word' id='word_1_818' title='bbox 1812 5416 1886 5475; x_wconf 85' lang='lat' dir='ltr'><strong>illius</strong></span> <span class='ocrx_word' id='word_1_819' title='bbox 1909 5413 1937 5469; x_wconf 83' lang='lat' dir='ltr'><strong>u&#39;t</strong></span> 
     </span>
     <span class='ocr_line' id='line_1_61' title="bbox 246 5501 1937 5578; baseline -0.001 -16"><span class='ocrx_word' id='word_1_820' title='bbox 246 5506 437 5575; x_wconf 80' lang='lat' dir='ltr'><strong>intellipatur,</strong></span> <span class='ocrx_word' id='word_1_821' title='bbox 473 5524 536 5561; x_wconf 90' lang='lat' dir='ltr'><strong>cum</strong></span> <span class='ocrx_word' id='word_1_822' title='bbox 558 5507 666 5578; x_wconf 83' lang='lat' dir='ltr'><strong>perdiu</strong></span> <span class='ocrx_word' id='word_1_823' title='bbox 692 5515 756 5561; x_wconf 81' lang='lat' dir='ltr'><strong>ants</strong></span> <span class='ocrx_word' id='word_1_824' title='bbox 783 5509 932 5563; x_wconf 73' lang='lat' dir='ltr'><strong>amenum</strong></span> <span class='ocrx_word' id='word_1_825' title='bbox 948 5508 1032 5564; x_wconf 80' lang='lat' dir='ltr'><strong>Petri</strong></span> <span class='ocrx_word' id='word_1_826' title='bbox 1052 5509 1083 5562; x_wconf 85' lang='lat' dir='ltr'><strong>in</strong></span> <span class='ocrx_word' id='word_1_827' title='bbox 1111 5504 1267 5563; x_wconf 83' lang='lat' dir='ltr'><strong>universale</strong></span> <span class='ocrx_word' id='word_1_828' title='bbox 1288 5511 1375 5576; x_wconf 82' lang='lat' dir='ltr'><strong>caput</strong></span> <span class='ocrx_word' id='word_1_829' title='bbox 1397 5509 1428 5559; x_wconf 82' lang='lat' dir='ltr'><strong>et</strong></span> <span class='ocrx_word' id='word_1_830' title='bbox 1448 5501 1599 5558; x_wconf 74' lang='lat' dir='ltr'><strong>mommbs</strong></span> <span class='ocrx_word' id='word_1_831' title='bbox 1617 5501 1743 5558; x_wconf 73' lang='lat' dir='ltr'><strong>omnim</strong></span> <span class='ocrx_word' id='word_1_832' title='bbox 1761 5502 1937 5560; x_wconf 61' lang='lat' dir='ltr'><strong>malcaim</strong></span> 
     </span>
    </p>
   </div>
   <div class='ocr_carea' id='block_1_3' title="bbox 0 0 2004 6024">
    <p class='ocr_par' dir='ltr' id='par_1_3' title="bbox 0 0 2004 6024">
     <span class='ocr_line' id='line_1_62' title="bbox 0 0 2004 6024; baseline 0 1"><span class='ocrx_word' id='word_1_833' title='bbox 0 0 2004 6024; x_wconf 95' lang='lat' dir='ltr'><strong> </strong></span> 
     </span>
    </p>
   </div>
  </div>
 </body>
</html>
