4004 6022
818 247 870 303 DE
888 247 1080 305 EOOLFSIA.
1738 259 1798 318 429

96 405 150 475 qui
166 403 262 475 regnis
280 404 344 474 plus
364 401 454 458 minus
474 402 660 475 quadraginta
676 402 812 458 dominari
824 403 933 458 dicitur.
947 398 1030 474 lausi
1046 411 1108 458 erat
1122 421 1226 474 sparsa
1242 419 1294 473 per
1310 411 1398 457 totam
1417 403 1519 470 atem,
1535 404 1571 458 id
1584 411 1627 458 sat
1638 419 1695 473 per
1708 421 1801 458 amaea
1815 425 1889 464 sasta-

98 488 272 553 Gloriantur,
292 507 321 544 se
339 506 430 560 prima
440 488 612 545 Christianae
625 489 765 560 religionis
777 489 949 547 rudimenta
948 489 1123 588 provincias
1145 498 1210 545 tana
1230 491 1366 558 copertos,
1384 491 1418 543 id
1434 490 1540 559 arcad
1527 507 1587 560 spes
1605 491 1696 555 refert
1713 490 1762 547 lib.
1776 495 1800 545 l.
1814 475 1922 567 21:23*

99 575 243 671 accepisse
276 574 312 629 ab
339 575 465 630 eunucho
491 575 627 631 candacis
651 575 764 645 reginae
786 553 950 648 praetecta}
962 591 984 627 a
1008 578 1035 631 3.
1071 577 1151 630 Idam
1166 584 1268 646 postea
1292 579 1327 630 ds
1345 594 1395 631 sao
1415 583 1538 645 tempore
1557 577 1646 641 refert
1667 575 1799 630 Tertulli·

98 660 150 730 qui
171 677 189 713 a
210 659 341 731 Philippo
366 660 523 753 baptizatus
548 669 576 717 et
593 662 627 716 de
645 660 754 716 Christo
774 661 914 716 edoctus
895 672 1032 756 inpensas
1057 661 1106 718 lib.
1131 670 1231 717 contra
1249 662 1377 716 ιῙιιάιιιοι
1400 680 1421 715 e
1441 666 1468 718 3.
1488 664 1564 716 idem
1577 671 1680 732 postea
1700 661 1799 732 Cypri·

98 744 278 815 Aethiopiam
303 761 428 800 reversus
451 747 574 818 reginam
603 755 631 802 et
658 765 787 818 magnam
814 746 936 800 familiae
961 766 1033 800 aeas
1055 747 1102 803 lib.
1121 750 1157 802 de
1177 749 1245 805 anit.
1265 750 1331 803 eccl.
1349 750 1425 802 idem
1439 755 1541 817 postea
1558 749 1733 803 Athanasius
1750 748 1799 803 tia.

98 832 195 903 regiae
215 832 366 902 populique
390 841 496 903 partem
516 833 679 902 baptizarit,
707 850 739 887 ac
757 832 937 887 subsecutum
962 835 997 887 de
1017 833 1128 888 ιιιιιιαιι.
1146 836 1230 904 verbi,
1250 835 1325 889 idem
1339 843 1440 904 postca
1460 833 1673 902 chrysostomus
1688 844 1713 889 et
1731 835 1800 889 His·

98 934 162 973 esee
186 919 327 974 doctorem
350 918 489 989 quendam
516 920 625 974 nomine
650 919 822 988 Lycaonem,
849 920 898 989 qui
920 937 1094 988 ιιιιιιιιιιιιιι
1118 919 1149 973 ia
1174 939 1197 993 a,
1219 924 1263 975 21.
1283 923 1387 976 Metili.
1423 929 1449 975 et
1467 923 1642 989 Aapastiaas
1658 922 1739 991 epist.
1762 924 1800 975 78.

97 1001 231 1074 Philippo
253 1005 353 1058 missus
378 1022 486 1059 omnem
509 1005 585 1074 apud
604 1005 665 1058 illos
684 1003 856 1058 Christianae
875 1005 937 1059 reli·
962 1014 989 1060 et
1008 1010 1051 1063 33.
1072 1008 1113 1060 ad
1129 1007 1249 1076 Harpali.
1267 1019 1319 1062 etc.
1357 1009 1493 1076 Tempore
1516 1007 1651 1076 Greporii
1667 1016 1694 1062 at
1708 1009 1799 1062 Bera-

99 1088 192 1160 giouis
211 1090 317 1144 cultum
328 1090 472 1145 ordinarit.
494 1088 702 1145 confessionem
714 1089 825 1144 illorum
837 1088 937 1146 Franc.
962 1094 1050 1146 bardi
1074 1095 1205 1148 Romana
1229 1094 1347 1148 ecclesia
1368 1095 1425 1157 fait
1449 1095 1625 1164 amplissima
1652 1100 1706 1151 etc.
1746 1093 1799 1149 Re·

97 1176 262 1231 Alvarezius
286 1176 343 1232 late
361 1174 501 1231 describit.
540 1176 713 1246 scripturam
737 1176 771 1231 V.
795 1183 824 1231 et
850 1176 885 1234 N.
903 1176 1144 1288 'Klspondemusz
1185 1185 1208 1234 l.
1237 1185 1332 1234 nostre
1362 1179 1480 1235 ecclesia
1510 1179 1627 1234 eandem
1655 1178 1800 1249 profitetur

99 1261 318 1332 amplectuutur,
342 1261 499 1332 symbolum
518 1262 701 1331 apostolicum
719 1261 870 1332 recipiunt,
894 1279 935 1316 sa·
949 1265 1046 1323 ,fidem
1076 1273 1104 1321 ct
1134 1265 1300 1333 doctrinam,
1341 1283 1425 1337 quam
1456 1265 1582 1335 professa
1608 1271 1652 1320 est
1682 1265 1800 1321 ecclesia

98 1354 273 1402 crosanctam
294 1346 458 1402 'lbinitatem
482 1346 612 1416 credunt,
640 1356 759 1418 quatuor
784 1348 1086 1432 oecumem-,tempore
1118 1352 1306 1422 apostolorum
1334 1357 1363 1407 et
1394 1351 1544 1423 primorum
1573 1359 1699 1422 patrum,
1734 1368 1800 1421 ergo

56 1494 59 1499 ,
98 1451 195 1489 corum
220 1433 400 1489 conciliorum
425 1434 543 1489 decretis
568 1435 771 1499 assentiuntur,
802 1434 858 1504 legi
881 1439 1205 1508 nonzcoiaanpuinaasa
1233 1440 1379 1492 doctrinae
1406 1438 1448 1492 illi
1470 1445 1513 1493 est
1535 1439 1684 1508 conjuncta
1706 1445 1734 1492 et
1750 1453 1800 1507 per

99 1538 182 1592 posse
199 1519 236 1575 ab
253 1520 310 1576 ullo
329 1521 440 1575 homine
459 1519 587 1575 satisfieri
604 1526 775 1591 agnoscunt3
796 1519 936 1576 Christum
963 1541 1136 1596 consequens
1155 1526 1192 1579 ad
1209 1532 1331 1580 noemam
1351 1524 1495 1579 ecclesiam
1511 1524 1644 1595 pertinet,
1664 1523 1800 1594 quidquid

100 1606 190 1660 solum
217 1625 268 1678 pro
303 1606 383 1662 uobis
410 1622 472 1661 eam
501 1605 659 1677 implevisse
686 1612 714 1661 st
739 1624 789 1677 pro
814 1607 936 1677 peccatis
948 1610 1107 1685 ,eximium
1134 1611 1310 1681 praeclarum
1333 1617 1361 1665 et
1386 1609 1567 1666 honorificum
1594 1611 1629 1665 de
1653 1610 1703 1665 illa
1725 1609 1798 1664 affir-

99 1691 202 1746 uostris
232 1693 401 1748 satisfecisse
430 1693 559 1762 credunt3
588 1693 707 1747 infantes
741 1693 878 1747 masculos
910 1696 1063 1763 etjmatur.
1108 1702 1132 1752 2.
1153 1697 1280 1752 Romana
1297 1694 1413 1752 ecclesia
1433 1696 1567 1751 hodierne
1585 1696 1621 1750 ab
1640 1697 1799 1767 integritate

99 1777 243 1833 t'oemcllas
269 1781 298 1833 in
319 1779 428 1835 nominc
447 1779 551 1844 Patris,
575 1778 645 1853 ιιιιι
663 1786 690 1833 et
709 1779 828 1849 Spiritus
846 1799 869 1835 s.
888 1779 936 1832 ba·
948 1770 951 1899 .
963 1782 1131 1852 apostolicas
1154 1789 1183 1837 et
1208 1784 1364 1854 primitivae
1388 1782 1523 1839 eeclesiae
1543 1781 1692 1852 plurimum
1711 1798 1798 1837 reces-

98 1865 222 1935 ptiaaut3
252 1865 447 1920 eucharistiam
467 1864 520 1918 sub
540 1870 658 1934 utraque
674 1865 768 1934 speeie
786 1864 938 1935 praemissa
962 1868 1015 1931 sit,
1045 1868 1222 1938 amplectitur
1247 1869 1320 1923 enim
1343 1886 1417 1924 nova
1437 1875 1466 1923 et
1487 1869 1636 1939 peregrina
1659 1868 1799 1940 dogmata,

100 1951 272 2006 confessione
295 1957 324 2006 et
346 1951 520 2005 absolutione
537 1956 595 2004 tam
612 1949 690 2004 laicis
708 1967 793 2021 quam
810 1951 935 2005 sacerdo·
962 1955 1149 2024 apostolorum
1178 1962 1206 2011 et
1232 1956 1382 2026 primorum
1409 1962 1521 2028 patrum
1550 1961 1673 2025 tempore
1696 1960 1799 2026 ignota

99 2037 175 2091 tibus
194 2035 365 2105 concedunt,
382 2036 572 2092 sacerdotibus
584 2037 745 2108 conjugium
759 2037 936 2106 permittunt,
963 2041 1143 2111 Suprematus
1165 2041 1282 2095 Romani
1298 2041 1451 2113 pontificis,
1474 2048 1541 2097 vota
1558 2042 1718 2110 monastica,
1737 2057 1798 2096 coe-

98 2124 169 2178 ritus
199 2141 217 2178 a
243 2121 352 2176 Christo
380 2139 471 2192 neque
497 2123 641 2177 mandatos
664 2139 756 2194 neque
781 2121 936 2193 prohibitos
962 2126 1065 2181 libatus
1089 2127 1278 2195 sacerdotum,
1303 2128 1494 2199 indulgentiae
1511 2128 1640 2199 papales,
1662 2125 1799 2181 invocatio

99 2209 202 2264 liberos
228 2224 288 2263 esse
310 2208 422 2276 volunt,
449 2207 663 2262 nundinationes
687 2209 832 2262 missarum
850 2214 879 2263 ct
894 2227 935 2263 aa·
961 2219 1128 2280 sanctornm,
1149 2213 1362 2269 nundinationes
1382 2213 1527 2268 missarum
1544 2219 1596 2269 etc.
1616 2230 1667 2268 nec
1686 2213 1715 2267 in
1733 2228 1798 2283 apo·

98 2294 203 2350 crificia
232 2312 283 2365 pro
310 2295 424 2349 mortuis
452 2294 615 2364 repudiant,
646 2294 828 2350 inclusionem
854 2297 934 2365 panis
961 2298 1106 2366 stolorum,
1135 2317 1186 2355 nec
1209 2301 1239 2354 in
1260 2301 1412 2369 primorum
1434 2306 1546 2371 patrum
1571 2299 1679 2369 scriptis
1704 2315 1798 2353 occur·

97 2381 266 2448 consecrati,
302 2381 505 2451 indulgentias,
544 2380 747 2436 invocationem
778 2389 935 2437 sanctorum
960 2391 1033 2439 runt.
1076 2384 1159 2440 Falso
1184 2385 1270 2457 igitur
1288 2385 1414 2440 Romana
1440 2385 1557 2441 ecclesia
1582 2385 1717 2440 hodierna
1740 2384 1797 2439 lau·

96 2476 245 2537 respuunt;
274 2466 510 2521 confirmationem
536 2473 565 2521 et
588 2467 747 2522 unctionem
770 2485 820 2537 pro
844 2485 934 2523 sacra·
961 2471 1024 2524 dcm
1035 2471 1234 2541 amplitudinis,
1251 2471 1513 2543 quaapostolicaet
1525 2468 1798 2542 primitivaecclesia

97 2553 199 2609 mentis
224 2571 279 2607 uon
303 2561 459 2624 agnoscunt
482 2558 533 2607 etc.
554 2551 659 2608 babent
676 2560 769 2608 tamen
787 2572 851 2609 suos
869 2571 933 2609 nae·
961 2556 1098 2626 excelluit,
1117 2556 1171 2611 sibi
1188 2566 1308 2629 arrogat,
1327 2575 1390 2612 cum
1409 2557 1543 2626 doctriua,
1564 2573 1636 2628 quae
1656 2562 1699 2612 est
1709 2555 1796 2611 eccls-

97 2657 147 2695 vos
172 2645 201 2694 et
229 2656 349 2706 errores,
380 2638 549 2708 baptismum
575 2639 692 2709 siugulis
717 2641 796 2694 annis
825 2641 935 2705 iterant,
960 2644 1019 2699 sias
1037 2644 1138 2714 anima,
1157 2644 1229 2699 inter
1246 2643 1318 2698 banc
1338 2643 1455 2699 stillam
1468 2644 1619 2713 plurimum
1631 2643 1667 2696 sit
1680 2642 1796 2697 diversa.

97 2725 219 2781 infanta
242 2725 379 2780 mmoulos
403 2732 432 2779 et
454 2724 589 2780 foeminas
612 2732 709 2781 octavo
728 2726 773 2781 die
793 2727 935 2782 circumci-
961 2734 985 2784 3.
1015 2729 1146 2794 Quamvis
1172 2730 1325 2800 apostolica
1352 2736 1380 2785 et
1407 2730 1548 2800 primitiva
1574 2728 1694 2784 ccclesia
1715 2726 1798 2782 fuerit

97 2812 185 2876 dunt,
219 2829 237 2867 a
264 2811 334 2866 cibis
362 2811 425 2881 lege
454 2811 578 2866 Mosaica
605 2811 754 2882 prohibitis
787 2813 935 2882 abstineut,
960 2832 1111 2886 progressu
1128 2817 1261 2888 temporis
1279 2817 1362 2887 longe
1380 2814 1493 2886 lateque
1511 2815 1635 2882 dilatata,
1653 2813 1798 2869 tamenab
1830 2807 1834 2821 ’

98 2898 292 2970 purgatorium
309 2898 403 2969 ignem
422 2914 478 2952 nou
495 2905 601 2969 negant
618 2905 670 2953 etc.
690 2899 726 2954 de
737 2899 855 2956 Romani
870 2918 935 2972 pon-
962 2903 1070 2973 exiguis
1096 2902 1182 2958 initiis
1205 2903 1310 2974 coepit,
1339 2920 1373 2959 ex
1398 2919 1453 2974 quo
1477 2902 1589 2957 immota
1616 2900 1799 2967 concluditur,

98 2983 181 3039 tificis
203 2984 390 3040 dominatione
412 2985 479 3055 quid
497 2991 636 3050 statuant,
662 2992 741 3055 patet
759 2988 936 3058 exsequenti
962 2989 1175 3059 amplitudinem
1197 3007 1252 3044 nou
1280 3006 1340 3044 esse
1363 3006 1444 3044 veras
1468 2989 1601 3044 ecclesiae
1624 2991 1798 3058 perpetuam,

98 3069 223 3126 historia
276 3071 347 3127 Cum
379 3088 452 3125 anno
484 3077 559 3126 1556.
593 3070 701 3125 Paulus
730 3072 778 3127 lV.
812 3073 937 3143 pontifex
963 3075 1079 3145 proinde
1103 3092 1156 3130 nec
1178 3076 1329 3146 genuinam
1351 3080 1380 3130 et
1400 3074 1540 3145 propriam
1562 3079 1662 3128 notam.
1702 3078 1726 3128 4.
1746 3069 1799 3123 lllo

47 3172 86 3218 aa
98 3156 242 3212 Βοιιιιιιιιι
270 3159 411 3213 Andream
436 3158 575 3216 Oviedum
600 3157 736 3214 Jesuitam
759 3159 883 3228 legatum
907 3159 936 3213 ιιι
963 3161 1023 3232 ipso
1051 3165 1191 3230 tempore,
1223 3179 1278 3232 quo
1307 3158 1464 3214 Christiana
1491 3159 1609 3215 ecelesia
1632 3176 1683 3230 per
1709 3162 1798 3212 totum

98 3244 277 3315 Aethiopiam
296 3245 427 3311 mitteret,
447 3251 479 3299 ut
497 3244 526 3298 in
544 3244 634 3299 locum
652 3244 828 3316 patriarchae
840 3245 937 3301 Aethi-
963 3247 1058 3303 orbem
1076 3245 1130 3300 fuit
1147 3246 1279 3300 latissime
1299 3244 1413 3314 diffusa,
1434 3245 1555 3301 Samuae
1572 3259 1720 3316 synagoge
1741 3235 1813 3296 am·'

98 3329 173 3402 opici
194 3330 327 3386 suffectus
347 3331 480 3385 ecelesias
501 3331 576 3384 illius
593 3331 704 3402 imperii
720 3331 780 3386 sedi
794 3332 937 3390 Romanas
963 3332 1024 3388 bitu
1047 3349 1098 3387 suo
1116 3332 1302 3402 complectens
1321 3331 1452 3403 gentiles,
1474 3330 1611 3394 Judaeos,
1634 3329 1797 3394 haereticos,

98 3416 263 3487 subjiceret,
280 3416 423 3472 Pretiosus
441 3416 584 3473 iohannes
600 3418 693 3472 Adam
710 3419 865 3491 appellatus
883 3420 935 3475 lar-
961 3420 1128 3492 Epicureos,
1154 3417 1315 3489 hypocritas
1337 3424 1388 3472 etc
1415 3416 1469 3472 fuit
1494 3416 1626 3488 amplior,
1648 3433 1715 3489 ergo
1737 3414 1797 3470 sola

97 3509 193 3557 ιιιιιιιιι
216 3502 294 3557 illum
315 3502 503 3574 patriarcham
529 3504 559 3558 in
580 3504 691 3560 vincula
709 3507 830 3576 conjecit
847 3512 875 3562 et
891 3524 935 3562 co-
962 3506 1117 3577 amplitudo
1140 3520 1197 3558 non
1219 3509 1311 3574 potest
1333 3502 1418 3558 statui
1435 3520 1517 3559 verae
1536 3502 1669 3559 ecclesias
1683 3501 1796 3573 propria

96 3588 211 3645 mitibus
240 3589 314 3644 illius
341 3591 414 3661 ignis
439 3591 608 3662 supplicium
631 3598 766 3664 tanquam
789 3593 934 3650 haereticis
961 3597 1035 3649 uota.
1085 3598 1109 3648 5.
1136 3588 1322 3644 Bellarminus
1350 3588 1403 3644 sibi
1433 3589 1487 3660 ipsi
1516 3589 1687 3644 adversatur.
1733 3587 1795 3643 Hoc

51 3725 57 3738 .
96 3676 218 3732 minabis
242 3681 299 3741 est,
330 3676 398 3747 quin
422 3678 502 3731 etin
527 3677 632 3734 bellum
647 3685 744 3734 contra
760 3678 867 3735 Turcas
887 3698 934 3736 eos
962 3680 1035 3735 euim
1059 3677 1120 3733 loco
1142 3676 1250 3744 scribit,
1273 3686 1396 3746 tempore
1415 3677 1607 3747 apostoloram
1625 3675 1797 3743 aucupatam

97 3762 208 3831 eduxit,
240 3763 315 3817 unde
342 3762 479 3818 Emanuel
506 3762 611 3820 Acosta
638 3766 831 3836 imperatorem
856 3767 934 3821 illum
953 3766 1148 3835 fructificasse
1164 3765 1194 3819 ia
1209 3772 1267 3818 toto
1285 3764 1358 3831 orbs,
1376 3771 1500 3833 tempore
1517 3762 1633 3816 lreaaci
1651 3762 1795 3815 eeclesiam

97 3848 261 3919 Aethiopiae
283 3848 424 3904 Adamum
447 3851 717 3920 apostolicaesedis
736 3853 838 3906 bostem
857 3871 934 3907 acer-
961 3854 991 3906 ιἰι
1017 3868 1112 3906 omues
1134 3859 1227 3904 terras
1250 3867 1308 3904 csse
1327 3856 1521 3919 propagatam
1544 3854 1594 3903 etc,
1622 3847 1672 3903 sed
1694 3847 1742 3902 lib.
1771 3851 1796 3902 3.

95 3937 199 3990 rimam
223 3941 314 3992 vocat.
357 3935 470 3990 Africae
495 3953 559 4006 pars
578 3943 621 3992 est
637 3938 834 4008 Mauritania,
861 3956 933 4010 quae
961 3939 996 3994 de
1015 3937 1113 4009 pontif.
1140 3935 1218 3991 Rom.
1245 3953 1268 3990 e.
1295 3942 1318 3992 4,
1342 3936 1479 4006 disputat,
1508 3934 1709 3988 Antichristam
1729 3951 1795 3986 noa·

95 4021 289 4093 complectitur
307 4026 425 4092 quatuor
443 4039 544 4093 regna,
567 4023 748 4091 Maraccuse,
768 4027 933 4096 Fassuram,
960 4027 1027 4079 daia
1042 4026 1163 4089 ιιιιιιιιιι,
1190 4023 1258 4092 quia
1278 4022 1451 4090 esaspeliam
1468 4023 1590 4074 nondam
1607 4021 1697 4086 faerit
1711 4037 1795 4090 prae-

99 4109 308 4163 Tremissaaam
326 4117 351 4163 et
367 4110 550 4178 Taaetaaam,
569 4126 640 4181 quae
659 4110 932 4169 licetMuhameticis
961 4113 1085 4166 uastum
1108 4112 1138 4164 in
1159 4118 1215 4165 tato
1239 4111 1352 4165 maudo.
1397 4115 1421 4164 6.
1445 4107 1582 4177 Tempore
1606 4105 1792 4175 apostolorum
1825 4171 1832 4181 Ι

94 4193 338 4267 superstitionibus
365 4195 420 4248 sint
443 4195 563 4266 repleta,
589 4203 684 4251 tamen
701 4197 863 4254 Christianis
889 4218 931 4255 cc·
959 4206 987 4255 st
1009 4198 1159 4270 primorum
1180 4200 1290 4266 patrum
1313 4193 1436 4248 nondum
1457 4191 1577 4247 obtinuit
1601 4190 1727 4245 Romana
1748 4208 1793 4245 cc·

94 4281 188 4337 clesiis
205 4281 340 4336 nonnulla
358 4279 479 4352 hospitia
496 4282 637 4353 praebent.
677 4283 710 4337 ln
727 4300 813 4354 regno
831 4286 931 4340 Maro·
959 4284 1043 4340 clesia
1073 4283 1151 4338 illum
1181 4281 1329 4353 primatum
1353 4278 1510 4350 potestatis,
1544 4293 1627 4349 quem
1654 4276 1737 4332 hodie
1764 4277 1792 4332 iu

94 4367 172 4421 cassi
196 4373 223 4419 et
242 4367 369 4420 Fessaao
387 4366 491 4436 passim
509 4367 605 4423 fideles
622 4368 800 4439 reperiuntur
817 4371 930 4427 Christi·
958 4372 1079 4441 reliquas
1106 4369 1236 4425 ecclesias
1261 4373 1379 4427 exercet.
1424 4366 1494 4422 Cum
1520 4363 1645 4419 Marcion
1669 4381 1685 4418 a
1713 4370 1792 4434 patre

94 4453 188 4518 colas,
213 4453 261 4524 qui
279 4469 335 4507 non
357 4454 445 4508 solum
464 4453 690 4526 Muhametismo,
717 4457 766 4511 sed
782 4458 865 4512 etiam
882 4476 931 4530 pa·
959 4455 1211 4513 excommunicatus
1246 4453 1362 4509 Romam
1397 4452 1508 4524 fugeret
1538 4458 1568 4507 et
1597 4450 1632 4505 ab
1662 4449 1793 4519 episcopo

93 4539 185 4611 pismo
199 4545 314 4609 propter
325 4539 514 4609 Hispanorum
526 4542 701 4612 tyrannidem
710 4543 930 4602 contradicentes
958 4544 1082 4600 Romano
1106 4543 1135 4596 ιιι
1163 4541 1383 4596 communionem
1408 4538 1495 4610 recipi
1521 4543 1645 4609 peteret,
1672 4534 1793 4606 negabat

94 4624 274 4696 evangelicae
304 4626 415 4681 veritati
446 4626 645 4699 suffragantur.
685 4628 730 4683 De
754 4631 931 4686 Americanis
957 4633 1120 4704 episcopus,
1137 4628 1190 4683 sibi
1206 4627 1260 4682 hoc
1277 4627 1383 4698 absque
1401 4643 1537 4682 consensu
1554 4624 1641 4698 patris
1659 4621 1794 4692 ipsius,a

93 4710 218 4769 ecelesiis
236 4711 343 4767 dicetur
358 4720 463 4784 postea.
492 4714 521 4770 Si
541 4715 603 4784 quis
623 4714 709 4786 igitur
727 4718 931 4787 computatione
959 4736 1013 4790 qao
1025 4717 1150 4771 Marcion
1163 4715 1412 4771 excommunicatus
1424 4719 1491 4782 erat,
1510 4713 1600 4772 licere,
1619 4707 1793 4780 Epiphanius

94 4797 172 4854 iacta
180 4797 354 4853 collationem
364 4798 509 4854 instituere
518 4800 586 4855 velit
592 4800 664 4856 iuter
672 4802 931 4859 ecclesiasRomano
958 4805 987 4859 in
1011 4804 1116 4859 haeres.
1142 4802 1291 4869 Marcion,
1322 4799 1429 4855 Victori
1454 4799 1484 4853 in
1508 4805 1634 4854 externae
1660 4793 1792 4848 ecclesias
1808 4809 1843 4852 ra
1855 4808 1901 4852 tao.

93 4882 221 4956 pontifici
241 4882 384 4953 subJectas
410 4892 438 4941 et
461 4885 533 4940 inter
557 4887 679 4960 reliquas
702 4905 720 4942 a
733 4889 805 4960 jugo
822 4891 931 4962 papalis
954 4890 1176 4963 jurisdictionem
1200 4903 1326 4943 exercere
1351 4885 1462 4940 conanti
1482 4885 1642 4939 restiterunt
1661 4881 1794 4937 ecclesiae

93 4969 251 5042 tyrannidis
267 4970 382 5038 liberas,
412 4972 613 5043 deprehendet,
639 4978 763 5030 eandam
781 4977 932 5032 dissidium
957 4977 1106 5046 Asiaticae,
1124 4974 1261 5030 Eusebius
1279 4973 1325 5028 lib.
1346 4978 1370 5028 5.
1391 4970 1455 5026 hist.
1473 4971 1570 5027 eccles.
1590 4987 1613 5023 c.
1636 4974 1676 5023 tl.
1697 4966 1725 5020 in
1742 4967 1792 5023 Ni·

93 5057 170 5111 orts‘s
204 5057 362 5113 Christiani
384 5067 497 5129 postem
520 5061 688 5125 Pontificiae
711 5065 849 5132 potestati
874 5082 931 5120 essa
957 5080 1043 5121 caena
1073 5063 1180 5134 synodo
1208 5060 1420 5115 ιιιιιιιιιιὶοαιιιιιι
1447 5059 1627 5114 sectatos-am
1646 5073 1715 5107 cara
1738 5053 1794 5124 cpi·

92 5144 245 5199 medana
957 5166 1041 5221 scopo
1073 5149 1198 5204 Romano
1229 5151 1272 5203 est
1301 5144 1416 5200 addicta
1442 5150 1470 5200 et
1496 5143 1526 5198 in
1557 5141 1651 5197 multis
1678 5141 1794 5212 synodis

47 5266 55 5277 -
131 5235 188 5287 187
216 5229 272 5287 Sed
291 5229 437 5286 audiamus
455 5230 626 5286 thrasouicas
639 5232 799 5288 Bellarmiui
819 5237 856 5291 ds
873 5253 930 5292 am-
956 5243 1055 5307 postea
1071 5235 1219 5302 decretum,
1238 5248 1273 5288 ne
1290 5230 1470 5303 quispn'mae
1485 5230 1631 5298 episcopua
1644 5227 1793 5281 dicereeas.

47 5315 229 5386 plitudiue
255 5317 386 5374 ecclesiae
410 5316 551 5373 Romanae
575 5319 760 5389 gloriationes
804 5326 828 5380 1.
852 5325 930 5378 Tem·
956 5325 1020 5380 Jam
1044 5339 1109 5378 vero
1139 5319 1338 5391 subjectionem
1365 5333 1432 5389 erga
1453 5316 1610 5372 Romanum
1633 5313 1792 5385 pontificem

47 5403 65 5443 Ι·
86 5419 162 5473 pare
188 5404 384 5472 apostoloram
411 5404 526 5476 (inquit)
554 5413 653 5460 uestra
676 5409 831 5462 ecelesia
817 5427 847 5464 ιιι
873 5419 929 5465 toro
956 5408 1140 5464 Bellarminus
1157 5406 1256 5461 statuit
1269 5402 1401 5461 ecclesias
1414 5418 1482 5457 suae
1492 5401 1677 5456 essentialem
1701 5398 1793 5466 Quare

91 5489 194 5545 mdo
211 5489 390 5559 fructificare
407 5492 497 5561 eoepit
515 5489 622 5564 coll,
641 5509 667 5550 v.
685 5499 711 5552 6
728 5502 851 5566 tempore
869 5500 929 5552 Ire·
956 5513 1019 5554 cum
1048 5494 1077 5550 iu
1103 5493 1256 5565 apostolica
1282 5495 1311 5547 et
1341 5486 1481 5561 primitiva
1510 5487 1627 5546 ecclesia
1657 5485 1794 5561 subiectio
