<?xml version="1.0" encoding="UTF-8"?>
<!DOCTYPE html PUBLIC "-//W3C//DTD XHTML 1.0 Transitional//EN"
    "http://www.w3.org/TR/xhtml1/DTD/xhtml1-transitional.dtd">
<html xmlns="http://www.w3.org/1999/xhtml" xml:lang="en" lang="en">
 <head>
  <title>
</title>
<meta http-equiv="Content-Type" content="text/html;charset=utf-8" />
  <meta name='ocr-system' content='tesseract 3.04.00' />
  <meta name='ocr-capabilities' content='ocr_page ocr_carea ocr_par ocr_line ocrx_word'/>
</head>
<body>
  <div class='ocr_page' id='page_1' title='image "./locitheologicit03gerhgoog_0333.png"; bbox 0 0 4004 6022; ppageno 0'>
   <div class='ocr_carea' id='block_1_1' title="bbox 233 209 1360 281">
    <p class='ocr_par' dir='ltr' id='par_1_1' title="bbox 233 209 1360 281">
     <span class='ocr_line' id='line_1_1' title="bbox 233 209 1360 281; baseline -0.008 0"><span class='ocrx_word' id='word_1_1' title='bbox 233 223 293 281; x_wconf 76' lang='lat'>822</span> <span class='ocrx_word' id='word_1_2' title='bbox 796 212 918 270; x_wconf 78' lang='lat' dir='ltr'>Locus</span> <span class='ocrx_word' id='word_1_3' title='bbox 935 209 1140 269; x_wconf 66' lang='lat' dir='ltr'>menelaus</span> <span class='ocrx_word' id='word_1_4' title='bbox 1157 211 1360 272; x_wconf 77' lang='lat' dir='ltr'>SECUNDUS</span> 
     </span>
    </p>
   </div>
   <div class='ocr_carea' id='block_1_2' title="bbox 104 366 2002 5505">
    <p class='ocr_par' dir='ltr' id='par_1_2' title="bbox 104 366 2001 5505">
     <span class='ocr_line' id='line_1_2' title="bbox 230 366 2001 438; baseline 0.001 -13"><span class='ocrx_word' id='word_1_5' title='bbox 230 368 279 426; x_wconf 90' lang='lat' dir='ltr'>illa</span> <span class='ocrx_word' id='word_1_6' title='bbox 296 366 457 427; x_wconf 86' lang='lat' dir='ltr'>Bellarmini</span> <span class='ocrx_word' id='word_1_7' title='bbox 475 366 627 423; x_wconf 84' lang='lat' dir='ltr'>desiderari</span> <span class='ocrx_word' id='word_1_8' title='bbox 643 367 738 438; x_wconf 90' lang='lat' dir='ltr'>possit</span> <span class='ocrx_word' id='word_1_9' title='bbox 758 367 885 436; x_wconf 90' lang='lat' dir='ltr'>superius</span> <span class='ocrx_word' id='word_1_10' title='bbox 901 367 1065 421; x_wconf 86' lang='lat' dir='ltr'>monuimus.</span> <span class='ocrx_word' id='word_1_11' title='bbox 1093 366 1262 434; x_wconf 74' lang='lat' dir='ltr'><strong>quaestionis</strong></span> <span class='ocrx_word' id='word_1_12' title='bbox 1294 367 1479 424; x_wconf 87' lang='lat' dir='ltr'>Bellsrminus</span> <span class='ocrx_word' id='word_1_13' title='bbox 1504 384 1529 427; x_wconf 89' lang='lat' dir='ltr'>o.</span> <span class='ocrx_word' id='word_1_14' title='bbox 1556 374 1598 427; x_wconf 91' lang='lat' dir='ltr'>ll.</span> <span class='ocrx_word' id='word_1_15' title='bbox 1624 367 1729 423; x_wconf 78' lang='lat' dir='ltr'>format</span> <span class='ocrx_word' id='word_1_16' title='bbox 1753 368 1807 423; x_wconf 91' lang='lat' dir='ltr'>boc</span> <span class='ocrx_word' id='word_1_17' title='bbox 1832 368 1933 423; x_wconf 86' lang='lat' dir='ltr'>modo:</span> <span class='ocrx_word' id='word_1_18' title='bbox 1948 389 2001 427; x_wconf 73' lang='lat' dir='ltr'>ees</span> 
     </span>
     <span class='ocr_line' id='line_1_3' title="bbox 104 448 2002 531; baseline -0.001 -20"><span class='ocrx_word' id='word_1_19' title='bbox 104 448 205 492; x_wconf 55' lang='grc' dir='ltr'>ΗΜ·</span> <span class='ocrx_word' id='word_1_20' title='bbox 232 455 369 513; x_wconf 79' lang='lat' dir='ltr'>Octavum</span> <span class='ocrx_word' id='word_1_21' title='bbox 389 462 417 511; x_wconf 92' lang='lat' dir='ltr'>et</span> <span class='ocrx_word' id='word_1_22' title='bbox 436 456 562 510; x_wconf 83' lang='lat' dir='ltr'>ulnmum</span> <span class='ocrx_word' id='word_1_23' title='bbox 573 461 767 525; x_wconf 88' lang='lat' dir='ltr'>argumentum</span> <span class='ocrx_word' id='word_1_24' title='bbox 781 453 900 507; x_wconf 74' lang='lat' dir='ltr'>sumitur</span> <span class='ocrx_word' id='word_1_25' title='bbox 910 470 942 506; x_wconf 80' lang='lat' dir='ltr'>ea</span> <span class='ocrx_word' id='word_1_26' title='bbox 956 454 1066 522; x_wconf 84' lang='lat' dir='ltr'>quibus-</span> <span class='ocrx_word' id='word_1_27' title='bbox 1092 459 1184 506; x_wconf 83' lang='lat' dir='ltr'>utrum</span> <span class='ocrx_word' id='word_1_28' title='bbox 1207 454 1326 507; x_wconf 70' lang='lat' dir='ltr'>amititia</span> <span class='ocrx_word' id='word_1_29' title='bbox 1350 455 1470 509; x_wconf 83' lang='lat' dir='ltr'>ecclesia</span> <span class='ocrx_word' id='word_1_30' title='bbox 1493 456 1634 510; x_wconf 85' lang='lat' dir='ltr'>interdum</span> <span class='ocrx_word' id='word_1_31' title='bbox 1658 456 1701 509; x_wconf 83' lang='lat' dir='ltr'>ita</span> <span class='ocrx_word' id='word_1_32' title='bbox 1725 463 1800 509; x_wconf 81' lang='lat' dir='ltr'>erret</span> <span class='ocrx_word' id='word_1_33' title='bbox 1824 455 1856 509; x_wconf 75' lang='lat' dir='ltr'>in</span> <span class='ocrx_word' id='word_1_34' title='bbox 1869 448 1996 523; x_wconf 55' lang='grc' dir='ltr'>ΜΝ·</span> <span class='ocrx_word' id='word_1_35' title='bbox 1947 491 2002 531; x_wconf 53' lang='grc' dir='ltr'>α,</span> 
     </span>
     <span class='ocr_line' id='line_1_4' title="bbox 106 507 1934 611; baseline -0.001 -15"><span class='ocrx_word' id='word_1_36' title='bbox 106 507 203 552; x_wconf 57' lang='lat' dir='ltr'>”m</span> <span class='ocrx_word' id='word_1_37' title='bbox 233 543 300 596; x_wconf 85' lang='lat' dir='ltr'>dam</span> <span class='ocrx_word' id='word_1_38' title='bbox 320 542 403 595; x_wconf 85' lang='lat' dir='ltr'>dictis</span> <span class='ocrx_word' id='word_1_39' title='bbox 414 550 540 609; x_wconf 86' lang='lat' dir='ltr'>patrum,</span> <span class='ocrx_word' id='word_1_40' title='bbox 558 540 606 596; x_wconf 89' lang='lat' dir='ltr'>scd</span> <span class='ocrx_word' id='word_1_41' title='bbox 625 541 672 595; x_wconf 92' lang='lat' dir='ltr'>illa</span> <span class='ocrx_word' id='word_1_42' title='bbox 691 538 1066 596; x_wconf 88' lang='lat' dir='ltr'>nostracsententiaeneuti-</span> <span class='ocrx_word' id='word_1_43' title='bbox 1092 544 1118 589; x_wconf 86' lang='lat' dir='ltr'>et</span> <span class='ocrx_word' id='word_1_44' title='bbox 1137 539 1276 607; x_wconf 81' lang='lat' dir='ltr'>rnoribus,</span> <span class='ocrx_word' id='word_1_45' title='bbox 1297 548 1328 592; x_wconf 87' lang='lat' dir='ltr'>ut</span> <span class='ocrx_word' id='word_1_46' title='bbox 1343 541 1457 609; x_wconf 65' lang='lat' dir='ltr'>pennus</span> <span class='ocrx_word' id='word_1_47' title='bbox 1478 541 1613 610; x_wconf 72' lang='lat' dir='ltr'>deficiat!</span> <span class='ocrx_word' id='word_1_48' title='bbox 1645 540 1804 610; x_wconf 86' lang='lat' dir='ltr'>Negantem</span> <span class='ocrx_word' id='word_1_49' title='bbox 1821 549 1934 611; x_wconf 77' lang='lat' dir='ltr'>parum</span> 
     </span>
     <span class='ocr_line' id='line_1_5' title="bbox 232 621 1934 701; baseline -0.002 -18"><span class='ocrx_word' id='word_1_50' title='bbox 232 644 317 701; x_wconf 88' lang='lat' dir='ltr'>quam</span> <span class='ocrx_word' id='word_1_51' title='bbox 341 632 407 681; x_wconf 90' lang='lat' dir='ltr'>sunt</span> <span class='ocrx_word' id='word_1_52' title='bbox 429 628 552 681; x_wconf 84' lang='lat' dir='ltr'>adversa.</span> <span class='ocrx_word' id='word_1_53' title='bbox 590 624 723 698; x_wconf 76' lang='lat' dir='ltr'><strong>Origenes</strong></span> <span class='ocrx_word' id='word_1_54' title='bbox 748 625 840 679; x_wconf 89' lang='lat' dir='ltr'>homil.</span> <span class='ocrx_word' id='word_1_55' title='bbox 861 631 901 680; x_wconf 81' lang='lat'>30.</span> <span class='ocrx_word' id='word_1_56' title='bbox 920 624 948 678; x_wconf 92' lang='lat' dir='ltr'>in</span> <span class='ocrx_word' id='word_1_57' title='bbox 968 621 1098 679; x_wconf 84' lang='lat' dir='ltr'>ldattb.&#39;</span> <span class='ocrx_word' id='word_1_58' title='bbox 1090 638 1151 693; x_wconf 79' lang='lat' dir='ltr'>lpse</span> <span class='ocrx_word' id='word_1_59' title='bbox 1179 625 1357 694; x_wconf 78' lang='lat' dir='ltr'>amplectitur</span> <span class='ocrx_word' id='word_1_60' title='bbox 1387 643 1410 681; x_wconf 93' lang='lat' dir='ltr'>c.</span> <span class='ocrx_word' id='word_1_61' title='bbox 1443 631 1482 682; x_wconf 82' lang='lat' dir='ltr'>te.</span> <span class='ocrx_word' id='word_1_62' title='bbox 1514 625 1698 680; x_wconf 78' lang='lat' dir='ltr'>affimantem</span> <span class='ocrx_word' id='word_1_63' title='bbox 1725 624 1806 679; x_wconf 88' lang='lat' dir='ltr'>nobis</span> <span class='ocrx_word' id='word_1_64' title='bbox 1833 626 1934 683; x_wconf 85' lang='lat' dir='ltr'>tribuit</span> 
     </span>
     <span class='ocr_line' id='line_1_6' title="bbox 231 709 1934 783; baseline -0.002 -14"><span class='ocrx_word' id='word_1_65' title='bbox 231 714 312 782; x_wconf 90' lang='lat' dir='ltr'>dicit,</span> <span class='ocrx_word' id='word_1_66' title='bbox 337 714 481 767; x_wconf 70' lang='lat' dir='ltr'><strong><em>eccleciam</em></strong></span> <span class='ocrx_word' id='word_1_67' title='bbox 501 730 559 766; x_wconf 85' lang='lat' dir='ltr'>csse</span> <span class='ocrx_word' id='word_1_68' title='bbox 572 713 690 780; x_wconf 84' lang='lat' dir='ltr'>plenam</span> <span class='ocrx_word' id='word_1_69' title='bbox 708 712 824 780; x_wconf 72' lang='lat' dir='ltr'>fulpore</span> <span class='ocrx_word' id='word_1_70' title='bbox 843 713 878 764; x_wconf 84' lang='lat' dir='ltr'>ab</span> <span class='ocrx_word' id='word_1_71' title='bbox 898 712 1003 766; x_wconf 84' lang='lat' dir='ltr'>oriente</span> <span class='ocrx_word' id='word_1_72' title='bbox 1019 730 1064 764; x_wconf 79' lang='lat' dir='ltr'>aa·</span> <span class='ocrx_word' id='word_1_73' title='bbox 1090 725 1114 764; x_wconf 87' lang='lat' dir='ltr'>c.</span> <span class='ocrx_word' id='word_1_74' title='bbox 1135 715 1174 764; x_wconf 85' lang='grc'>16.</span> <span class='ocrx_word' id='word_1_75' title='bbox 1210 709 1410 765; x_wconf 67' lang='grc' dir='ltr'>**Ρὴοϊίιιίιιιιί</span> <span class='ocrx_word' id='word_1_76' title='bbox 1429 711 1542 783; x_wconf 89' lang='lat' dir='ltr'>quidem</span> <span class='ocrx_word' id='word_1_77' title='bbox 1559 716 1700 779; x_wconf 87' lang='lat' dir='ltr'>statuunt,</span> <span class='ocrx_word' id='word_1_78' title='bbox 1718 710 1869 765; x_wconf 77' lang='lat' dir='ltr'>ecclesiam</span> <span class='ocrx_word' id='word_1_79' title='bbox 1883 729 1934 780; x_wconf 83' lang='lat' dir='ltr'>pe-</span> 
     </span>
     <span class='ocr_line' id='line_1_7' title="bbox 232 795 1934 870; baseline -0.001 -16"><span class='ocrx_word' id='word_1_80' title='bbox 232 818 284 870; x_wconf 79' lang='lat' dir='ltr'>puc</span> <span class='ocrx_word' id='word_1_81' title='bbox 309 803 351 854; x_wconf 88' lang='lat' dir='ltr'>ad</span> <span class='ocrx_word' id='word_1_82' title='bbox 376 800 559 862; x_wconf 86' lang='lat' dir='ltr'>occidentem,</span> <span class='ocrx_word' id='word_1_83' title='bbox 585 798 635 853; x_wconf 90' lang='lat' dir='ltr'>sed</span> <span class='ocrx_word' id='word_1_84' title='bbox 661 799 714 853; x_wconf 91' lang='lat' dir='ltr'>boe</span> <span class='ocrx_word' id='word_1_85' title='bbox 740 798 820 853; x_wconf 91' lang='lat' dir='ltr'>nobis</span> <span class='ocrx_word' id='word_1_86' title='bbox 844 815 899 852; x_wconf 89' lang='lat' dir='ltr'>non</span> <span class='ocrx_word' id='word_1_87' title='bbox 919 804 1064 868; x_wconf 79' lang='lat' dir='ltr'>repugnat,</span> <span class='ocrx_word' id='word_1_88' title='bbox 1090 795 1166 848; x_wconf 83' lang='lat' dir='ltr'>nitus</span> <span class='ocrx_word' id='word_1_89' title='bbox 1189 798 1308 860; x_wconf 68' lang='lat' dir='ltr'>delicere</span> <span class='ocrx_word' id='word_1_90' title='bbox 1330 815 1421 866; x_wconf 85' lang='lat' dir='ltr'>posse.</span> <span class='ocrx_word' id='word_1_91' title='bbox 1457 797 1581 852; x_wconf 89' lang='lat' dir='ltr'>Pisecius</span> <span class='ocrx_word' id='word_1_92' title='bbox 1606 797 1637 852; x_wconf 89' lang='lat' dir='ltr'>in</span> <span class='ocrx_word' id='word_1_93' title='bbox 1660 796 1779 868; x_wconf 82' lang='lat' dir='ltr'>praefat</span> <span class='ocrx_word' id='word_1_94' title='bbox 1802 813 1876 868; x_wconf 83' lang='lat' dir='ltr'>resp</span> <span class='ocrx_word' id='word_1_95' title='bbox 1897 799 1934 852; x_wconf 91' lang='lat' dir='ltr'>ad</span> 
     </span>
     <span class='ocr_line' id='line_1_8' title="bbox 231 881 1934 956; baseline -0.003 -15"><span class='ocrx_word' id='word_1_96' title='bbox 231 903 321 956; x_wconf 90' lang='lat' dir='ltr'>neque</span> <span class='ocrx_word' id='word_1_97' title='bbox 340 886 413 940; x_wconf 91' lang='lat' dir='ltr'>enim</span> <span class='ocrx_word' id='word_1_98' title='bbox 431 893 580 956; x_wconf 89' lang='lat' dir='ltr'>perpetuus</span> <span class='ocrx_word' id='word_1_99' title='bbox 598 892 640 939; x_wconf 91' lang='lat' dir='ltr'>est</span> <span class='ocrx_word' id='word_1_100' title='bbox 657 884 703 938; x_wconf 90' lang='lat' dir='ltr'>illc</span> <span class='ocrx_word' id='word_1_101' title='bbox 722 884 900 939; x_wconf 88' lang='lat' dir='ltr'>ecclesiarum</span> <span class='ocrx_word' id='word_1_102' title='bbox 917 882 1065 953; x_wconf 90' lang='lat' dir='ltr'>particula·</span> <span class='ocrx_word' id='word_1_103' title='bbox 1096 881 1264 936; x_wconf 75' lang='lat' dir='ltr'>rorationes</span> <span class='ocrx_word' id='word_1_104' title='bbox 1284 882 1429 955; x_wconf 73' lang='lat' dir='ltr'>(lamptani</span> <span class='ocrx_word' id='word_1_105' title='bbox 1447 883 1482 939; x_wconf 62' lang='grc' dir='ltr'><strong>Α</strong></span> <span class='ocrx_word' id='word_1_106' title='bbox 1500 890 1533 939; x_wconf 77' lang='lat'>2:</span> <span class='ocrx_word' id='word_1_107' title='bbox 1561 883 1687 937; x_wconf 82' lang='lat' dir='ltr'>Multum</span> <span class='ocrx_word' id='word_1_108' title='bbox 1704 884 1836 937; x_wconf 81' lang='lat' dir='ltr'>debemus</span> <span class='ocrx_word' id='word_1_109' title='bbox 1853 884 1934 951; x_wconf 81' lang='lat' dir='ltr'>ciris,</span> 
     </span>
     <span class='ocr_line' id='line_1_9' title="bbox 230 967 1936 1042; baseline -0.002 -16"><span class='ocrx_word' id='word_1_110' title='bbox 230 974 302 1026; x_wconf 91' lang='lat' dir='ltr'>rium</span> <span class='ocrx_word' id='word_1_111' title='bbox 326 971 419 1042; x_wconf 82' lang='lat' dir='ltr'><strong>fulgor</strong></span> <span class='ocrx_word' id='word_1_112' title='bbox 442 979 589 1040; x_wconf 81' lang='lat' dir='ltr'>externus,</span> <span class='ocrx_word' id='word_1_113' title='bbox 614 977 643 1025; x_wconf 89' lang='lat' dir='ltr'>et</span> <span class='ocrx_word' id='word_1_114' title='bbox 664 971 693 1024; x_wconf 90' lang='lat' dir='ltr'>in</span> <span class='ocrx_word' id='word_1_115' title='bbox 719 970 870 1024; x_wconf 89' lang='lat' dir='ltr'>clarissimo</span> <span class='ocrx_word' id='word_1_116' title='bbox 889 969 1065 1024; x_wconf 85' lang='lat' dir='ltr'>eeclesiarum</span> <span class='ocrx_word' id='word_1_117' title='bbox 1093 967 1142 1035; x_wconf 88' lang='lat' dir='ltr'>qui</span> <span class='ocrx_word' id='word_1_118' title='bbox 1157 967 1326 1036; x_wconf 75' lang='lat' dir='ltr'>primirum</span> <span class='ocrx_word' id='word_1_119' title='bbox 1347 969 1505 1038; x_wconf 77' lang='lat' dir='ltr'>Pontificiis</span> <span class='ocrx_word' id='word_1_120' title='bbox 1525 970 1651 1023; x_wconf 87' lang='lat' dir='ltr'>animose</span> <span class='ocrx_word' id='word_1_121' title='bbox 1670 969 1813 1036; x_wconf 80' lang='lat' dir='ltr'>conpressi</span> <span class='ocrx_word' id='word_1_122' title='bbox 1828 985 1936 1037; x_wconf 79' lang='lat' dir='ltr'>mopsus</span> 
     </span>
     <span class='ocr_line' id='line_1_10' title="bbox 230 1053 1936 1129; baseline -0.003 -16"><span class='ocrx_word' id='word_1_123' title='bbox 230 1058 440 1129; x_wconf 69' lang='lat' dir='ltr'>particularium</span> <span class='ocrx_word' id='word_1_124' title='bbox 458 1057 567 1128; x_wconf 84' lang='lat' dir='ltr'>fulgore</span> <span class='ocrx_word' id='word_1_125' title='bbox 583 1055 700 1111; x_wconf 88' lang='lat' dir='ltr'>ecclesia</span> <span class='ocrx_word' id='word_1_126' title='bbox 718 1055 853 1110; x_wconf 72' lang='lat' dir='ltr'>camolica</span> <span class='ocrx_word' id='word_1_127' title='bbox 875 1055 931 1109; x_wconf 85' lang='lat' dir='ltr'>sive</span> <span class='ocrx_word' id='word_1_128' title='bbox 951 1072 1065 1125; x_wconf 88' lang='lat' dir='ltr'>congre-</span> <span class='ocrx_word' id='word_1_129' title='bbox 1093 1054 1219 1105; x_wconf 80' lang='lat' dir='ltr'>veritatis</span> <span class='ocrx_word' id='word_1_130' title='bbox 1238 1053 1266 1105; x_wconf 81' lang='lat' dir='ltr'>in</span> <span class='ocrx_word' id='word_1_131' title='bbox 1287 1054 1374 1107; x_wconf 82' lang='lat' dir='ltr'>lucem</span> <span class='ocrx_word' id='word_1_132' title='bbox 1393 1071 1426 1107; x_wconf 79' lang='lat' dir='ltr'>ca</span> <span class='ocrx_word' id='word_1_133' title='bbox 1438 1055 1538 1123; x_wconf 77' lang='lat' dir='ltr'>abysso</span> <span class='ocrx_word' id='word_1_134' title='bbox 1551 1055 1729 1108; x_wconf 83' lang='lat' dir='ltr'>tenebrarum</span> <span class='ocrx_word' id='word_1_135' title='bbox 1739 1055 1936 1124; x_wconf 78' lang='lat' dir='ltr'>proferendae</span> 
     </span>
     <span class='ocr_line' id='line_1_11' title="bbox 230 1140 1936 1215; baseline -0.001 -18"><span class='ocrx_word' id='word_1_136' title='bbox 230 1144 307 1215; x_wconf 87' lang='lat' dir='ltr'>gatio</span> <span class='ocrx_word' id='word_1_137' title='bbox 324 1160 388 1199; x_wconf 82' lang='lat' dir='ltr'>vere</span> <span class='ocrx_word' id='word_1_138' title='bbox 406 1143 516 1214; x_wconf 90' lang='lat' dir='ltr'>piorum</span> <span class='ocrx_word' id='word_1_139' title='bbox 534 1149 576 1198; x_wconf 90' lang='lat' dir='ltr'>est</span> <span class='ocrx_word' id='word_1_140' title='bbox 593 1141 748 1197; x_wconf 89' lang='lat' dir='ltr'>invisibilis.</span> <span class='ocrx_word' id='word_1_141' title='bbox 785 1141 867 1195; x_wconf 86' lang='lat' dir='ltr'>Adde</span> <span class='ocrx_word' id='word_1_142' title='bbox 888 1141 963 1211; x_wconf 90' lang='lat' dir='ltr'>quod</span> <span class='ocrx_word' id='word_1_143' title='bbox 976 1140 1066 1210; x_wconf 80' lang='lat' dir='ltr'>fulgo·</span> <span class='ocrx_word' id='word_1_144' title='bbox 1087 1140 1218 1207; x_wconf 82' lang='lat' dir='ltr'>jecerunt</span> <span class='ocrx_word' id='word_1_145' title='bbox 1256 1141 1463 1207; x_wconf 75' lang='lat' dir='ltr'>sumiamenta;</span> <span class='ocrx_word' id='word_1_146' title='bbox 1494 1141 1563 1211; x_wconf 86' lang='lat' dir='ltr'>ptus</span> <span class='ocrx_word' id='word_1_147' title='bbox 1600 1149 1693 1195; x_wconf 87' lang='lat' dir='ltr'>tamen</span> <span class='ocrx_word' id='word_1_148' title='bbox 1719 1141 1936 1210; x_wconf 65' lang='lat' dir='ltr'>posterioribus,</span> 
     </span>
     <span class='ocr_line' id='line_1_12' title="bbox 230 1226 1935 1299; baseline -0.002 -14"><span class='ocrx_word' id='word_1_149' title='bbox 230 1244 288 1285; x_wconf 87' lang='lat' dir='ltr'>rem</span> <span class='ocrx_word' id='word_1_150' title='bbox 312 1230 390 1284; x_wconf 90' lang='lat' dir='ltr'>illum</span> <span class='ocrx_word' id='word_1_151' title='bbox 408 1229 542 1299; x_wconf 79' lang='lat' dir='ltr'>Origenes</span> <span class='ocrx_word' id='word_1_152' title='bbox 567 1228 628 1298; x_wconf 90' lang='lat' dir='ltr'>ipse</span> <span class='ocrx_word' id='word_1_153' title='bbox 646 1228 749 1282; x_wconf 90' lang='lat' dir='ltr'>ibidem</span> <span class='ocrx_word' id='word_1_154' title='bbox 767 1227 880 1297; x_wconf 85' lang='lat' dir='ltr'>exponit</span> <span class='ocrx_word' id='word_1_155' title='bbox 898 1226 933 1281; x_wconf 92' lang='lat' dir='ltr'>de</span> <span class='ocrx_word' id='word_1_156' title='bbox 951 1227 1066 1281; x_wconf 85' lang='lat' dir='ltr'>veritate</span> <span class='ocrx_word' id='word_1_157' title='bbox 1094 1243 1210 1292; x_wconf 86' lang='lat' dir='ltr'>quorum</span> <span class='ocrx_word' id='word_1_158' title='bbox 1236 1244 1324 1295; x_wconf 88' lang='lat' dir='ltr'>opera</span> <span class='ocrx_word' id='word_1_159' title='bbox 1344 1230 1423 1281; x_wconf 89' lang='lat' dir='ltr'>Deus</span> <span class='ocrx_word' id='word_1_160' title='bbox 1451 1228 1481 1280; x_wconf 88' lang='lat' dir='ltr'>in</span> <span class='ocrx_word' id='word_1_161' title='bbox 1505 1245 1570 1281; x_wconf 87' lang='lat' dir='ltr'>vero</span> <span class='ocrx_word' id='word_1_162' title='bbox 1585 1227 1700 1296; x_wconf 84' lang='lat' dir='ltr'>plenius</span> <span class='ocrx_word' id='word_1_163' title='bbox 1718 1229 1935 1298; x_wconf 84' lang='lat' dir='ltr'>interpretando</span> 
     </span>
     <span class='ocr_line' id='line_1_13' title="bbox 230 1313 1935 1386; baseline -0.002 -15"><span class='ocrx_word' id='word_1_164' title='bbox 230 1316 259 1371; x_wconf 92' lang='lat' dir='ltr'>in</span> <span class='ocrx_word' id='word_1_165' title='bbox 277 1315 429 1386; x_wconf 87' lang='lat' dir='ltr'>Scripturis</span> <span class='ocrx_word' id='word_1_166' title='bbox 447 1315 531 1369; x_wconf 91' lang='lat' dir='ltr'>sacris</span> <span class='ocrx_word' id='word_1_167' title='bbox 549 1313 686 1368; x_wconf 86' lang='lat' dir='ltr'>revelata:</span> <span class='ocrx_word' id='word_1_168' title='bbox 708 1313 787 1367; x_wconf 78' lang='lat' dir='ltr'>Scire</span> <span class='ocrx_word' id='word_1_169' title='bbox 808 1314 937 1367; x_wconf 78' lang='lat' dir='ltr'>debentur</span> <span class='ocrx_word' id='word_1_170' title='bbox 955 1313 1067 1366; x_wconf 79' lang='lat' dir='ltr'>utillud</span> <span class='ocrx_word' id='word_1_171' title='bbox 1093 1330 1159 1364; x_wconf 88' lang='lat' dir='ltr'>usus</span> <span class='ocrx_word' id='word_1_172' title='bbox 1178 1320 1225 1367; x_wconf 88' lang='lat' dir='ltr'>est.</span> <span class='ocrx_word' id='word_1_173' title='bbox 1260 1313 1409 1366; x_wconf 76' lang='lat' dir='ltr'>Limemtnt</span> <span class='ocrx_word' id='word_1_174' title='bbox 1424 1314 1550 1382; x_wconf 85' lang='lat' dir='ltr'>priores,</span> <span class='ocrx_word' id='word_1_175' title='bbox 1571 1314 1711 1382; x_wconf 77' lang='lat' dir='ltr'>quidquid</span> <span class='ocrx_word' id='word_1_176' title='bbox 1727 1314 1798 1368; x_wconf 87' lang='lat' dir='ltr'>lima</span> <span class='ocrx_word' id='word_1_177' title='bbox 1816 1316 1935 1384; x_wconf 77' lang='lat' dir='ltr'>dipnam</span> 
     </span>
     <span class='ocr_line' id='line_1_14' title="bbox 231 1398 1935 1473; baseline 0 -18"><span class='ocrx_word' id='word_1_178' title='bbox 231 1402 353 1473; x_wconf 84' lang='lat' dir='ltr'>(inquit),</span> <span class='ocrx_word' id='word_1_179' title='bbox 372 1402 504 1470; x_wconf 86' lang='lat' dir='ltr'>quoniam</span> <span class='ocrx_word' id='word_1_180' title='bbox 523 1400 760 1467; x_wconf 83' lang='lat' dir='ltr'>veritatisfutpor</span> <span class='ocrx_word' id='word_1_181' title='bbox 777 1417 833 1452; x_wconf 88' lang='lat' dir='ltr'>non</span> <span class='ocrx_word' id='word_1_182' title='bbox 847 1399 943 1466; x_wconf 82' lang='lat' dir='ltr'>aliquo</span> <span class='ocrx_word' id='word_1_183' title='bbox 955 1400 1066 1467; x_wconf 84' lang='lat' dir='ltr'>quidem</span> <span class='ocrx_word' id='word_1_184' title='bbox 1085 1398 1267 1466; x_wconf 77' lang='lat' dir='ltr'>judicarunt,</span> <span class='ocrx_word' id='word_1_185' title='bbox 1280 1399 1466 1467; x_wconf 82' lang='lat' dir='ltr'>etrmnlima,</span> <span class='ocrx_word' id='word_1_186' title='bbox 1493 1400 1646 1454; x_wconf 85' lang='lat' dir='ltr'>sedlitura</span> <span class='ocrx_word' id='word_1_187' title='bbox 1659 1401 1823 1455; x_wconf 74' lang='lat' dir='ltr'>adhihenda</span> <span class='ocrx_word' id='word_1_188' title='bbox 1833 1410 1935 1456; x_wconf 84' lang='lat' dir='ltr'>eratet</span> 
     </span>
     <span class='ocr_line' id='line_1_15' title="bbox 231 1479 1934 1556; baseline -0.001 -14"><span class='ocrx_word' id='word_1_189' title='bbox 231 1487 447 1556; x_wconf 64' lang='lat' dir='ltr'>Empturarum</span> <span class='ocrx_word' id='word_1_190' title='bbox 465 1488 528 1542; x_wconf 86' lang='lat' dir='ltr'>loco</span> <span class='ocrx_word' id='word_1_191' title='bbox 546 1493 681 1555; x_wconf 84' lang='lat' dir='ltr'>apparet,</span> <span class='ocrx_word' id='word_1_192' title='bbox 702 1502 734 1538; x_wconf 80' lang='lat' dir='ltr'>en</span> <span class='ocrx_word' id='word_1_193' title='bbox 751 1485 810 1538; x_wconf 83' lang='lat' dir='ltr'>aiio</span> <span class='ocrx_word' id='word_1_194' title='bbox 829 1479 920 1538; x_wconf 87' lang='lat' dir='ltr'>antem</span> <span class='ocrx_word' id='word_1_195' title='bbox 940 1485 1067 1552; x_wconf 64' lang='lat' dir='ltr'>Scriptu-</span> <span class='ocrx_word' id='word_1_196' title='bbox 1088 1484 1186 1551; x_wconf 87' lang='lat' dir='ltr'>prima</span> <span class='ocrx_word' id='word_1_197' title='bbox 1203 1484 1259 1538; x_wconf 83' lang='lat' dir='ltr'>iila</span> <span class='ocrx_word' id='word_1_198' title='bbox 1275 1486 1388 1539; x_wconf 85' lang='lat' dir='ltr'>divinae</span> <span class='ocrx_word' id='word_1_199' title='bbox 1405 1487 1477 1539; x_wconf 81' lang='lat' dir='ltr'>lucie</span> <span class='ocrx_word' id='word_1_200' title='bbox 1489 1487 1637 1554; x_wconf 74' lang='lat' dir='ltr'>intepritus</span> <span class='ocrx_word' id='word_1_201' title='bbox 1649 1488 1678 1539; x_wconf 87' lang='lat' dir='ltr'>in</span> <span class='ocrx_word' id='word_1_202' title='bbox 1689 1486 1838 1554; x_wconf 84' lang='lat' dir='ltr'>pubiicum</span> <span class='ocrx_word' id='word_1_203' title='bbox 1849 1489 1934 1540; x_wconf 81' lang='lat' dir='ltr'>reda-</span> 
     </span>
     <span class='ocr_line' id='line_1_16' title="bbox 230 1569 1935 1642; baseline 0.002 -17"><span class='ocrx_word' id='word_1_204' title='bbox 230 1590 328 1626; x_wconf 86' lang='lat' dir='ltr'>rarum</span> <span class='ocrx_word' id='word_1_205' title='bbox 347 1573 409 1627; x_wconf 87' lang='lat' dir='ltr'>loco</span> <span class='ocrx_word' id='word_1_206' title='bbox 426 1590 483 1626; x_wconf 88' lang='lat' dir='ltr'>non</span> <span class='ocrx_word' id='word_1_207' title='bbox 501 1571 675 1636; x_wconf 73' lang='lat' dir='ltr'>defenditur,</span> <span class='ocrx_word' id='word_1_208' title='bbox 695 1572 747 1623; x_wconf 87' lang='lat' dir='ltr'>sed</span> <span class='ocrx_word' id='word_1_209' title='bbox 763 1587 796 1623; x_wconf 81' lang='lat' dir='ltr'>ea</span> <span class='ocrx_word' id='word_1_210' title='bbox 816 1571 891 1623; x_wconf 86' lang='lat' dir='ltr'>omni</span> <span class='ocrx_word' id='word_1_211' title='bbox 908 1571 970 1624; x_wconf 83' lang='lat' dir='ltr'>loco</span> <span class='ocrx_word' id='word_1_212' title='bbox 990 1571 1067 1624; x_wconf 82' lang='lat' dir='ltr'>Scri·</span> <span class='ocrx_word' id='word_1_213' title='bbox 1093 1571 1190 1623; x_wconf 80' lang='lat' dir='ltr'>canda.</span> <span class='ocrx_word' id='word_1_214' title='bbox 1212 1569 1290 1624; x_wconf 88' lang='lat' dir='ltr'>Idem</span> <span class='ocrx_word' id='word_1_215' title='bbox 1304 1570 1332 1624; x_wconf 88' lang='lat' dir='ltr'>in</span> <span class='ocrx_word' id='word_1_216' title='bbox 1344 1588 1416 1642; x_wconf 90' lang='lat' dir='ltr'>resp.</span> <span class='ocrx_word' id='word_1_217' title='bbox 1431 1571 1467 1625; x_wconf 92' lang='lat' dir='ltr'>ad</span> <span class='ocrx_word' id='word_1_218' title='bbox 1483 1577 1504 1626; x_wconf 89' lang='lat'>1.</span> <span class='ocrx_word' id='word_1_219' title='bbox 1518 1571 1654 1625; x_wconf 86' lang='lat' dir='ltr'>rationem</span> <span class='ocrx_word' id='word_1_220' title='bbox 1668 1578 1735 1640; x_wconf 79' lang='lat' dir='ltr'>pt:</span> <span class='ocrx_word' id='word_1_221' title='bbox 1749 1572 1935 1642; x_wconf 80' lang='lat' dir='ltr'>Arpnmentr&#39;s</span> 
     </span>
     <span class='ocr_line' id='line_1_17' title="bbox 225 1655 1934 1726; baseline 0.001 -14"><span class='ocrx_word' id='word_1_222' title='bbox 225 1666 394 1726; x_wconf 84' lang='lat' dir='ltr'>pturarum,</span> <span class='ocrx_word' id='word_1_223' title='bbox 418 1659 475 1710; x_wconf 86' lang='lat' dir='ltr'>sice</span> <span class='ocrx_word' id='word_1_224' title='bbox 494 1673 526 1710; x_wconf 81' lang='lat' dir='ltr'>es</span> <span class='ocrx_word' id='word_1_225' title='bbox 544 1657 628 1723; x_wconf 85' lang='lat' dir='ltr'>lepis,</span> <span class='ocrx_word' id='word_1_226' title='bbox 651 1655 708 1708; x_wconf 78' lang='lat' dir='ltr'>site</span> <span class='ocrx_word' id='word_1_227' title='bbox 727 1673 760 1709; x_wconf 76' lang='lat' dir='ltr'>en</span> <span class='ocrx_word' id='word_1_228' title='bbox 772 1656 990 1725; x_wconf 74' lang='lat' dir='ltr'>prophetarum,</span> <span class='ocrx_word' id='word_1_229' title='bbox 1007 1657 1066 1708; x_wconf 84' lang='lat' dir='ltr'>siue</span> <span class='ocrx_word' id='word_1_230' title='bbox 1093 1673 1125 1708; x_wconf 79' lang='lat' dir='ltr'>ea</span> <span class='ocrx_word' id='word_1_231' title='bbox 1148 1657 1218 1725; x_wconf 81' lang='lat' dir='ltr'>apsis</span> <span class='ocrx_word' id='word_1_232' title='bbox 1240 1657 1387 1725; x_wconf 83' lang='lat' dir='ltr'>relipionis</span> <span class='ocrx_word' id='word_1_233' title='bbox 1418 1657 1598 1711; x_wconf 69' lang='lat' dir='ltr'>Christianae</span> <span class='ocrx_word' id='word_1_234' title='bbox 1621 1656 1777 1726; x_wconf 85' lang='lat' dir='ltr'>principiis</span> <span class='ocrx_word' id='word_1_235' title='bbox 1803 1660 1934 1713; x_wconf 78' lang='lat' dir='ltr'>deductis</span> 
     </span>
     <span class='ocr_line' id='line_1_18' title="bbox 230 1734 1934 1812; baseline 0.001 -13"><span class='ocrx_word' id='word_1_236' title='bbox 230 1760 264 1799; x_wconf 81' lang='lat' dir='ltr'>eu</span> <span class='ocrx_word' id='word_1_237' title='bbox 281 1744 497 1812; x_wconf 80' lang='lat' dir='ltr'>euaapetiorum,</span> <span class='ocrx_word' id='word_1_238' title='bbox 516 1744 574 1796; x_wconf 84' lang='lat' dir='ltr'>sice</span> <span class='ocrx_word' id='word_1_239' title='bbox 593 1759 625 1794; x_wconf 82' lang='lat' dir='ltr'>cu</span> <span class='ocrx_word' id='word_1_240' title='bbox 645 1734 843 1810; x_wconf 81' lang='lat' dir='ltr'>apostolorum</span> <span class='ocrx_word' id='word_1_241' title='bbox 857 1743 1002 1811; x_wconf 72' lang='lat' dir='ltr'>scraptura</span> <span class='ocrx_word' id='word_1_242' title='bbox 1019 1745 1066 1794; x_wconf 84' lang='lat' dir='ltr'>ds-</span> <span class='ocrx_word' id='word_1_243' title='bbox 1093 1743 1303 1811; x_wconf 72' lang='lat' dir='ltr'>confirmamus,</span> <span class='ocrx_word' id='word_1_244' title='bbox 1333 1743 1478 1796; x_wconf 86' lang='lat' dir='ltr'>ecclesiam</span> <span class='ocrx_word' id='word_1_245' title='bbox 1505 1744 1666 1796; x_wconf 81' lang='lat' dir='ltr'>Romanurn</span> <span class='ocrx_word' id='word_1_246' title='bbox 1691 1744 1851 1805; x_wconf 75' lang='lat' dir='ltr'>reformari</span> <span class='ocrx_word' id='word_1_247' title='bbox 1877 1764 1934 1800; x_wconf 81' lang='lat' dir='ltr'>non</span> 
     </span>
     <span class='ocr_line' id='line_1_19' title="bbox 229 1828 1933 1901; baseline 0.001 -17"><span class='ocrx_word' id='word_1_248' title='bbox 229 1830 367 1896; x_wconf 71' lang='lat' dir='ltr'>funditur.</span> <span class='ocrx_word' id='word_1_249' title='bbox 404 1832 444 1883; x_wconf 85' lang='lat' dir='ltr'>Et</span> <span class='ocrx_word' id='word_1_250' title='bbox 464 1830 557 1882; x_wconf 80' lang='lat' dir='ltr'>eniens</span> <span class='ocrx_word' id='word_1_251' title='bbox 575 1829 619 1881; x_wconf 83' lang='lat' dir='ltr'>isio</span> <span class='ocrx_word' id='word_1_252' title='bbox 633 1829 735 1896; x_wconf 80' lang='lat' dir='ltr'>sulpur</span> <span class='ocrx_word' id='word_1_253' title='bbox 752 1829 879 1882; x_wconf 83' lang='lat' dir='ltr'>ueritatis</span> <span class='ocrx_word' id='word_1_254' title='bbox 899 1830 934 1883; x_wconf 82' lang='lat' dir='ltr'>ab</span> <span class='ocrx_word' id='word_1_255' title='bbox 952 1829 1067 1892; x_wconf 84' lang='lat' dir='ltr'>oriente,</span> <span class='ocrx_word' id='word_1_256' title='bbox 1089 1844 1181 1897; x_wconf 84' lang='lat' dir='ltr'>posse,</span> <span class='ocrx_word' id='word_1_257' title='bbox 1198 1835 1228 1880; x_wconf 95' lang='lat' dir='ltr'>ut</span> <span class='ocrx_word' id='word_1_258' title='bbox 1246 1829 1347 1882; x_wconf 80' lang='lat' dir='ltr'>scoriis</span> <span class='ocrx_word' id='word_1_259' title='bbox 1367 1829 1530 1897; x_wconf 75' lang='lat' dir='ltr'>opinionum</span> <span class='ocrx_word' id='word_1_260' title='bbox 1548 1837 1575 1881; x_wconf 88' lang='lat' dir='ltr'>et</span> <span class='ocrx_word' id='word_1_261' title='bbox 1586 1828 1816 1898; x_wconf 83' lang='lat' dir='ltr'>superstitionum</span> <span class='ocrx_word' id='word_1_262' title='bbox 1823 1848 1933 1901; x_wconf 83' lang='lat' dir='ltr'>purpu-</span> 
     </span>
     <span class='ocr_line' id='line_1_20' title="bbox 230 1913 1932 1983; baseline 0.001 -13"><span class='ocrx_word' id='word_1_263' title='bbox 230 1918 265 1971; x_wconf 83' lang='lat' dir='ltr'>s&#39;d</span> <span class='ocrx_word' id='word_1_264' title='bbox 289 1924 328 1969; x_wconf 88' lang='lat' dir='ltr'>est</span> <span class='ocrx_word' id='word_1_265' title='bbox 345 1916 381 1969; x_wconf 83' lang='lat' dir='ltr'>ab</span> <span class='ocrx_word' id='word_1_266' title='bbox 399 1915 490 1968; x_wconf 85' lang='lat' dir='ltr'>initiis</span> <span class='ocrx_word' id='word_1_267' title='bbox 509 1913 628 1983; x_wconf 75' lang='lat' dir='ltr'>curisti,</span> <span class='ocrx_word' id='word_1_268' title='bbox 652 1922 877 1983; x_wconf 85' lang='lat' dir='ltr'>apparatusque</span> <span class='ocrx_word' id='word_1_269' title='bbox 896 1917 938 1968; x_wconf 89' lang='lat' dir='ltr'>ad</span> <span class='ocrx_word' id='word_1_270' title='bbox 954 1915 1066 1982; x_wconf 83' lang='lat' dir='ltr'>dispen-</span> <span class='ocrx_word' id='word_1_271' title='bbox 1095 1914 1132 1966; x_wconf 83' lang='lat' dir='ltr'>tis</span> <span class='ocrx_word' id='word_1_272' title='bbox 1146 1914 1276 1982; x_wconf 72' lang='lat' dir='ltr'>priamum</span> <span class='ocrx_word' id='word_1_273' title='bbox 1296 1913 1377 1967; x_wconf 81' lang='lat' dir='ltr'>ittam</span> <span class='ocrx_word' id='word_1_274' title='bbox 1394 1915 1522 1968; x_wconf 70' lang='lat' dir='ltr'>cernatis</span> <span class='ocrx_word' id='word_1_275' title='bbox 1542 1923 1567 1968; x_wconf 89' lang='lat' dir='ltr'>et</span> <span class='ocrx_word' id='word_1_276' title='bbox 1585 1916 1732 1983; x_wconf 82' lang='lat' dir='ltr'>retipiom&#39;s</span> <span class='ocrx_word' id='word_1_277' title='bbox 1750 1917 1873 1970; x_wconf 82' lang='lat' dir='ltr'>nitorem</span> <span class='ocrx_word' id='word_1_278' title='bbox 1890 1936 1932 1972; x_wconf 84' lang='lat' dir='ltr'>rs·</span> 
     </span>
     <span class='ocr_line' id='line_1_21' title="bbox 231 1999 1932 2070; baseline 0.001 -14"><span class='ocrx_word' id='word_1_279' title='bbox 231 2003 367 2056; x_wconf 86' lang='lat' dir='ltr'>sationem</span> <span class='ocrx_word' id='word_1_280' title='bbox 380 2002 524 2070; x_wconf 83' lang='lat' dir='ltr'>passionis</span> <span class='ocrx_word' id='word_1_281' title='bbox 542 2001 642 2069; x_wconf 76' lang='lat' dir='ltr'>ipsius,</span> <span class='ocrx_word' id='word_1_282' title='bbox 660 2001 691 2054; x_wconf 89' lang='lat' dir='ltr'>in</span> <span class='ocrx_word' id='word_1_283' title='bbox 711 2019 768 2069; x_wconf 85' lang='lat' dir='ltr'>qua</span> <span class='ocrx_word' id='word_1_284' title='bbox 784 2009 825 2054; x_wconf 87' lang='lat' dir='ltr'>cst</span> <span class='ocrx_word' id='word_1_285' title='bbox 843 2018 958 2055; x_wconf 84' lang='lat' dir='ltr'>occasus</span> <span class='ocrx_word' id='word_1_286' title='bbox 968 2001 1067 2070; x_wconf 83' lang='lat' dir='ltr'>ipsius.</span> <span class='ocrx_word' id='word_1_287' title='bbox 1094 1999 1192 2068; x_wconf 69' lang='lat' dir='ltr'>cmiat,</span> <span class='ocrx_word' id='word_1_288' title='bbox 1208 2002 1261 2052; x_wconf 86' lang='lat' dir='ltr'>ssd</span> <span class='ocrx_word' id='word_1_289' title='bbox 1277 2001 1319 2053; x_wconf 85' lang='lat' dir='ltr'>ita</span> <span class='ocrx_word' id='word_1_290' title='bbox 1337 2002 1608 2070; x_wconf 80' lang='lat' dir='ltr'>transformandam,</span> <span class='ocrx_word' id='word_1_291' title='bbox 1626 2009 1657 2055; x_wconf 86' lang='lat' dir='ltr'>ut</span> <span class='ocrx_word' id='word_1_292' title='bbox 1676 2002 1716 2054; x_wconf 85' lang='lat' dir='ltr'>od</span> <span class='ocrx_word' id='word_1_293' title='bbox 1730 2001 1829 2070; x_wconf 77' lang='lat' dir='ltr'>prinsa</span> <span class='ocrx_word' id='word_1_294' title='bbox 1843 2010 1872 2057; x_wconf 85' lang='lat' dir='ltr'>et</span> <span class='ocrx_word' id='word_1_295' title='bbox 1889 2020 1932 2058; x_wconf 84' lang='lat' dir='ltr'>os·</span> 
     </span>
     <span class='ocr_line' id='line_1_22' title="bbox 220 2085 1931 2157; baseline 0.001 -14"><span class='ocrx_word' id='word_1_296' title='bbox 220 2087 308 2149; x_wconf 58' lang='lat' dir='ltr'>,Idem</span> <span class='ocrx_word' id='word_1_297' title='bbox 326 2087 363 2141; x_wconf 90' lang='lat' dir='ltr'>sd</span> <span class='ocrx_word' id='word_1_298' title='bbox 380 2086 538 2141; x_wconf 89' lang='lat' dir='ltr'>testimonia</span> <span class='ocrx_word' id='word_1_299' title='bbox 551 2085 693 2156; x_wconf 83' lang='lat' dir='ltr'>Cypriani,</span> <span class='ocrx_word' id='word_1_300' title='bbox 715 2085 904 2157; x_wconf 74' lang='lat' dir='ltr'>chrysostomi</span> <span class='ocrx_word' id='word_1_301' title='bbox 925 2093 952 2141; x_wconf 88' lang='lat' dir='ltr'>ct</span> <span class='ocrx_word' id='word_1_302' title='bbox 970 2087 1067 2157; x_wconf 82' lang='lat' dir='ltr'>Augu·</span> <span class='ocrx_word' id='word_1_303' title='bbox 1094 2094 1155 2138; x_wconf 88' lang='lat' dir='ltr'>tera</span> <span class='ocrx_word' id='word_1_304' title='bbox 1175 2085 1322 2155; x_wconf 72' lang='lat' dir='ltr'>principia</span> <span class='ocrx_word' id='word_1_305' title='bbox 1339 2093 1415 2138; x_wconf 85' lang='lat' dir='ltr'>uetus</span> <span class='ocrx_word' id='word_1_306' title='bbox 1432 2086 1482 2141; x_wconf 85' lang='lat' dir='ltr'>ille</span> <span class='ocrx_word' id='word_1_307' title='bbox 1503 2087 1651 2156; x_wconf 84' lang='lat' dir='ltr'>retipionis</span> <span class='ocrx_word' id='word_1_308' title='bbox 1669 2088 1760 2140; x_wconf 78' lang='lat' dir='ltr'>orsitus</span> <span class='ocrx_word' id='word_1_309' title='bbox 1778 2096 1931 2144; x_wconf 75' lang='lat' dir='ltr'>reuocatum.</span> 
     </span>
     <span class='ocr_line' id='line_1_23' title="bbox 231 2170 1932 2244; baseline 0.002 -16"><span class='ocrx_word' id='word_1_310' title='bbox 231 2173 297 2228; x_wconf 90' lang='lat' dir='ltr'>stini</span> <span class='ocrx_word' id='word_1_311' title='bbox 327 2173 561 2244; x_wconf 90' lang='lat' dir='ltr'>respondendum,</span> <span class='ocrx_word' id='word_1_312' title='bbox 588 2172 738 2243; x_wconf 89' lang='lat' dir='ltr'>loquuntur</span> <span class='ocrx_word' id='word_1_313' title='bbox 769 2174 805 2226; x_wconf 93' lang='lat' dir='ltr'>de</span> <span class='ocrx_word' id='word_1_314' title='bbox 830 2180 905 2228; x_wconf 85' lang='lat' dir='ltr'>statu</span> <span class='ocrx_word' id='word_1_315' title='bbox 928 2173 1068 2241; x_wconf 90' lang='lat' dir='ltr'>ccclesiae,</span> <span class='ocrx_word' id='word_1_316' title='bbox 1095 2170 1149 2226; x_wconf 84' lang='lat' dir='ltr'>Sed</span> <span class='ocrx_word' id='word_1_317' title='bbox 1172 2176 1269 2241; x_wconf 88' lang='lat' dir='ltr'>postea</span> <span class='ocrx_word' id='word_1_318' title='bbox 1293 2171 1322 2224; x_wconf 90' lang='lat' dir='ltr'>in</span> <span class='ocrx_word' id='word_1_319' title='bbox 1344 2188 1415 2241; x_wconf 91' lang='lat' dir='ltr'>resp.</span> <span class='ocrx_word' id='word_1_320' title='bbox 1443 2172 1479 2225; x_wconf 90' lang='lat' dir='ltr'>ad</span> <span class='ocrx_word' id='word_1_321' title='bbox 1499 2178 1523 2228; x_wconf 82' lang='lat'>3.</span> <span class='ocrx_word' id='word_1_322' title='bbox 1541 2178 1593 2227; x_wconf 89' lang='lat' dir='ltr'>rat.</span> <span class='ocrx_word' id='word_1_323' title='bbox 1611 2190 1639 2242; x_wconf 92' lang='lat' dir='ltr'>p.</span> <span class='ocrx_word' id='word_1_324' title='bbox 1660 2178 1701 2228; x_wconf 85' lang='lat'>32.</span> <span class='ocrx_word' id='word_1_325' title='bbox 1720 2172 1775 2226; x_wconf 91' lang='lat' dir='ltr'>sibi</span> <span class='ocrx_word' id='word_1_326' title='bbox 1792 2175 1932 2231; x_wconf 85' lang='lat' dir='ltr'>contradi·</span> 
     </span>
     <span class='ocr_line' id='line_1_24' title="bbox 233 2255 1935 2332; baseline 0.001 -19"><span class='ocrx_word' id='word_1_327' title='bbox 233 2260 324 2332; x_wconf 85' lang='lat' dir='ltr'>qualis</span> <span class='ocrx_word' id='word_1_328' title='bbox 338 2259 392 2314; x_wconf 86' lang='lat' dir='ltr'>luit</span> <span class='ocrx_word' id='word_1_329' title='bbox 405 2259 513 2314; x_wconf 92' lang='lat' dir='ltr'>illorum</span> <span class='ocrx_word' id='word_1_330' title='bbox 524 2259 705 2329; x_wconf 88' lang='lat' dir='ltr'>temporibus,</span> <span class='ocrx_word' id='word_1_331' title='bbox 723 2259 838 2314; x_wconf 88' lang='lat' dir='ltr'>illustris</span> <span class='ocrx_word' id='word_1_332' title='bbox 850 2259 965 2327; x_wconf 89' lang='lat' dir='ltr'>scilicet,</span> <span class='ocrx_word' id='word_1_333' title='bbox 978 2259 1068 2330; x_wconf 86' lang='lat' dir='ltr'>splen·</span> <span class='ocrx_word' id='word_1_334' title='bbox 1095 2273 1160 2310; x_wconf 88' lang='lat' dir='ltr'>cens</span> <span class='ocrx_word' id='word_1_335' title='bbox 1183 2255 1285 2312; x_wconf 85' lang='lat' dir='ltr'>rectius</span> <span class='ocrx_word' id='word_1_336' title='bbox 1308 2256 1421 2312; x_wconf 78' lang='lat' dir='ltr'>scribit:</span> <span class='ocrx_word' id='word_1_337' title='bbox 1444 2259 1521 2310; x_wconf 86' lang='lat' dir='ltr'>Num</span> <span class='ocrx_word' id='word_1_338' title='bbox 1543 2258 1629 2327; x_wconf 75' lang='lat' dir='ltr'>periit</span> <span class='ocrx_word' id='word_1_339' title='bbox 1646 2258 1806 2328; x_wconf 82' lang='lat' dir='ltr'>aliqnando</span> <span class='ocrx_word' id='word_1_340' title='bbox 1828 2259 1935 2316; x_wconf 75' lang='lat' dir='ltr'>Christi</span> 
     </span>
     <span class='ocr_line' id='line_1_25' title="bbox 233 2342 1933 2417; baseline -0.002 -15"><span class='ocrx_word' id='word_1_341' title='bbox 233 2347 315 2402; x_wconf 91' lang='lat' dir='ltr'>didus</span> <span class='ocrx_word' id='word_1_342' title='bbox 339 2352 368 2401; x_wconf 90' lang='lat' dir='ltr'>et</span> <span class='ocrx_word' id='word_1_343' title='bbox 390 2347 557 2416; x_wconf 90' lang='lat' dir='ltr'>conspicuus</span> <span class='ocrx_word' id='word_1_344' title='bbox 580 2345 738 2417; x_wconf 87' lang='lat' dir='ltr'>frequentia</span> <span class='ocrx_word' id='word_1_345' title='bbox 763 2352 790 2401; x_wconf 91' lang='lat' dir='ltr'>et</span> <span class='ocrx_word' id='word_1_346' title='bbox 807 2344 967 2402; x_wconf 78' lang='lat' dir='ltr'>celebritate</span> <span class='ocrx_word' id='word_1_347' title='bbox 984 2346 1068 2417; x_wconf 87' lang='lat' dir='ltr'>parti-</span> <span class='ocrx_word' id='word_1_348' title='bbox 1094 2342 1234 2396; x_wconf 73' lang='lat' dir='ltr'>certesiae</span> <span class='ocrx_word' id='word_1_349' title='bbox 1259 2343 1325 2396; x_wconf 83' lang='lat' dir='ltr'>Non</span> <span class='ocrx_word' id='word_1_350' title='bbox 1345 2343 1464 2396; x_wconf 82' lang='lat' dir='ltr'>omnino.</span> <span class='ocrx_word' id='word_1_351' title='bbox 1499 2343 1640 2410; x_wconf 83' lang='lat' dir='ltr'>Repnaoit</span> <span class='ocrx_word' id='word_1_352' title='bbox 1659 2343 1788 2398; x_wconf 62' lang='lat' dir='ltr'>Cimetra</span> <span class='ocrx_word' id='word_1_353' title='bbox 1807 2353 1835 2398; x_wconf 85' lang='lat' dir='ltr'>et</span> <span class='ocrx_word' id='word_1_354' title='bbox 1851 2363 1933 2399; x_wconf 83' lang='lat' dir='ltr'>suam</span> 
     </span>
     <span class='ocr_line' id='line_1_26' title="bbox 232 2428 1933 2500; baseline -0.004 -11"><span class='ocrx_word' id='word_1_355' title='bbox 232 2434 367 2489; x_wconf 80' lang='lat' dir='ltr'>calatium</span> <span class='ocrx_word' id='word_1_356' title='bbox 397 2433 590 2500; x_wconf 88' lang='lat' dir='ltr'>ecclesiarum,</span> <span class='ocrx_word' id='word_1_357' title='bbox 620 2432 736 2487; x_wconf 84' lang='lat' dir='ltr'>victoria</span> <span class='ocrx_word' id='word_1_358' title='bbox 763 2438 859 2487; x_wconf 86' lang='lat' dir='ltr'>contra</span> <span class='ocrx_word' id='word_1_359' title='bbox 886 2432 1014 2488; x_wconf 87' lang='lat' dir='ltr'>haereses</span> <span class='ocrx_word' id='word_1_360' title='bbox 1040 2438 1068 2489; x_wconf 88' lang='lat' dir='ltr'>et</span> <span class='ocrx_word' id='word_1_361' title='bbox 1092 2447 1148 2483; x_wconf 85' lang='lat' dir='ltr'>noa</span> <span class='ocrx_word' id='word_1_362' title='bbox 1170 2428 1356 2496; x_wconf 82' lang='lat' dir='ltr'>interruptam</span> <span class='ocrx_word' id='word_1_363' title='bbox 1379 2428 1472 2482; x_wconf 78' lang='lat' dir='ltr'>odisse</span> <span class='ocrx_word' id='word_1_364' title='bbox 1497 2431 1571 2498; x_wconf 85' lang='lat' dir='ltr'>repit</span> <span class='ocrx_word' id='word_1_365' title='bbox 1594 2429 1748 2485; x_wconf 78' lang='lat' dir='ltr'>molosiam.</span> <span class='ocrx_word' id='word_1_366' title='bbox 1785 2432 1854 2486; x_wconf 79' lang='lat' dir='ltr'>Non</span> <span class='ocrx_word' id='word_1_367' title='bbox 1874 2432 1933 2486; x_wconf 76' lang='lat' dir='ltr'>rsit</span> 
     </span>
     <span class='ocr_line' id='line_1_27' title="bbox 231 2512 1932 2591; baseline -0.004 -14"><span class='ocrx_word' id='word_1_368' title='bbox 231 2520 450 2591; x_wconf 77' lang='lat' dir='ltr'>persecutiones,</span> <span class='ocrx_word' id='word_1_369' title='bbox 484 2518 636 2573; x_wconf 87' lang='lat' dir='ltr'>ministerio</span> <span class='ocrx_word' id='word_1_370' title='bbox 664 2519 742 2575; x_wconf 84' lang='lat' dir='ltr'>verbi</span> <span class='ocrx_word' id='word_1_371' title='bbox 764 2520 911 2574; x_wconf 77' lang='lat' dir='ltr'>sinceriore</span> <span class='ocrx_word' id='word_1_372' title='bbox 936 2526 986 2576; x_wconf 89' lang='lat' dir='ltr'>etc.</span> <span class='ocrx_word' id='word_1_373' title='bbox 1017 2520 1067 2575; x_wconf 89' lang='lat' dir='ltr'>sed</span> <span class='ocrx_word' id='word_1_374' title='bbox 1094 2512 1211 2568; x_wconf 70' lang='lat' dir='ltr'>eeclesia</span> <span class='ocrx_word' id='word_1_375' title='bbox 1229 2521 1326 2567; x_wconf 69' lang='lat' dir='ltr'>munte</span> <span class='ocrx_word' id='word_1_376' title='bbox 1343 2514 1411 2578; x_wconf 77' lang='lat' dir='ltr'>fidei</span> <span class='ocrx_word' id='word_1_377' title='bbox 1428 2521 1454 2567; x_wconf 88' lang='lat' dir='ltr'>et</span> <span class='ocrx_word' id='word_1_378' title='bbox 1474 2532 1578 2567; x_wconf 86' lang='lat' dir='ltr'>morum</span> <span class='ocrx_word' id='word_1_379' title='bbox 1602 2514 1770 2581; x_wconf 82' lang='lat' dir='ltr'>intepritate.</span> <span class='ocrx_word' id='word_1_380' title='bbox 1799 2518 1932 2587; x_wconf 71' lang='lat' dir='ltr'>Regnent</span> 
     </span>
     <span class='ocr_line' id='line_1_28' title="bbox 158 2589 1934 2676; baseline 0 -14"><span class='ocrx_word' id='word_1_381' title='bbox 158 2589 165 2601; x_wconf 60' lang='grc'>’</span> <span class='ocrx_word' id='word_1_382' title='bbox 233 2622 266 2662; x_wconf 87' lang='lat' dir='ltr'>ex</span> <span class='ocrx_word' id='word_1_383' title='bbox 291 2624 324 2662; x_wconf 95' lang='lat' dir='ltr'>eo</span> <span class='ocrx_word' id='word_1_384' title='bbox 345 2601 441 2660; x_wconf 83' lang='lat' dir='ltr'>inferri</span> <span class='ocrx_word' id='word_1_385' title='bbox 464 2605 573 2676; x_wconf 91' lang='lat' dir='ltr'>nequit,</span> <span class='ocrx_word' id='word_1_386' title='bbox 598 2609 734 2674; x_wconf 88' lang='lat' dir='ltr'>perpetuo</span> <span class='ocrx_word' id='word_1_387' title='bbox 753 2606 838 2661; x_wconf 89' lang='lat' dir='ltr'>talem</span> <span class='ocrx_word' id='word_1_388' title='bbox 857 2623 917 2660; x_wconf 88' lang='lat' dir='ltr'>esse</span> <span class='ocrx_word' id='word_1_389' title='bbox 935 2606 1067 2661; x_wconf 79' lang='lat' dir='ltr'>ecclesiae</span> <span class='ocrx_word' id='word_1_390' title='bbox 1089 2599 1236 2669; x_wconf 59' lang='lat' dir='ltr'>princip&amp;</span> <span class='ocrx_word' id='word_1_391' title='bbox 1254 2600 1365 2669; x_wconf 62' lang='lat' dir='ltr'>populo</span> <span class='ocrx_word' id='word_1_392' title='bbox 1387 2617 1407 2651; x_wconf 70' lang='lat' dir='ltr'>a</span> <span class='ocrx_word' id='word_1_393' title='bbox 1424 2599 1532 2668; x_wconf 63' lang='lat' dir='ltr'>lentim</span> <span class='ocrx_word' id='word_1_394' title='bbox 1549 2601 1597 2653; x_wconf 71' lang='lat' dir='ltr'>via</span> <span class='ocrx_word' id='word_1_395' title='bbox 1610 2600 1746 2669; x_wconf 67' lang='lat' dir='ltr'>jwlitiat</span> <span class='ocrx_word' id='word_1_396' title='bbox 1762 2609 1788 2654; x_wconf 77' lang='lat' dir='ltr'>tt</span> <span class='ocrx_word' id='word_1_397' title='bbox 1807 2604 1934 2673; x_wconf 71' lang='lat' dir='ltr'>obsequii</span> 
     </span>
     <span class='ocr_line' id='line_1_29' title="bbox 124 2685 1932 2761; baseline -0.001 -15"><span class='ocrx_word' id='word_1_398' title='bbox 124 2697 160 2738; x_wconf 69' lang='lat' dir='ltr'>XL</span> <span class='ocrx_word' id='word_1_399' title='bbox 174 2696 218 2739; x_wconf 78' lang='lat'>¹⁰⁴·</span> <span class='ocrx_word' id='word_1_400' title='bbox 232 2692 346 2748; x_wconf 87' lang='lat' dir='ltr'>risibilis</span> <span class='ocrx_word' id='word_1_401' title='bbox 365 2698 476 2755; x_wconf 86' lang='lat' dir='ltr'>statum,</span> <span class='ocrx_word' id='word_1_402' title='bbox 495 2692 581 2745; x_wconf 90' lang='lat' dir='ltr'>multo</span> <span class='ocrx_word' id='word_1_403' title='bbox 600 2691 690 2745; x_wconf 90' lang='lat' dir='ltr'>minus</span> <span class='ocrx_word' id='word_1_404' title='bbox 708 2708 741 2746; x_wconf 85' lang='lat' dir='ltr'>ex</span> <span class='ocrx_word' id='word_1_405' title='bbox 759 2709 791 2746; x_wconf 90' lang='lat' dir='ltr'>cc</span> <span class='ocrx_word' id='word_1_406' title='bbox 810 2692 902 2761; x_wconf 90' lang='lat' dir='ltr'>colligi</span> <span class='ocrx_word' id='word_1_407' title='bbox 911 2697 1011 2761; x_wconf 88' lang='lat' dir='ltr'>potest,</span> <span class='ocrx_word' id='word_1_408' title='bbox 1023 2709 1066 2747; x_wconf 91' lang='lat' dir='ltr'>ec-</span> <span class='ocrx_word' id='word_1_409' title='bbox 1095 2685 1272 2739; x_wconf 66' lang='lat' dir='ltr'>exorbitante·</span> <span class='ocrx_word' id='word_1_410' title='bbox 1325 2685 1466 2754; x_wconf 71' lang='lat' dir='ltr'>Repaasit</span> <span class='ocrx_word' id='word_1_411' title='bbox 1498 2685 1640 2752; x_wconf 69' lang='lat' dir='ltr'>Christum,</span> <span class='ocrx_word' id='word_1_412' title='bbox 1677 2687 1729 2741; x_wconf 85' lang='lat' dir='ltr'>etsi</span> <span class='ocrx_word' id='word_1_413' title='bbox 1757 2705 1815 2742; x_wconf 88' lang='lat' dir='ltr'>non</span> <span class='ocrx_word' id='word_1_414' title='bbox 1845 2698 1932 2744; x_wconf 78' lang='lat' dir='ltr'>staret</span> 
     </span>
     <span class='ocr_line' id='line_1_30' title="bbox 231 2771 1931 2846; baseline -0.002 -13"><span class='ocrx_word' id='word_1_415' title='bbox 231 2778 343 2832; x_wconf 89' lang='lat' dir='ltr'>clasiam</span> <span class='ocrx_word' id='word_1_416' title='bbox 356 2776 527 2842; x_wconf 87' lang='lat' dir='ltr'>catholicam,</span> <span class='ocrx_word' id='word_1_417' title='bbox 541 2792 613 2846; x_wconf 88' lang='lat' dir='ltr'>quae</span> <span class='ocrx_word' id='word_1_418' title='bbox 625 2781 654 2828; x_wconf 85' lang='lat' dir='ltr'>in</span> <span class='ocrx_word' id='word_1_419' title='bbox 665 2775 823 2830; x_wconf 84' lang='lat' dir='ltr'>visibiliillo</span> <span class='ocrx_word' id='word_1_420' title='bbox 836 2783 864 2831; x_wconf 94' lang='lat' dir='ltr'>et</span> <span class='ocrx_word' id='word_1_421' title='bbox 875 2778 974 2831; x_wconf 89' lang='lat' dir='ltr'>illustri</span> <span class='ocrx_word' id='word_1_422' title='bbox 985 2783 1066 2833; x_wconf 90' lang='lat' dir='ltr'>coetu</span> <span class='ocrx_word' id='word_1_423' title='bbox 1092 2788 1221 2840; x_wconf 63' lang='lat' dir='ltr'>realium,</span> <span class='ocrx_word' id='word_1_424' title='bbox 1245 2789 1299 2840; x_wconf 68' lang='lat' dir='ltr'>quo</span> <span class='ocrx_word' id='word_1_425' title='bbox 1326 2779 1455 2840; x_wconf 78' lang='lat' dir='ltr'>coeperm</span> <span class='ocrx_word' id='word_1_426' title='bbox 1478 2779 1505 2825; x_wconf 76' lang='lat' dir='ltr'>tt</span> <span class='ocrx_word' id='word_1_427' title='bbox 1524 2771 1639 2825; x_wconf 65' lang='lat' dir='ltr'>debedat</span> <span class='ocrx_word' id='word_1_428' title='bbox 1657 2779 1750 2841; x_wconf 69' lang='lat' dir='ltr'>statu,</span> <span class='ocrx_word' id='word_1_429' title='bbox 1770 2775 1892 2844; x_wconf 83' lang='lat' dir='ltr'>populis</span> <span class='ocrx_word' id='word_1_430' title='bbox 1913 2795 1931 2830; x_wconf 90' lang='lat' dir='ltr'>a</span> 
     </span>
     <span class='ocr_line' id='line_1_31' title="bbox 230 2857 1929 2931; baseline -0.001 -14"><span class='ocrx_word' id='word_1_431' title='bbox 230 2870 391 2919; x_wconf 83' lang='lat' dir='ltr'>vocatorum</span> <span class='ocrx_word' id='word_1_432' title='bbox 408 2860 572 2915; x_wconf 89' lang='lat' dir='ltr'>abscondita</span> <span class='ocrx_word' id='word_1_433' title='bbox 583 2861 656 2930; x_wconf 87' lang='lat' dir='ltr'>latet,</span> <span class='ocrx_word' id='word_1_434' title='bbox 677 2876 738 2916; x_wconf 88' lang='lat' dir='ltr'>esse</span> <span class='ocrx_word' id='word_1_435' title='bbox 752 2861 893 2917; x_wconf 86' lang='lat' dir='ltr'>visibilem.</span> <span class='ocrx_word' id='word_1_436' title='bbox 924 2863 1066 2926; x_wconf 84' lang='lat' dir='ltr'>Quaedam</span> <span class='ocrx_word' id='word_1_437' title='bbox 1092 2866 1169 2910; x_wconf 81' lang='lat' dir='ltr'>recta</span> <span class='ocrx_word' id='word_1_438' title='bbox 1184 2858 1256 2924; x_wconf 77' lang='lat' dir='ltr'>fidei</span> <span class='ocrx_word' id='word_1_439' title='bbox 1272 2865 1297 2911; x_wconf 78' lang='lat' dir='ltr'>tt</span> <span class='ocrx_word' id='word_1_440' title='bbox 1309 2859 1382 2911; x_wconf 81' lang='lat' dir='ltr'>vitae</span> <span class='ocrx_word' id='word_1_441' title='bbox 1395 2857 1585 2926; x_wconf 69' lang='lat' dir='ltr'>termulanae</span> <span class='ocrx_word' id='word_1_442' title='bbox 1598 2858 1801 2915; x_wconf 74' lang='lat' dir='ltr'>asmantiam.</span> <span class='ocrx_word' id='word_1_443' title='bbox 1832 2862 1929 2931; x_wconf 82' lang='lat' dir='ltr'>Apoc-</span> 
     </span>
     <span class='ocr_line' id='line_1_32' title="bbox 231 2943 1929 3019; baseline -0.001 -15"><span class='ocrx_word' id='word_1_444' title='bbox 231 2949 314 3004; x_wconf 90' lang='lat' dir='ltr'>stiam</span> <span class='ocrx_word' id='word_1_445' title='bbox 334 2947 410 3002; x_wconf 89' lang='lat' dir='ltr'>dicta</span> <span class='ocrx_word' id='word_1_446' title='bbox 429 2954 553 3002; x_wconf 88' lang='lat' dir='ltr'>veterum</span> <span class='ocrx_word' id='word_1_447' title='bbox 569 2946 720 3017; x_wconf 89' lang='lat' dir='ltr'>loquuntur</span> <span class='ocrx_word' id='word_1_448' title='bbox 733 2946 768 3000; x_wconf 91' lang='lat' dir='ltr'>de</span> <span class='ocrx_word' id='word_1_449' title='bbox 782 2948 914 3003; x_wconf 88' lang='lat' dir='ltr'>ecclesiae</span> <span class='ocrx_word' id='word_1_450' title='bbox 927 2949 1065 3019; x_wconf 88' lang='lat' dir='ltr'>perpetui·</span> <span class='ocrx_word' id='word_1_451' title='bbox 1092 2945 1202 2997; x_wconf 76' lang='lat' dir='ltr'>scebant</span> <span class='ocrx_word' id='word_1_452' title='bbox 1224 2944 1298 2996; x_wconf 85' lang='lat' dir='ltr'>enim</span> <span class='ocrx_word' id='word_1_453' title='bbox 1318 2960 1417 2998; x_wconf 87' lang='lat' dir='ltr'>nomen</span> <span class='ocrx_word' id='word_1_454' title='bbox 1440 2952 1467 2997; x_wconf 89' lang='lat' dir='ltr'>ct</span> <span class='ocrx_word' id='word_1_455' title='bbox 1486 2943 1634 3013; x_wconf 79' lang='lat' dir='ltr'>imperium</span> <span class='ocrx_word' id='word_1_456' title='bbox 1655 2944 1774 3011; x_wconf 68' lang='lat' dir='ltr'>Christi,</span> <span class='ocrx_word' id='word_1_457' title='bbox 1803 2950 1929 3015; x_wconf 84' lang='lat' dir='ltr'>quamuis</span> 
     </span>
     <span class='ocr_line' id='line_1_33' title="bbox 230 3031 1929 3104; baseline -0.001 -15"><span class='ocrx_word' id='word_1_458' title='bbox 230 3040 289 3089; x_wconf 84' lang='lat' dir='ltr'>tate</span> <span class='ocrx_word' id='word_1_459' title='bbox 312 3040 340 3092; x_wconf 90' lang='lat' dir='ltr'>et</span> <span class='ocrx_word' id='word_1_460' title='bbox 367 3033 512 3103; x_wconf 91' lang='lat' dir='ltr'>splendore</span> <span class='ocrx_word' id='word_1_461' title='bbox 534 3035 596 3103; x_wconf 71' lang='lat' dir='ltr'>ejus</span> <span class='ocrx_word' id='word_1_462' title='bbox 614 3033 733 3100; x_wconf 88' lang='lat' dir='ltr'>interno,</span> <span class='ocrx_word' id='word_1_463' title='bbox 759 3050 832 3102; x_wconf 89' lang='lat' dir='ltr'>quae</span> <span class='ocrx_word' id='word_1_464' title='bbox 848 3034 1065 3104; x_wconf 81' lang='lat' dir='ltr'>haudquaquam</span> <span class='ocrx_word' id='word_1_465' title='bbox 1091 3048 1110 3082; x_wconf 83' lang='lat' dir='ltr'>a</span> <span class='ocrx_word' id='word_1_466' title='bbox 1127 3031 1200 3099; x_wconf 80' lang='lat' dir='ltr'>lepis</span> <span class='ocrx_word' id='word_1_467' title='bbox 1217 3031 1369 3098; x_wconf 73' lang='lat' dir='ltr'>attolentia,</span> <span class='ocrx_word' id='word_1_468' title='bbox 1393 3047 1465 3099; x_wconf 67' lang='lat' dir='ltr'>quoae</span> <span class='ocrx_word' id='word_1_469' title='bbox 1480 3033 1662 3100; x_wconf 84' lang='lat' dir='ltr'>praescripta</span> <span class='ocrx_word' id='word_1_470' title='bbox 1683 3040 1761 3100; x_wconf 89' lang='lat' dir='ltr'>erat,</span> <span class='ocrx_word' id='word_1_471' title='bbox 1783 3033 1868 3102; x_wconf 82' lang='lat' dir='ltr'>lonpe</span> <span class='ocrx_word' id='word_1_472' title='bbox 1886 3036 1929 3088; x_wconf 87' lang='lat' dir='ltr'>di·</span> 
     </span>
     <span class='ocr_line' id='line_1_34' title="bbox 147 3117 1929 3193; baseline 0 -18"><span class='ocrx_word' id='word_1_473' title='bbox 147 3148 153 3156; x_wconf 86' lang='grc'><em>·</em></span> <span class='ocrx_word' id='word_1_474' title='bbox 229 3120 350 3193; x_wconf 86' lang='lat' dir='ltr'>probant</span> <span class='ocrx_word' id='word_1_475' title='bbox 372 3127 515 3175; x_wconf 84' lang='lat' dir='ltr'>externum</span> <span class='ocrx_word' id='word_1_476' title='bbox 541 3125 568 3174; x_wconf 90' lang='lat' dir='ltr'>et</span> <span class='ocrx_word' id='word_1_477' title='bbox 585 3117 723 3173; x_wconf 83' lang='lat' dir='ltr'>visibilem</span> <span class='ocrx_word' id='word_1_478' title='bbox 740 3119 873 3174; x_wconf 89' lang='lat' dir='ltr'>ecclesiae</span> <span class='ocrx_word' id='word_1_479' title='bbox 889 3120 1064 3190; x_wconf 86' lang='lat' dir='ltr'>splendorem</span> <span class='ocrx_word' id='word_1_480' title='bbox 1091 3118 1166 3170; x_wconf 85' lang='lat' dir='ltr'>cersi</span> <span class='ocrx_word' id='word_1_481' title='bbox 1194 3117 1315 3170; x_wconf 82' lang='lat' dir='ltr'>abierint</span> <span class='ocrx_word' id='word_1_482' title='bbox 1337 3124 1385 3170; x_wconf 88' lang='lat' dir='ltr'>etc.</span> <span class='ocrx_word' id='word_1_483' title='bbox 1429 3118 1508 3170; x_wconf 89' lang='lat' dir='ltr'>Dum</span> <span class='ocrx_word' id='word_1_484' title='bbox 1538 3134 1635 3170; x_wconf 81' lang='lat' dir='ltr'>naason</span> <span class='ocrx_word' id='word_1_485' title='bbox 1661 3117 1768 3172; x_wconf 63' lang='lat' dir='ltr'>eiecisti</span> <span class='ocrx_word' id='word_1_486' title='bbox 1789 3120 1820 3172; x_wconf 86' lang='lat' dir='ltr'>in</span> <span class='ocrx_word' id='word_1_487' title='bbox 1843 3124 1929 3175; x_wconf 81' lang='lat' dir='ltr'>terris</span> 
     </span>
     <span class='ocr_line' id='line_1_35' title="bbox 230 3202 1930 3277; baseline 0 -15"><span class='ocrx_word' id='word_1_488' title='bbox 230 3224 291 3263; x_wconf 86' lang='lat' dir='ltr'>esse</span> <span class='ocrx_word' id='word_1_489' title='bbox 308 3211 473 3277; x_wconf 88' lang='lat' dir='ltr'>perpetuum</span> <span class='ocrx_word' id='word_1_490' title='bbox 490 3209 519 3258; x_wconf 89' lang='lat' dir='ltr'>ct</span> <span class='ocrx_word' id='word_1_491' title='bbox 537 3204 745 3259; x_wconf 88' lang='lat' dir='ltr'>immutabilem.</span> <span class='ocrx_word' id='word_1_492' title='bbox 781 3205 1064 3263; x_wconf 83' lang='lat' dir='ltr'>Solclarissimaluce</span> <span class='ocrx_word' id='word_1_493' title='bbox 1092 3209 1142 3269; x_wconf 73' lang='lat' dir='ltr'>est,</span> <span class='ocrx_word' id='word_1_494' title='bbox 1169 3211 1262 3256; x_wconf 72' lang='lat' dir='ltr'>coetus</span> <span class='ocrx_word' id='word_1_495' title='bbox 1287 3209 1314 3255; x_wconf 78' lang='lat' dir='ltr'>et</span> <span class='ocrx_word' id='word_1_496' title='bbox 1338 3219 1469 3256; x_wconf 74' lang='lat' dir='ltr'>sumena</span> <span class='ocrx_word' id='word_1_497' title='bbox 1491 3210 1533 3256; x_wconf 84' lang='lat' dir='ltr'>est</span> <span class='ocrx_word' id='word_1_498' title='bbox 1557 3202 1635 3257; x_wconf 84' lang='lat' dir='ltr'>illud</span> <span class='ocrx_word' id='word_1_499' title='bbox 1657 3205 1858 3272; x_wconf 75' lang='lat' dir='ltr'>profitentium.</span> <span class='ocrx_word' id='word_1_500' title='bbox 1896 3208 1930 3262; x_wconf 82' lang='lat' dir='ltr'>Si</span> 
     </span>
     <span class='ocr_line' id='line_1_36' title="bbox 229 3289 1931 3363; baseline 0 -15"><span class='ocrx_word' id='word_1_501' title='bbox 229 3291 341 3363; x_wconf 83' lang='lat' dir='ltr'>fulgens</span> <span class='ocrx_word' id='word_1_502' title='bbox 353 3307 496 3362; x_wconf 88' lang='lat' dir='ltr'>nunquam</span> <span class='ocrx_word' id='word_1_503' title='bbox 510 3290 702 3360; x_wconf 79' lang='lat' dir='ltr'>exstinguitur,</span> <span class='ocrx_word' id='word_1_504' title='bbox 715 3291 823 3346; x_wconf 85' lang='lat' dir='ltr'>interim</span> <span class='ocrx_word' id='word_1_505' title='bbox 836 3298 929 3345; x_wconf 90' lang='lat' dir='ltr'>tamen</span> <span class='ocrx_word' id='word_1_506' title='bbox 943 3293 1064 3348; x_wconf 89' lang='lat' dir='ltr'>nubibus</span> <span class='ocrx_word' id='word_1_507' title='bbox 1091 3296 1196 3358; x_wconf 77' lang='lat' dir='ltr'>caetra,</span> <span class='ocrx_word' id='word_1_508' title='bbox 1220 3307 1272 3343; x_wconf 85' lang='lat' dir='ltr'>cur</span> <span class='ocrx_word' id='word_1_509' title='bbox 1289 3306 1343 3341; x_wconf 86' lang='lat' dir='ltr'>non</span> <span class='ocrx_word' id='word_1_510' title='bbox 1361 3296 1387 3341; x_wconf 89' lang='lat' dir='ltr'>et</span> <span class='ocrx_word' id='word_1_511' title='bbox 1407 3289 1546 3343; x_wconf 68' lang='lat' dir='ltr'>matema!</span> <span class='ocrx_word' id='word_1_512' title='bbox 1576 3291 1699 3343; x_wconf 76' lang='lat' dir='ltr'>mudum</span> <span class='ocrx_word' id='word_1_513' title='bbox 1718 3290 1807 3358; x_wconf 81' lang='lat' dir='ltr'>ipitur</span> <span class='ocrx_word' id='word_1_514' title='bbox 1824 3290 1931 3348; x_wconf 71' lang='lat' dir='ltr'>tarini</span> 
     </span>
     <span class='ocr_line' id='line_1_37' title="bbox 229 3373 1928 3447; baseline -0.001 -13"><span class='ocrx_word' id='word_1_515' title='bbox 229 3385 258 3434; x_wconf 85' lang='lat' dir='ltr'>et</span> <span class='ocrx_word' id='word_1_516' title='bbox 279 3378 387 3433; x_wconf 90' lang='lat' dir='ltr'>nebulis</span> <span class='ocrx_word' id='word_1_517' title='bbox 404 3376 582 3444; x_wconf 77' lang='lat' dir='ltr'>obscuratur,</span> <span class='ocrx_word' id='word_1_518' title='bbox 605 3375 645 3430; x_wconf 91' lang='lat' dir='ltr'>sic</span> <span class='ocrx_word' id='word_1_519' title='bbox 664 3376 782 3431; x_wconf 88' lang='lat' dir='ltr'>ecclesia</span> <span class='ocrx_word' id='word_1_520' title='bbox 798 3378 1019 3447; x_wconf 85' lang='lat' dir='ltr'>persecutionum</span> <span class='ocrx_word' id='word_1_521' title='bbox 1037 3387 1065 3434; x_wconf 85' lang='lat' dir='ltr'>et</span> <span class='ocrx_word' id='word_1_522' title='bbox 1092 3374 1219 3438; x_wconf 82' lang='lat' dir='ltr'>ecclesia,</span> <span class='ocrx_word' id='word_1_523' title='bbox 1238 3381 1375 3441; x_wconf 80' lang='lat' dir='ltr'>quatenm</span> <span class='ocrx_word' id='word_1_524' title='bbox 1387 3373 1529 3428; x_wconf 70' lang='lat' dir='ltr'>Christum</span> <span class='ocrx_word' id='word_1_525' title='bbox 1540 3390 1632 3442; x_wconf 84' lang='lat' dir='ltr'>repom</span> <span class='ocrx_word' id='word_1_526' title='bbox 1644 3383 1672 3429; x_wconf 89' lang='lat' dir='ltr'>et</span> <span class='ocrx_word' id='word_1_527' title='bbox 1676 3377 1838 3447; x_wconf 74' lang='lat' dir='ltr'>principem</span> <span class='ocrx_word' id='word_1_528' title='bbox 1849 3396 1928 3432; x_wconf 83' lang='lat' dir='ltr'>saum</span> 
     </span>
     <span class='ocr_line' id='line_1_38' title="bbox 127 3460 1928 3533; baseline 0.001 -16"><span class='ocrx_word' id='word_1_529' title='bbox 127 3508 140 3531; x_wconf 75' lang='grc'><strong><em>,</em></strong></span> <span class='ocrx_word' id='word_1_530' title='bbox 229 3463 383 3519; x_wconf 81' lang='lat' dir='ltr'>haeresium</span> <span class='ocrx_word' id='word_1_531' title='bbox 402 3463 476 3519; x_wconf 87' lang='lat' dir='ltr'>nube</span> <span class='ocrx_word' id='word_1_532' title='bbox 496 3463 664 3533; x_wconf 87' lang='lat' dir='ltr'>quandoque</span> <span class='ocrx_word' id='word_1_533' title='bbox 681 3463 868 3527; x_wconf 86' lang='lat' dir='ltr'>obnubilatur,</span> <span class='ocrx_word' id='word_1_534' title='bbox 888 3470 920 3518; x_wconf 87' lang='lat' dir='ltr'>ut</span> <span class='ocrx_word' id='word_1_535' title='bbox 936 3470 1064 3519; x_wconf 84' lang='lat' dir='ltr'>externus</span> <span class='ocrx_word' id='word_1_536' title='bbox 1091 3461 1225 3527; x_wconf 66' lang='lat' dir='ltr'>annotati,</span> <span class='ocrx_word' id='word_1_537' title='bbox 1245 3461 1357 3526; x_wconf 61' lang='lat' dir='ltr'>defecit·</span> <span class='ocrx_word' id='word_1_538' title='bbox 1393 3477 1420 3530; x_wconf 90' lang='lat' dir='ltr'>p.</span> <span class='ocrx_word' id='word_1_539' title='bbox 1431 3465 1478 3515; x_wconf 84' lang='lat'>35:</span> <span class='ocrx_word' id='word_1_540' title='bbox 1497 3461 1576 3513; x_wconf 88' lang='lat' dir='ltr'>Haec</span> <span class='ocrx_word' id='word_1_541' title='bbox 1595 3460 1761 3515; x_wconf 55' lang='lat' dir='ltr'>&amp;ccclesia</span> <span class='ocrx_word' id='word_1_542' title='bbox 1773 3467 1928 3531; x_wconf 78' lang='lat' dir='ltr'>pancratius</span> 
     </span>
     <span class='ocr_line' id='line_1_39' title="bbox 228 3546 1930 3622; baseline 0.003 -18"><span class='ocrx_word' id='word_1_543' title='bbox 228 3549 290 3619; x_wconf 83' lang='lat' dir='ltr'>ejus</span> <span class='ocrx_word' id='word_1_544' title='bbox 315 3549 446 3620; x_wconf 87' lang='lat' dir='ltr'>splendor</span> <span class='ocrx_word' id='word_1_545' title='bbox 467 3565 522 3603; x_wconf 92' lang='lat' dir='ltr'>non</span> <span class='ocrx_word' id='word_1_546' title='bbox 546 3556 691 3619; x_wconf 86' lang='lat' dir='ltr'>appareat,</span> <span class='ocrx_word' id='word_1_547' title='bbox 717 3566 773 3619; x_wconf 92' lang='lat' dir='ltr'>qua</span> <span class='ocrx_word' id='word_1_548' title='bbox 791 3551 826 3605; x_wconf 92' lang='lat' dir='ltr'>de</span> <span class='ocrx_word' id='word_1_549' title='bbox 843 3568 873 3604; x_wconf 88' lang='lat' dir='ltr'>re</span> <span class='ocrx_word' id='word_1_550' title='bbox 890 3550 919 3604; x_wconf 92' lang='lat' dir='ltr'>in</span> <span class='ocrx_word' id='word_1_551' title='bbox 938 3552 1064 3622; x_wconf 90' lang='lat' dir='ltr'>sequenti</span> <span class='ocrx_word' id='word_1_552' title='bbox 1090 3554 1174 3614; x_wconf 66' lang='lat' dir='ltr'>diuite</span> <span class='ocrx_word' id='word_1_553' title='bbox 1198 3546 1325 3600; x_wconf 63' lang='lat' dir='ltr'>“nivem</span> <span class='ocrx_word' id='word_1_554' title='bbox 1347 3546 1504 3614; x_wconf 64' lang='lat' dir='ltr'>loquimur,</span> <span class='ocrx_word' id='word_1_555' title='bbox 1528 3563 1612 3616; x_wconf 84' lang='lat' dir='ltr'>quam</span> <span class='ocrx_word' id='word_1_556' title='bbox 1637 3548 1868 3605; x_wconf 68' lang='lat' dir='ltr'>contradidimus</span> <span class='ocrx_word' id='word_1_557' title='bbox 1889 3554 1930 3607; x_wconf 87' lang='lat' dir='ltr'>ad</span> 
     </span>
     <span class='ocr_line' id='line_1_40' title="bbox 229 3631 1929 3705; baseline 0.001 -19"><span class='ocrx_word' id='word_1_558' title='bbox 229 3634 390 3702; x_wconf 87' lang='lat' dir='ltr'>quaestione</span> <span class='ocrx_word' id='word_1_559' title='bbox 407 3634 489 3688; x_wconf 89' lang='lat' dir='ltr'>latius</span> <span class='ocrx_word' id='word_1_560' title='bbox 506 3633 621 3689; x_wconf 88' lang='lat' dir='ltr'>dicetur.</span> <span class='ocrx_word' id='word_1_561' title='bbox 1091 3632 1213 3686; x_wconf 79' lang='lat' dir='ltr'>etlsns&#39;cos</span> <span class='ocrx_word' id='word_1_562' title='bbox 1241 3631 1461 3686; x_wconf 83' lang='lat' dir='ltr'>consideramus.</span> <span class='ocrx_word' id='word_1_563' title='bbox 1503 3633 1683 3700; x_wconf 82' lang='lat' dir='ltr'>Proprcdior</span> <span class='ocrx_word' id='word_1_564' title='bbox 1710 3635 1751 3686; x_wconf 84' lang='lat' dir='ltr'>ad</span> <span class='ocrx_word' id='word_1_565' title='bbox 1776 3639 1929 3705; x_wconf 87' lang='lat' dir='ltr'>propriam</span> 
     </span>
     <span class='ocr_line' id='line_1_41' title="bbox 1094 3718 1928 3788; baseline 0.005 -16"><span class='ocrx_word' id='word_1_566' title='bbox 1094 3718 1200 3773; x_wconf 77' lang='lat' dir='ltr'>Christi</span> <span class='ocrx_word' id='word_1_567' title='bbox 1224 3718 1370 3772; x_wconf 83' lang='lat' dir='ltr'>ecclesiam</span> <span class='ocrx_word' id='word_1_568' title='bbox 1392 3718 1554 3773; x_wconf 73' lang='lat' dir='ltr'>haeresibus</span> <span class='ocrx_word' id='word_1_569' title='bbox 1576 3719 1745 3788; x_wconf 70' lang='lat' dir='ltr'>appositum.</span> <span class='ocrx_word' id='word_1_570' title='bbox 1785 3722 1928 3776; x_wconf 83' lang='lat' dir='ltr'>Naturam</span> 
     </span>
     <span class='ocr_line' id='line_1_42' title="bbox 548 3803 1929 3876; baseline 0.006 -21"><span class='ocrx_word' id='word_1_571' title='bbox 548 3824 748 3832; x_wconf 78' lang='grc'>·-··--·-</span> <span class='ocrx_word' id='word_1_572' title='bbox 1091 3805 1154 3873; x_wconf 83' lang='lat' dir='ltr'>ejus</span> <span class='ocrx_word' id='word_1_573' title='bbox 1182 3803 1249 3857; x_wconf 88' lang='lat' dir='ltr'>dum</span> <span class='ocrx_word' id='word_1_574' title='bbox 1274 3804 1437 3874; x_wconf 72' lang='lat' dir='ltr'>considam,</span> <span class='ocrx_word' id='word_1_575' title='bbox 1462 3820 1496 3858; x_wconf 87' lang='lat' dir='ltr'>ea</span> <span class='ocrx_word' id='word_1_576' title='bbox 1522 3803 1591 3857; x_wconf 84' lang='lat' dir='ltr'>talis</span> <span class='ocrx_word' id='word_1_577' title='bbox 1621 3823 1677 3860; x_wconf 85' lang='lat' dir='ltr'>non</span> <span class='ocrx_word' id='word_1_578' title='bbox 1699 3813 1753 3873; x_wconf 89' lang='lat' dir='ltr'>cst,</span> <span class='ocrx_word' id='word_1_579' title='bbox 1783 3809 1852 3876; x_wconf 84' lang='lat' dir='ltr'>quin</span> <span class='ocrx_word' id='word_1_580' title='bbox 1876 3810 1929 3864; x_wconf 85' lang='lat' dir='ltr'>ali·</span> 
     </span>
     <span class='ocr_line' id='line_1_43' title="bbox 1092 3890 1929 3966; baseline 0.01 -25"><span class='ocrx_word' id='word_1_581' title='bbox 1092 3890 1205 3957; x_wconf 81' lang='lat' dir='ltr'>quando</span> <span class='ocrx_word' id='word_1_582' title='bbox 1239 3890 1359 3954; x_wconf 75' lang='lat' dir='ltr'>deficiat.</span> <span class='ocrx_word' id='word_1_583' title='bbox 1391 3890 1467 3966; x_wconf 50' lang='lat' dir='ltr'>¹Non</span> <span class='ocrx_word' id='word_1_584' title='bbox 1498 3891 1604 3955; x_wconf 76' lang='lat' dir='ltr'>defecit</span> <span class='ocrx_word' id='word_1_585' title='bbox 1632 3892 1701 3960; x_wconf 84' lang='lat' dir='ltr'>itia,</span> <span class='ocrx_word' id='word_1_586' title='bbox 1733 3899 1838 3947; x_wconf 87' lang='lat' dir='ltr'>natura</span> <span class='ocrx_word' id='word_1_587' title='bbox 1867 3897 1929 3965; x_wconf 84' lang='lat' dir='ltr'>ejus</span> 
     </span>
     <span class='ocr_line' id='line_1_44' title="bbox 122 3970 1929 4045; baseline 0.007 -22"><span class='ocrx_word' id='word_1_588' title='bbox 122 3995 158 4039; x_wconf 60' lang='lat' dir='ltr'><strong>n</strong></span> <span class='ocrx_word' id='word_1_589' title='bbox 172 3996 226 4039; x_wconf 60' lang='lat' dir='ltr'>m„</span> <span class='ocrx_word' id='word_1_590' title='bbox 480 3972 546 4032; x_wconf 74' lang='lat' dir='ltr'>CA</span> <span class='ocrx_word' id='word_1_591' title='bbox 563 3972 588 4032; x_wconf 84' lang='lat' dir='ltr'>P</span> <span class='ocrx_word' id='word_1_592' title='bbox 605 3971 633 4031; x_wconf 81' lang='lat' dir='ltr'>U</span> <span class='ocrx_word' id='word_1_593' title='bbox 650 3972 675 4031; x_wconf 79' lang='grc' dir='ltr'><strong>Τ</strong></span> <span class='ocrx_word' id='word_1_594' title='bbox 710 3970 811 4033; x_wconf 81' lang='lat' dir='ltr'><strong>VIII.</strong></span> <span class='ocrx_word' id='word_1_595' title='bbox 1087 3970 1303 4045; x_wconf 81' lang='lat' dir='ltr'>perpetuitatem</span> <span class='ocrx_word' id='word_1_596' title='bbox 1321 3974 1414 4028; x_wconf 82' lang='lat' dir='ltr'>minus</span> <span class='ocrx_word' id='word_1_597' title='bbox 1427 3975 1595 4042; x_wconf 68' lang='lat' dir='ltr'>defendente</span> <span class='ocrx_word' id='word_1_598' title='bbox 1600 3997 1612 4045; x_wconf 88' lang='lat'>,·</span> <span class='ocrx_word' id='word_1_599' title='bbox 1632 3978 1738 4043; x_wconf 76' lang='lat' dir='ltr'>defecit</span> <span class='ocrx_word' id='word_1_600' title='bbox 1751 3978 1828 4043; x_wconf 82' lang='lat' dir='ltr'>baec,</span> <span class='ocrx_word' id='word_1_601' title='bbox 1847 3981 1929 4035; x_wconf 79' lang='lat' dir='ltr'>uuila</span> 
     </span>
     <span class='ocr_line' id='line_1_45' title="bbox 1090 4060 1928 4132; baseline 0.008 -18"><span class='ocrx_word' id='word_1_602' title='bbox 1090 4061 1221 4114; x_wconf 79' lang='lat' dir='ltr'>abaciam</span> <span class='ocrx_word' id='word_1_603' title='bbox 1240 4060 1402 4114; x_wconf 69' lang='lat' dir='ltr'>neccsmtutc</span> <span class='ocrx_word' id='word_1_604' title='bbox 1414 4062 1600 4126; x_wconf 83' lang='lat' dir='ltr'>defectionem</span> <span class='ocrx_word' id='word_1_605' title='bbox 1608 4064 1781 4132; x_wconf 77' lang='lat' dir='ltr'>probibente.</span> <span class='ocrx_word' id='word_1_606' title='bbox 1818 4063 1928 4121; x_wconf 83' lang='lat' dir='ltr'>Causas</span> 
     </span>
     <span class='ocr_line' id='line_1_46' title="bbox 271 4125 1928 4223; baseline 0.007 -28"><span class='ocrx_word' id='word_1_607' title='bbox 271 4128 339 4195; x_wconf 78' lang='lat' dir='ltr'>AN</span> <span class='ocrx_word' id='word_1_608' title='bbox 368 4126 632 4194; x_wconf 77' lang='lat' dir='ltr'>ECCLESIA</span> <span class='ocrx_word' id='word_1_609' title='bbox 658 4128 685 4193; x_wconf 89' lang='lat' dir='ltr'>P</span> <span class='ocrx_word' id='word_1_610' title='bbox 694 4125 846 4195; x_wconf 80' lang='lat' dir='ltr'>OSSIT</span> <span class='ocrx_word' id='word_1_611' title='bbox 873 4127 975 4194; x_wconf 77' lang='lat' dir='ltr'>DEF</span> <span class='ocrx_word' id='word_1_612' title='bbox 985 4128 1020 4194; x_wconf 88' lang='grc' dir='ltr'>Ι·</span> <span class='ocrx_word' id='word_1_613' title='bbox 1090 4145 1237 4200; x_wconf 84' lang='lat' dir='ltr'>eeclesiam</span> <span class='ocrx_word' id='word_1_614' title='bbox 1265 4146 1460 4201; x_wconf 81' lang='lat' dir='ltr'>constituentes</span> <span class='ocrx_word' id='word_1_615' title='bbox 1488 4149 1669 4217; x_wconf 76' lang='lat' dir='ltr'>pensitamus.</span> <span class='ocrx_word' id='word_1_616' title='bbox 1717 4149 1763 4203; x_wconf 78' lang='lat' dir='ltr'>Aa</span> <span class='ocrx_word' id='word_1_617' title='bbox 1790 4153 1928 4223; x_wconf 69' lang='lat' dir='ltr'>efficimus</span> 
     </span>
     <span class='ocr_line' id='line_1_47' title="bbox 578 4230 1926 4304; baseline -0.003 -7"><span class='ocrx_word' id='word_1_618' title='bbox 578 4230 720 4297; x_wconf 75' lang='grc' dir='ltr'><strong>ΟΕΒΕ.</strong></span> <span class='ocrx_word' id='word_1_619' title='bbox 1090 4233 1160 4301; x_wconf 85' lang='lat' dir='ltr'>quid</span> <span class='ocrx_word' id='word_1_620' title='bbox 1171 4232 1270 4301; x_wconf 73' lang='lat' dir='ltr'>petis!</span> <span class='ocrx_word' id='word_1_621' title='bbox 1286 4249 1342 4286; x_wconf 89' lang='lat' dir='ltr'>non</span> <span class='ocrx_word' id='word_1_622' title='bbox 1357 4233 1490 4301; x_wconf 87' lang='lat' dir='ltr'>promisit</span> <span class='ocrx_word' id='word_1_623' title='bbox 1507 4252 1630 4304; x_wconf 75' lang='lat' dir='ltr'>unmsam</span> <span class='ocrx_word' id='word_1_624' title='bbox 1649 4237 1731 4290; x_wconf 80' lang='lat' dir='ltr'>Deus</span> <span class='ocrx_word' id='word_1_625' title='bbox 1750 4238 1926 4294; x_wconf 83' lang='lat' dir='ltr'>durationem</span> 
     </span>
     <span class='ocr_line' id='line_1_48' title="bbox 770 4318 1926 4391; baseline 0.01 -22"><span class='ocrx_word' id='word_1_626' title='bbox 770 4341 775 4348; x_wconf 51' lang='lat'>¹</span> <span class='ocrx_word' id='word_1_627' title='bbox 1090 4318 1223 4372; x_wconf 84' lang='lat' dir='ltr'>ccclesiae</span> <span class='ocrx_word' id='word_1_628' title='bbox 1242 4325 1424 4388; x_wconf 83' lang='lat' dir='ltr'>perpetuam,</span> <span class='ocrx_word' id='word_1_629' title='bbox 1449 4321 1502 4373; x_wconf 88' lang='lat' dir='ltr'>sed</span> <span class='ocrx_word' id='word_1_630' title='bbox 1523 4328 1628 4375; x_wconf 73' lang='lat' dir='ltr'>tantona</span> <span class='ocrx_word' id='word_1_631' title='bbox 1647 4329 1750 4391; x_wconf 88' lang='lat' dir='ltr'>portas</span> <span class='ocrx_word' id='word_1_632' title='bbox 1768 4325 1926 4386; x_wconf 77' lang='lat' dir='ltr'>inferarum</span> 
     </span>
     <span class='ocr_line' id='line_1_49' title="bbox 265 4397 1926 4478; baseline 0.005 -22"><span class='ocrx_word' id='word_1_633' title='bbox 265 4407 307 4457; x_wconf 83' lang='lat'>86.</span> <span class='ocrx_word' id='word_1_634' title='bbox 342 4397 476 4470; x_wconf 81' lang='lat' dir='ltr'>Exposita</span> <span class='ocrx_word' id='word_1_635' title='bbox 496 4398 631 4454; x_wconf 88' lang='lat' dir='ltr'>materiali</span> <span class='ocrx_word' id='word_1_636' title='bbox 649 4399 795 4469; x_wconf 89' lang='lat' dir='ltr'>ecclesiae,</span> <span class='ocrx_word' id='word_1_637' title='bbox 822 4416 855 4454; x_wconf 87' lang='lat' dir='ltr'>ex</span> <span class='ocrx_word' id='word_1_638' title='bbox 874 4400 976 4471; x_wconf 85' lang='lat' dir='ltr'>quibus</span> <span class='ocrx_word' id='word_1_639' title='bbox 992 4400 1064 4458; x_wconf 92' lang='lat' dir='ltr'>scili·</span> <span class='ocrx_word' id='word_1_640' title='bbox 1089 4423 1146 4458; x_wconf 84' lang='lat' dir='ltr'>non</span> <span class='ocrx_word' id='word_1_641' title='bbox 1171 4411 1356 4473; x_wconf 83' lang='lat' dir='ltr'>superaturos</span> <span class='ocrx_word' id='word_1_642' title='bbox 1381 4420 1451 4461; x_wconf 88' lang='lat' dir='ltr'>eam.</span> <span class='ocrx_word' id='word_1_643' title='bbox 1496 4406 1624 4461; x_wconf 79' lang='lat' dir='ltr'>Materia</span> <span class='ocrx_word' id='word_1_644' title='bbox 1649 4407 1711 4475; x_wconf 81' lang='lat' dir='ltr'>ejrss</span> <span class='ocrx_word' id='word_1_645' title='bbox 1730 4410 1857 4478; x_wconf 71' lang='lat' dir='ltr'>popndus</span> <span class='ocrx_word' id='word_1_646' title='bbox 1879 4421 1926 4466; x_wconf 87' lang='lat' dir='ltr'>sst.</span> 
     </span>
     <span class='ocr_line' id='line_1_50' title="bbox 228 4484 1926 4564; baseline 0.006 -24"><span class='ocrx_word' id='word_1_647' title='bbox 228 4492 273 4540; x_wconf 89' lang='lat' dir='ltr'>cet</span> <span class='ocrx_word' id='word_1_648' title='bbox 291 4484 447 4539; x_wconf 90' lang='lat' dir='ltr'>bominibus</span> <span class='ocrx_word' id='word_1_649' title='bbox 468 4501 500 4538; x_wconf 86' lang='lat' dir='ltr'>ea</span> <span class='ocrx_word' id='word_1_650' title='bbox 520 4491 636 4553; x_wconf 88' lang='lat' dir='ltr'>constet,</span> <span class='ocrx_word' id='word_1_651' title='bbox 656 4485 811 4554; x_wconf 88' lang='lat' dir='ltr'>proximum</span> <span class='ocrx_word' id='word_1_652' title='bbox 832 4492 899 4556; x_wconf 88' lang='lat' dir='ltr'>crat,</span> <span class='ocrx_word' id='word_1_653' title='bbox 919 4494 950 4542; x_wconf 90' lang='lat' dir='ltr'>ut</span> <span class='ocrx_word' id='word_1_654' title='bbox 967 4488 1004 4542; x_wconf 92' lang='lat' dir='ltr'>ad</span> <span class='ocrx_word' id='word_1_655' title='bbox 1020 4505 1063 4543; x_wconf 92' lang='lat' dir='ltr'>ec·</span> <span class='ocrx_word' id='word_1_656' title='bbox 1090 4492 1160 4544; x_wconf 86' lang='lat' dir='ltr'>Jom</span> <span class='ocrx_word' id='word_1_657' title='bbox 1185 4491 1212 4543; x_wconf 85' lang='lat' dir='ltr'>si</span> <span class='ocrx_word' id='word_1_658' title='bbox 1232 4491 1326 4558; x_wconf 87' lang='lat' dir='ltr'>Deus,</span> <span class='ocrx_word' id='word_1_659' title='bbox 1349 4506 1383 4543; x_wconf 88' lang='lat' dir='ltr'>ne</span> <span class='ocrx_word' id='word_1_660' title='bbox 1406 4507 1529 4558; x_wconf 81' lang='lat' dir='ltr'>unquam</span> <span class='ocrx_word' id='word_1_661' title='bbox 1548 4493 1679 4562; x_wconf 78' lang='lat' dir='ltr'>deficeret</span> <span class='ocrx_word' id='word_1_662' title='bbox 1694 4493 1828 4564; x_wconf 79' lang='lat' dir='ltr'>ccclesia,</span> <span class='ocrx_word' id='word_1_663' title='bbox 1850 4498 1926 4551; x_wconf 84' lang='lat' dir='ltr'>orati-</span> 
     </span>
     <span class='ocr_line' id='line_1_51' title="bbox 227 4570 1926 4653; baseline 0.005 -27"><span class='ocrx_word' id='word_1_664' title='bbox 227 4572 329 4628; x_wconf 88' lang='lat' dir='ltr'>clesiae</span> <span class='ocrx_word' id='word_1_665' title='bbox 352 4579 450 4638; x_wconf 72' lang='lat' dir='ltr'>rictas,</span> <span class='ocrx_word' id='word_1_666' title='bbox 476 4571 504 4623; x_wconf 92' lang='lat' dir='ltr'>in</span> <span class='ocrx_word' id='word_1_667' title='bbox 528 4570 630 4642; x_wconf 87' lang='lat' dir='ltr'>quibus</span> <span class='ocrx_word' id='word_1_668' title='bbox 655 4571 742 4625; x_wconf 85' lang='lat' dir='ltr'>veluti</span> <span class='ocrx_word' id='word_1_669' title='bbox 763 4570 852 4626; x_wconf 80' lang='lat' dir='ltr'>forma</span> <span class='ocrx_word' id='word_1_670' title='bbox 867 4572 1001 4628; x_wconf 87' lang='lat' dir='ltr'>ecclesiae</span> <span class='ocrx_word' id='word_1_671' title='bbox 1019 4590 1064 4627; x_wconf 86' lang='lat' dir='ltr'>ex·</span> <span class='ocrx_word' id='word_1_672' title='bbox 1089 4583 1191 4644; x_wconf 86' lang='lat' dir='ltr'>nasset,</span> <span class='ocrx_word' id='word_1_673' title='bbox 1210 4593 1266 4629; x_wconf 86' lang='lat' dir='ltr'>non</span> <span class='ocrx_word' id='word_1_674' title='bbox 1280 4575 1335 4628; x_wconf 82' lang='lat' dir='ltr'>sibi</span> <span class='ocrx_word' id='word_1_675' title='bbox 1345 4576 1444 4644; x_wconf 87' lang='lat' dir='ltr'>copias</span> <span class='ocrx_word' id='word_1_676' title='bbox 1456 4577 1584 4647; x_wconf 78' lang='lat' dir='ltr'>depisset</span> <span class='ocrx_word' id='word_1_677' title='bbox 1596 4580 1781 4650; x_wconf 83' lang='lat' dir='ltr'>voluntarias,</span> <span class='ocrx_word' id='word_1_678' title='bbox 1793 4584 1845 4635; x_wconf 85' lang='lat' dir='ltr'>sed</span> <span class='ocrx_word' id='word_1_679' title='bbox 1857 4600 1926 4653; x_wconf 77' lang='lat' dir='ltr'>puae</span> 
     </span>
     <span class='ocr_line' id='line_1_52' title="bbox 227 4655 1927 4733; baseline 0.006 -20"><span class='ocrx_word' id='word_1_680' title='bbox 227 4665 306 4713; x_wconf 72' lang='lat' dir='ltr'>term</span> <span class='ocrx_word' id='word_1_681' title='bbox 332 4655 474 4724; x_wconf 90' lang='lat' dir='ltr'>consistit,</span> <span class='ocrx_word' id='word_1_682' title='bbox 498 4656 727 4711; x_wconf 86' lang='lat' dir='ltr'>descenderemus</span> <span class='ocrx_word' id='word_1_683' title='bbox 752 4672 784 4709; x_wconf 90' lang='lat' dir='ltr'>ac</span> <span class='ocrx_word' id='word_1_684' title='bbox 811 4663 878 4712; x_wconf 90' lang='lat' dir='ltr'>tunc</span> <span class='ocrx_word' id='word_1_685' title='bbox 899 4658 1007 4713; x_wconf 89' lang='lat' dir='ltr'>demum</span> <span class='ocrx_word' id='word_1_686' title='bbox 1029 4660 1064 4713; x_wconf 89' lang='lat' dir='ltr'>de</span> <span class='ocrx_word' id='word_1_687' title='bbox 1090 4670 1183 4716; x_wconf 86' lang='lat' dir='ltr'>coacte</span> <span class='ocrx_word' id='word_1_688' title='bbox 1200 4670 1228 4715; x_wconf 90' lang='lat' dir='ltr'>ct</span> <span class='ocrx_word' id='word_1_689' title='bbox 1245 4663 1404 4715; x_wconf 83' lang='lat' dir='ltr'>necessario</span> <span class='ocrx_word' id='word_1_690' title='bbox 1425 4665 1453 4716; x_wconf 87' lang='lat' dir='ltr'>ei</span> <span class='ocrx_word' id='word_1_691' title='bbox 1468 4673 1612 4733; x_wconf 85' lang='lat' dir='ltr'>parerent.</span> <span class='ocrx_word' id='word_1_692' title='bbox 1650 4665 1736 4729; x_wconf 81' lang='lat' dir='ltr'>Quod</span> <span class='ocrx_word' id='word_1_693' title='bbox 1752 4671 1927 4724; x_wconf 76' lang='lat' dir='ltr'>vernuciaru-</span> 
     </span>
     <span class='ocr_line' id='line_1_53' title="bbox 226 4741 1926 4824; baseline 0.006 -26"><span class='ocrx_word' id='word_1_694' title='bbox 226 4743 367 4814; x_wconf 82' lang='lat' dir='ltr'>adjunctis</span> <span class='ocrx_word' id='word_1_695' title='bbox 381 4743 513 4797; x_wconf 86' lang='lat' dir='ltr'>ecclesiae</span> <span class='ocrx_word' id='word_1_696' title='bbox 525 4759 679 4814; x_wconf 89' lang='lat' dir='ltr'>ageremus,</span> <span class='ocrx_word' id='word_1_697' title='bbox 692 4741 741 4797; x_wconf 91' lang='lat' dir='ltr'>sed</span> <span class='ocrx_word' id='word_1_698' title='bbox 753 4743 819 4811; x_wconf 90' lang='lat' dir='ltr'>quia</span> <span class='ocrx_word' id='word_1_699' title='bbox 830 4760 892 4798; x_wconf 91' lang='lat' dir='ltr'>cum</span> <span class='ocrx_word' id='word_1_700' title='bbox 902 4745 1064 4815; x_wconf 85' lang='lat' dir='ltr'>quaestione</span> <span class='ocrx_word' id='word_1_701' title='bbox 1089 4748 1161 4801; x_wconf 84' lang='lat' dir='ltr'>taric</span> <span class='ocrx_word' id='word_1_702' title='bbox 1185 4755 1210 4800; x_wconf 87' lang='lat' dir='ltr'>et</span> <span class='ocrx_word' id='word_1_703' title='bbox 1229 4747 1350 4801; x_wconf 81' lang='lat' dir='ltr'>arbs&#39;trs&#39;o</span> <span class='ocrx_word' id='word_1_704' title='bbox 1366 4749 1442 4814; x_wconf 84' lang='lat' dir='ltr'>facit</span> <span class='ocrx_word' id='word_1_705' title='bbox 1458 4768 1519 4820; x_wconf 91' lang='lat' dir='ltr'>suo,</span> <span class='ocrx_word' id='word_1_706' title='bbox 1537 4752 1635 4806; x_wconf 86' lang='lat' dir='ltr'>eadem</span> <span class='ocrx_word' id='word_1_707' title='bbox 1651 4752 1742 4824; x_wconf 81' lang='lat' dir='ltr'>animi</span> <span class='ocrx_word' id='word_1_708' title='bbox 1759 4753 1890 4809; x_wconf 83' lang='lat' dir='ltr'>libertate</span> <span class='ocrx_word' id='word_1_709' title='bbox 1908 4774 1926 4809; x_wconf 89' lang='lat' dir='ltr'>a</span> 
     </span>
     <span class='ocr_line' id='line_1_54' title="bbox 227 4828 1926 4906; baseline 0.006 -21"><span class='ocrx_word' id='word_1_710' title='bbox 227 4829 262 4884; x_wconf 87' lang='lat' dir='ltr'>de</span> <span class='ocrx_word' id='word_1_711' title='bbox 281 4829 413 4885; x_wconf 87' lang='lat' dir='ltr'>ecclesiae</span> <span class='ocrx_word' id='word_1_712' title='bbox 431 4828 591 4884; x_wconf 85' lang='lat' dir='ltr'>visibilitate</span> <span class='ocrx_word' id='word_1_713' title='bbox 609 4845 738 4900; x_wconf 86' lang='lat' dir='ltr'>magnam</span> <span class='ocrx_word' id='word_1_714' title='bbox 753 4828 947 4899; x_wconf 90' lang='lat' dir='ltr'>cognationem</span> <span class='ocrx_word' id='word_1_715' title='bbox 960 4832 1064 4887; x_wconf 91' lang='lat' dir='ltr'>habent</span> <span class='ocrx_word' id='word_1_716' title='bbox 1090 4834 1160 4886; x_wconf 82' lang='lat' dir='ltr'>bono</span> <span class='ocrx_word' id='word_1_717' title='bbox 1184 4834 1214 4886; x_wconf 84' lang='lat' dir='ltr'>in</span> <span class='ocrx_word' id='word_1_718' title='bbox 1226 4851 1349 4901; x_wconf 75' lang='lat' dir='ltr'>prauum</span> <span class='ocrx_word' id='word_1_719' title='bbox 1369 4836 1473 4890; x_wconf 88' lang='lat' dir='ltr'>matum</span> <span class='ocrx_word' id='word_1_720' title='bbox 1490 4837 1619 4891; x_wconf 76' lang='lat' dir='ltr'>abstrahi</span> <span class='ocrx_word' id='word_1_721' title='bbox 1631 4846 1734 4906; x_wconf 86' lang='lat' dir='ltr'>potest.</span> <span class='ocrx_word' id='word_1_722' title='bbox 1771 4841 1926 4897; x_wconf 84' lang='lat' dir='ltr'>Praeterea</span> 
     </span>
     <span class='ocr_line' id='line_1_55' title="bbox 120 4913 1926 4993; baseline 0.008 -27"><span class='ocrx_word' id='word_1_723' title='bbox 120 4924 155 4968; x_wconf 69' lang='grc' dir='ltr'>ιι</span> <span class='ocrx_word' id='word_1_724' title='bbox 168 4924 214 4969; x_wconf 82' lang='lat' dir='ltr'>loe.</span> <span class='ocrx_word' id='word_1_725' title='bbox 226 4915 417 4987; x_wconf 84' lang='lat' dir='ltr'>quaestiones,</span> <span class='ocrx_word' id='word_1_726' title='bbox 444 4931 481 4969; x_wconf 90' lang='lat' dir='ltr'>an</span> <span class='ocrx_word' id='word_1_727' title='bbox 509 4913 628 4970; x_wconf 90' lang='lat' dir='ltr'>ecclesia</span> <span class='ocrx_word' id='word_1_728' title='bbox 656 4913 774 4970; x_wconf 85' lang='lat' dir='ltr'>deiicere</span> <span class='ocrx_word' id='word_1_729' title='bbox 803 4922 830 4971; x_wconf 90' lang='lat' dir='ltr'>et</span> <span class='ocrx_word' id='word_1_730' title='bbox 852 4932 944 4972; x_wconf 90' lang='lat' dir='ltr'>errare</span> <span class='ocrx_word' id='word_1_731' title='bbox 968 4918 1063 4987; x_wconf 87' lang='lat' dir='ltr'>possit,</span> <span class='ocrx_word' id='word_1_732' title='bbox 1088 4935 1167 4973; x_wconf 84' lang='lat' dir='ltr'>nemo</span> <span class='ocrx_word' id='word_1_733' title='bbox 1187 4928 1283 4988; x_wconf 84' lang='lat' dir='ltr'>nepot,</span> <span class='ocrx_word' id='word_1_734' title='bbox 1309 4921 1456 4976; x_wconf 86' lang='lat' dir='ltr'>ecclesiam</span> <span class='ocrx_word' id='word_1_735' title='bbox 1474 4939 1506 4977; x_wconf 83' lang='lat' dir='ltr'>ea</span> <span class='ocrx_word' id='word_1_736' title='bbox 1519 4925 1652 4992; x_wconf 81' lang='lat' dir='ltr'>portibus</span> <span class='ocrx_word' id='word_1_737' title='bbox 1669 4924 1797 4979; x_wconf 79' lang='lat' dir='ltr'>interitui</span> <span class='ocrx_word' id='word_1_738' title='bbox 1814 4945 1849 4980; x_wconf 90' lang='lat' dir='ltr'>ac</span> <span class='ocrx_word' id='word_1_739' title='bbox 1864 4929 1926 4993; x_wconf 82' lang='lat' dir='ltr'>for·</span> 
     </span>
     <span class='ocr_line' id='line_1_56' title="bbox 227 4999 1926 5093; baseline 0.007 -36"><span class='ocrx_word' id='word_1_740' title='bbox 227 5001 301 5057; x_wconf 87' lang='lat' dir='ltr'>unde</span> <span class='ocrx_word' id='word_1_741' title='bbox 324 5002 409 5056; x_wconf 90' lang='lat' dir='ltr'>etiam</span> <span class='ocrx_word' id='word_1_742' title='bbox 437 5000 605 5070; x_wconf 89' lang='lat' dir='ltr'>conjunctim</span> <span class='ocrx_word' id='word_1_743' title='bbox 626 5017 644 5054; x_wconf 93' lang='lat' dir='ltr'>a</span> <span class='ocrx_word' id='word_1_744' title='bbox 662 4999 830 5056; x_wconf 86' lang='lat' dir='ltr'>Bellarmino</span> <span class='ocrx_word' id='word_1_745' title='bbox 854 5009 919 5056; x_wconf 90' lang='lat' dir='ltr'>ante</span> <span class='ocrx_word' id='word_1_746' title='bbox 940 5002 1077 5093; x_wconf 88' lang='lat' dir='ltr'>disputa·</span> <span class='ocrx_word' id='word_1_747' title='bbox 1088 5013 1172 5058; x_wconf 82' lang='lat' dir='ltr'>tanae</span> <span class='ocrx_word' id='word_1_748' title='bbox 1190 5006 1322 5074; x_wconf 77' lang='lat' dir='ltr'>subjectis</span> <span class='ocrx_word' id='word_1_749' title='bbox 1339 5016 1478 5077; x_wconf 86' lang='lat' dir='ltr'>constare,</span> <span class='ocrx_word' id='word_1_750' title='bbox 1496 5009 1614 5077; x_wconf 74' lang='lat' dir='ltr'>irimque</span> <span class='ocrx_word' id='word_1_751' title='bbox 1634 5012 1749 5065; x_wconf 83' lang='lat' dir='ltr'>duratio</span> <span class='ocrx_word' id='word_1_752' title='bbox 1769 5013 1831 5082; x_wconf 76' lang='lat' dir='ltr'>ejus</span> <span class='ocrx_word' id='word_1_753' title='bbox 1848 5014 1926 5068; x_wconf 82' lang='lat' dir='ltr'>abso·</span> 
     </span>
     <span class='ocr_line' id='line_1_57' title="bbox 226 5062 1927 5156; baseline 0.005 -14"><span class='ocrx_word' id='word_1_754' title='bbox 226 5087 328 5142; x_wconf 83' lang='lat' dir='ltr'>tionem</span> <span class='ocrx_word' id='word_1_755' title='bbox 349 5087 383 5142; x_wconf 93' lang='lat' dir='ltr'>de</span> <span class='ocrx_word' id='word_1_756' title='bbox 408 5086 480 5141; x_wconf 92' lang='lat' dir='ltr'>notis</span> <span class='ocrx_word' id='word_1_757' title='bbox 506 5085 640 5140; x_wconf 89' lang='lat' dir='ltr'>ecclesiae</span> <span class='ocrx_word' id='word_1_758' title='bbox 658 5092 876 5156; x_wconf 89' lang='lat' dir='ltr'>pertractantur,</span> <span class='ocrx_word' id='word_1_759' title='bbox 900 5088 962 5144; x_wconf 90' lang='lat' dir='ltr'>ideo</span> <span class='ocrx_word' id='word_1_760' title='bbox 981 5087 1062 5144; x_wconf 81' lang='lat' dir='ltr'>vesti-</span> <span class='ocrx_word' id='word_1_761' title='bbox 1074 5062 1145 5145; x_wconf 85' lang='lat' dir='ltr'>tute</span> <span class='ocrx_word' id='word_1_762' title='bbox 1163 5095 1323 5147; x_wconf 84' lang='lat' dir='ltr'>necessarie</span> <span class='ocrx_word' id='word_1_763' title='bbox 1344 5102 1370 5148; x_wconf 87' lang='lat' dir='ltr'>et</span> <span class='ocrx_word' id='word_1_764' title='bbox 1387 5103 1502 5150; x_wconf 63' lang='lat' dir='ltr'>werna</span> <span class='ocrx_word' id='word_1_765' title='bbox 1522 5110 1578 5145; x_wconf 81' lang='lat' dir='ltr'>non</span> <span class='ocrx_word' id='word_1_766' title='bbox 1597 5104 1637 5150; x_wconf 86' lang='lat' dir='ltr'>est</span> <span class='ocrx_word' id='word_1_767' title='bbox 1655 5104 1704 5152; x_wconf 87' lang='lat' dir='ltr'>etc.</span> <span class='ocrx_word' id='word_1_768' title='bbox 1738 5098 1865 5153; x_wconf 78' lang='lat' dir='ltr'>Transeo</span> <span class='ocrx_word' id='word_1_769' title='bbox 1885 5102 1927 5154; x_wconf 82' lang='lat' dir='ltr'>ad</span> 
     </span>
     <span class='ocr_line' id='line_1_58' title="bbox 226 5171 1925 5252; baseline 0.01 -28"><span class='ocrx_word' id='word_1_770' title='bbox 226 5171 280 5242; x_wconf 89' lang='lat' dir='ltr'>giis</span> <span class='ocrx_word' id='word_1_771' title='bbox 315 5172 420 5227; x_wconf 91' lang='lat' dir='ltr'>ordinis</span> <span class='ocrx_word' id='word_1_772' title='bbox 454 5172 537 5242; x_wconf 89' lang='lat' dir='ltr'>bujus</span> <span class='ocrx_word' id='word_1_773' title='bbox 568 5171 642 5226; x_wconf 91' lang='lat' dir='ltr'>ab</span> <span class='ocrx_word' id='word_1_774' title='bbox 635 5189 696 5242; x_wconf 84' lang='lat' dir='ltr'>rpso</span> <span class='ocrx_word' id='word_1_775' title='bbox 728 5173 868 5229; x_wconf 87' lang='lat' dir='ltr'>observati</span> <span class='ocrx_word' id='word_1_776' title='bbox 896 5173 1062 5236; x_wconf 89' lang='lat' dir='ltr'>insistemus,</span> <span class='ocrx_word' id='word_1_777' title='bbox 1086 5176 1212 5241; x_wconf 72' lang='lat' dir='ltr'>formam</span> <span class='ocrx_word' id='word_1_778' title='bbox 1231 5180 1373 5251; x_wconf 84' lang='lat' dir='ltr'>ecclesiae,</span> <span class='ocrx_word' id='word_1_779' title='bbox 1392 5179 1579 5249; x_wconf 74' lang='lat' dir='ltr'>quaerentes</span> <span class='ocrx_word' id='word_1_780' title='bbox 1591 5183 1780 5252; x_wconf 81' lang='lat' dir='ltr'>etpsetasest.</span> <span class='ocrx_word' id='word_1_781' title='bbox 1815 5185 1925 5240; x_wconf 86' lang='lat' dir='ltr'>Utrum·</span> 
     </span>
     <span class='ocr_line' id='line_1_59' title="bbox 119 5257 1926 5336; baseline 0.01 -27"><span class='ocrx_word' id='word_1_782' title='bbox 119 5257 154 5300; x_wconf 71' lang='lat' dir='ltr'>ss</span> <span class='ocrx_word' id='word_1_783' title='bbox 169 5258 211 5300; x_wconf 73' lang='lat'>¹⁰⁷</span> <span class='ocrx_word' id='word_1_784' title='bbox 226 5257 343 5312; x_wconf 87' lang='lat' dir='ltr'>maxime</span> <span class='ocrx_word' id='word_1_785' title='bbox 376 5276 440 5313; x_wconf 92' lang='lat' dir='ltr'>cum</span> <span class='ocrx_word' id='word_1_786' title='bbox 471 5258 623 5329; x_wconf 87' lang='lat' dir='ltr'>disputatio</span> <span class='ocrx_word' id='word_1_787' title='bbox 654 5259 688 5313; x_wconf 89' lang='lat' dir='ltr'>de</span> <span class='ocrx_word' id='word_1_788' title='bbox 715 5259 905 5316; x_wconf 83' lang='lat' dir='ltr'>invisibilitate</span> <span class='ocrx_word' id='word_1_789' title='bbox 929 5260 1061 5316; x_wconf 89' lang='lat' dir='ltr'>ecclesiae</span> <span class='ocrx_word' id='word_1_790' title='bbox 1087 5278 1139 5330; x_wconf 78' lang='lat' dir='ltr'>que</span> <span class='ocrx_word' id='word_1_791' title='bbox 1161 5281 1270 5334; x_wconf 84' lang='lat' dir='ltr'>sempor</span> <span class='ocrx_word' id='word_1_792' title='bbox 1298 5267 1429 5321; x_wconf 79' lang='lat' dir='ltr'>liberast</span> <span class='ocrx_word' id='word_1_793' title='bbox 1443 5279 1540 5336; x_wconf 83' lang='lat' dir='ltr'>presse</span> <span class='ocrx_word' id='word_1_794' title='bbox 1561 5268 1674 5325; x_wconf 86' lang='lat' dir='ltr'>cultum.</span> <span class='ocrx_word' id='word_1_795' title='bbox 1712 5268 1746 5323; x_wconf 82' lang='lat' dir='ltr'>Si</span> <span class='ocrx_word' id='word_1_796' title='bbox 1764 5270 1926 5326; x_wconf 83' lang='lat' dir='ltr'>liberrimus</span> 
     </span>
     <span class='ocr_line' id='line_1_60' title="bbox 225 5343 1925 5455; baseline 0.009 -58"><span class='ocrx_word' id='word_1_797' title='bbox 225 5343 306 5412; x_wconf 90' lang='lat' dir='ltr'>plene</span> <span class='ocrx_word' id='word_1_798' title='bbox 332 5344 450 5416; x_wconf 81' lang='lat' dir='ltr'>intelligi</span> <span class='ocrx_word' id='word_1_799' title='bbox 480 5363 535 5401; x_wconf 92' lang='lat' dir='ltr'>non</span> <span class='ocrx_word' id='word_1_800' title='bbox 561 5346 664 5417; x_wconf 90' lang='lat' dir='ltr'>possit,</span> <span class='ocrx_word' id='word_1_801' title='bbox 690 5347 743 5400; x_wconf 91' lang='lat' dir='ltr'>nisi</span> <span class='ocrx_word' id='word_1_802' title='bbox 769 5346 889 5401; x_wconf 86' lang='lat' dir='ltr'>addatur</span> <span class='ocrx_word' id='word_1_803' title='bbox 915 5346 1076 5418; x_wconf 85' lang='lat' dir='ltr'>explicatio</span> <span class='ocrx_word' id='word_1_804' title='bbox 1073 5350 1230 5455; x_wconf 80' lang='lat' dir='ltr'>utriusque</span> <span class='ocrx_word' id='word_1_805' title='bbox 1248 5354 1354 5423; x_wconf 76' lang='lat' dir='ltr'>cultra,</span> <span class='ocrx_word' id='word_1_806' title='bbox 1375 5353 1453 5423; x_wconf 76' lang='lat' dir='ltr'>isque</span> <span class='ocrx_word' id='word_1_807' title='bbox 1472 5347 1612 5406; x_wconf 70' lang='lat' dir='ltr'>tumarice</span> <span class='ocrx_word' id='word_1_808' title='bbox 1632 5359 1753 5410; x_wconf 85' lang='lat' dir='ltr'>naturae</span> <span class='ocrx_word' id='word_1_809' title='bbox 1770 5358 1844 5411; x_wconf 89' lang='lat' dir='ltr'>adeo</span> <span class='ocrx_word' id='word_1_810' title='bbox 1856 5377 1925 5428; x_wconf 85' lang='lat' dir='ltr'>pra·</span> 
     </span>
     <span class='ocr_line' id='line_1_61' title="bbox 225 5418 1924 5505; baseline 0.011 -23"><span class='ocrx_word' id='word_1_811' title='bbox 225 5429 408 5499; x_wconf 83' lang='lat' dir='ltr'>quaestionis,</span> <span class='ocrx_word' id='word_1_812' title='bbox 445 5447 481 5484; x_wconf 91' lang='lat' dir='ltr'>an</span> <span class='ocrx_word' id='word_1_813' title='bbox 508 5431 626 5487; x_wconf 87' lang='lat' dir='ltr'>ccclesia</span> <span class='ocrx_word' id='word_1_814' title='bbox 656 5431 744 5501; x_wconf 90' lang='lat' dir='ltr'>possit</span> <span class='ocrx_word' id='word_1_815' title='bbox 775 5431 902 5488; x_wconf 88' lang='lat' dir='ltr'>delicere</span> <span class='ocrx_word' id='word_1_816' title='bbox 948 5418 1076 5488; x_wconf 84' lang='lat' dir='ltr'>Statum</span> <span class='ocrx_word' id='word_1_817' title='bbox 1085 5435 1129 5488; x_wconf 85' lang='lat' dir='ltr'>uis</span> <span class='ocrx_word' id='word_1_818' title='bbox 1148 5443 1175 5489; x_wconf 88' lang='lat' dir='ltr'>et</span> <span class='ocrx_word' id='word_1_819' title='bbox 1192 5440 1241 5491; x_wconf 76' lang='lat' dir='ltr'>art·</span> <span class='ocrx_word' id='word_1_820' title='bbox 1234 5455 1337 5505; x_wconf 58' lang='grc' dir='ltr'>Μαι,</span> <span class='ocrx_word' id='word_1_821' title='bbox 1353 5444 1384 5492; x_wconf 87' lang='lat' dir='ltr'>ut</span> <span class='ocrx_word' id='word_1_822' title='bbox 1399 5432 1521 5505; x_wconf 70' lang='lat' dir='ltr'>plurimi</span> <span class='ocrx_word' id='word_1_823' title='bbox 1536 5437 1571 5489; x_wconf 80' lang='lat' dir='ltr'>at</span> <span class='ocrx_word' id='word_1_824' title='bbox 1589 5455 1621 5493; x_wconf 89' lang='lat' dir='ltr'>eo</span> <span class='ocrx_word' id='word_1_825' title='bbox 1642 5440 1809 5496; x_wconf 67' lang='lat' dir='ltr'>creberrunc</span> <span class='ocrx_word' id='word_1_826' title='bbox 1823 5447 1924 5501; x_wconf 85' lang='lat' dir='ltr'>adau-</span> 
     </span>
    </p>
   </div>
   <div class='ocr_carea' id='block_1_3' title="bbox 0 0 2006 6022">
    <p class='ocr_par' dir='ltr' id='par_1_3' title="bbox 0 0 2006 6022">
     <span class='ocr_line' id='line_1_62' title="bbox 0 0 2006 6022; baseline 0 1"><span class='ocrx_word' id='word_1_827' title='bbox 0 0 2006 6022; x_wconf 95' lang='lat' dir='ltr'> </span> 
     </span>
    </p>
   </div>
  </div>
 </body>
</html>
