4004 6022
666 150 669 155 .
703 102 1079 167 ,.-.·Mm01ffl11-'
1115 164 1118 169 .
1190 146 1194 155 ·
1717 116 1774 175 371

89 258 186 317 Quas
206 258 332 317 formalia
356 260 568 328 οι1ιοο11οοὴο.
586 260 693 321 esiliam
720 260 927 317 constiareudae
954 258 1102 317 admodum
1124 258 1249 317 Christm
1272 261 1405 319 ecclesiae
1427 268 1527 333 capnt.
1552 278 1617 319 cnm
1640 264 1670 319 in
1695 262 1778 333 terris

90 350 122 401 et
147 346 367 411 wanden,
393 346 459 407 dum
481 346 544 417 ipsa
565 346 648 405 disat
671 362 705 403 ex
727 346 812 403 verbo
832 351 862 401 ct
879 360 929 416 per
953 353 1120 417 venaretur,
1138 365 1194 405 non
1214 365 1248 405 ex
1267 364 1370 419 pompa
1385 347 1506 419 quadam
1523 354 1649 419 externa,
1667 346 1716 405 sed
1735 365 1778 405 so·

91 431 209 487 verbum
237 448 272 487 ae
296 440 468 489 sacmmema
490 432 551 499 Deo
577 432 732 504 colligitur3
756 432 878 489 cilicium
901 437 930 487 et
954 430 1010 485 lum
1028 447 1061 487 ex
1080 433 1172 501 verbo,
1187 433 1216 489 id
1233 441 1276 491 est
1294 452 1327 490 ex
1344 434 1481 489 vaticiniis
1499 434 1675 506 propheticis,
1694 451 1778 507 agno

92 516 225 573 effectum
242 525 286 573 est
302 519 450 589 ecclesiae,
467 520 574 575 scilicet
587 521 647 589 jam
667 518 845 585 constitutae,
864 519 928 574 dnm
955 515 1097 583 scebatur3
1117 519 1157 573 sic
1174 520 1298 588 ecclesia,
1316 537 1387 591 quae
1405 527 1448 575 est
1464 518 1551 591 ipsius
1571 538 1671 592 corpus
1682 521 1778 591 mysti-

92 604 164 659 alios
184 604 267 659 dmet
285 621 319 661 ac
337 605 474 661 informat
509 606 629 661 Proinde
648 605 701 661 hae
715 612 798 661 notae
809 612 928 673 nostrae,
954 618 1032 671 cum,
1050 620 1104 659 uon
1123 605 1177 661 nisi
1196 623 1230 662 ex
1246 606 1330 661 verbo
1348 605 1530 678 cognoscitur,
1548 624 1620 677 quae
1636 606 1690 663 tuit
1706 623 1778 663 com·

92 691 204 747 sincera
224 689 332 749 scilicet
354 692 522 761 praedicatio
548 693 625 749 verbi
650 699 679 749 et
696 692 821 763 legitima
840 708 928 745 sacra·
954 689 1062 759 paratio
1079 690 1227 747 Bradiordi
1243 692 1379 749 mierente
1397 692 1473 750 Foro
1490 692 1518 747 in
1536 698 1649 764 martyr.
1661 711 1688 764 p.
1705 698 1779 750 tole.

94 786 249 831 mentorum
269 776 485 844 administratio,
504 784 565 833 tum
582 795 600 833 a
615 778 713 849 priori,
732 785 791 835 tum
811 778 929 833 etiams
954 774 986 808 *⁴*
999 782 1022 830 7.
1048 776 1123 833 Vera
1152 777 1269 833 ecclesia
1298 778 1387 835 falsae
1418 778 1565 849 opponitur
1595 779 1638 834 vel
1669 788 1779 835 comra-

94 861 241 932 posteriori
258 862 512 919 eoclesiamnotant
525 880 558 919 ac
573 864 768 919 demonstrant
798 864 825 918 A
836 863 928 934 priori,
955 860 1087 930 dictoris,
1107 862 1135 917 id
1153 867 1196 917 cst
1214 880 1271 918 non
1289 864 1433 929 ecclesiae,
1458 881 1507 920 sen
1527 864 1615 935 ipsam
1634 866 1779 921 mantiam

94 947 163 1018 quia
186 947 332 1005 eeclesiam
357 948 530 1005 constituunt
552 957 580 1005 et
602 954 781 1017 conservant,
804 965 821 1003 a
838 957 929 1019 poste·
954 945 1084 1017 baptismi
1103 956 1132 1003 et
1149 948 1291 1021 religionis
1309 951 1395 1007 totins
1412 951 1556 1015 evertenti3
1575 951 1620 1007 vel
1635 952 1780 1022 ρνίοοιίοο,

93 1034 168 1101 riori,
188 1034 255 1105 quin
272 1035 391 1091 eeclesia
408 1035 492 1091 verbo
510 1035 563 1091 Dei
581 1043 610 1090 et
627 1053 679 1090 usu
696 1043 927 1091 sacramentorum
956 1032 985 1087 id
1004 1040 1048 1090 cst
1066 1052 1121 1090 non
1139 1036 1307 1093 orthodoxae
1324 1037 1463 1094 eccledae.
1499 1037 1653 1093 Posteriora
1675 1037 1780 1111 signifi·

93 1119 248 1176 constituta
278 1121 339 1190 ipsa
358 1120 419 1190 jam
443 1121 558 1177 verbum
583 1120 636 1177 Dei
662 1139 757 1176 rursus
780 1120 929 1191 praedicat,
955 1126 1020 1175 catu
1043 1122 1160 1178 ecclesia
1186 1123 1341 1193 apostasiae
1363 1123 1488 1195 partialis
1509 1139 1559 1179 rea
1581 1141 1637 1179 non
1655 1129 1781 1180 estsere

94 1205 160 1261 aliis
178 1207 367 1271 commendat,
393 1207 603 1277 interpretatur,
622 1212 796 1263 sacramenta
814 1206 929 1261 admini·
956 1205 1072 1261 ecclesie
1096 1215 1211 1279 propter
1236 1210 1460 1280 depravationem
1488 1209 1640 1282 religionis,
1665 1210 1714 1266 sed
1739 1215 1781 1265 est

95 1290 208 1357 anast,
242 1292 396 1349 doctrinam
429 1292 565 1359 vindicat,
599 1292 700 1347 asserit
728 1303 757 1348 ct
784 1297 929 1364 propagat
955 1292 1041 1363 falsa,
1060 1292 1089 1348 id
1108 1301 1151 1348 est
1166 1294 1264 1350 vitiata
1282 1303 1310 1351 et
1327 1296 1435 1367 impura
1453 1295 1578 1353 ecclesia.
1613 1296 1715 1351 Prioris
1733 1314 1780 1367 op-

95 1385 121 1433 1.
140 1378 212 1433 Cum
231 1395 301 1448 pura
319 1379 397 1435 verbi
415 1379 585 1449 praedicatio
603 1378 758 1450 legitimum
775 1394 929 1434 sacramen·
955 1377 1100 1448 positionis
1119 1388 1247 1450 respectu
1265 1382 1446 1446 concedimus,
1464 1382 1547 1439 talem
1565 1382 1710 1437 ecclesiam
1722 1398 1782 1437 esse

96 1470 187 1519 torum
213 1481 293 1519 usum
318 1465 446 1520 includat
470 1465 504 1528 rai
527 1465 640 1535 quidem
665 1470 865 1519 sacramentum
888 1470 931 1519 est
956 1480 1058 1535 vemm,
1076 1468 1151 1538 qnod
1166 1473 1258 1537 patet:
1280 1467 1350 1524 Lab
1365 1467 1507 1525 initiatorii
1518 1468 1689 1538 sacramenti,
1708 1468 1782 1540 qaod

96 1549 212 1605 verbum
234 1550 349 1621 aliquod
371 1550 488 1617 risibile)
507 1567 626 1621 cumque
643 1567 699 1605 non
716 1550 752 1605 sit
771 1549 867 1611 eadem
886 1565 929 1603 sa·
955 1550 1068 1620 retinet,
1094 1552 1224 1622 veritam,
1258 1552 1332 1610 unde
1362 1553 1496 1623 baptisati
1521 1554 1556 1605 at
1583 1553 1702 1609 Arana
1727 1570 1782 1609 aaa

97 1642 299 1693 mementorum
322 1655 406 1709 qnam
434 1645 478 1693 est
501 1637 578 1692 verbi
609 1645 637 1693 et
664 1636 731 1691 fidei
753 1636 789 1691 ad
813 1635 929 1691 salutem
954 1640 1069 1701 fueruat
1097 1656 1116 1691 a
1138 1640 1275 1695 odoribus
1296 1640 1476 1709 rebaptisati,
1507 1638 1680 1714 Augustinus
1702 1638 1782 1710 epist.

97 1722 262 1779 neccessitas
278 1723 426 1794 (siquidem
440 1722 557 1779 ecelesia
571 1722 726 1778 [amatistes
736 1739 786 1793 per
798 1728 830 1779 10
843 1736 930 1777 annos
956 1726 1029 1792 203.;
1046 1729 1071 1779 2.
1089 1740 1106 1779 a
1123 1724 1369 1781 communicatione
1384 1724 1461 1780 verbi
1480 1724 1555 1781 facta
1572 1742 1621 1796 per
1638 1724 1780 1795 publicam

97 1809 126 1863 iu
143 1808 254 1864 deserto
271 1809 506 1865 circumcisionem
525 1808 692 1877 intermisit),
715 1808 778 1865 idco
793 1808 817 1863 si
834 1807 930 1863 stricte
956 1816 1081 1864 textuum
1105 1810 1271 1869 biblicorum
1297 1812 1456 1881 lectionem,
1481 1828 1554 1883 quae
1573 1812 1656 1869 etiam
1674 1811 1782 1882 praedi-

98 1893 214 1951 velimus
235 1895 328 1966 loqui,
350 1900 446 1966 posset
462 1912 520 1951 uua
538 1901 646 1951 tantum
664 1894 778 1965 propria
795 1902 823 1948 et
840 1910 929 1949 essen
956 1894 1028 1951 catio
1047 1896 1185 1968 quaedam
1202 1904 1251 1966 est,
1271 1898 1364 1953 Actor.
1379 1903 1418 1967 15,
1437 1915 1461 1951 s.
1476 1899 1551 1954 atr*
1587 1904 1610 1955 1.
1624 1897 1783 1954 Notandum

97 1980 172 2034 tielia
185 1980 392 2036 ccclesiaenota
401 1981 538 2049 constitui,
549 1980 930 2052 videlicetpuraverbiprae·
957 1988 1062 2050 mmen,
1088 1982 1163 2053 qnod
1188 1982 1317 2053 puritatis
1340 1983 1415 2038 illins
1431 1984 1487 2038 sint
1503 1983 1571 2039 certi
1589 1984 1703 2056 quidam
1721 2000 1783 2055 gra·

99 2065 209 2135 dicatio,
226 2068 306 2138 cujus
323 2066 461 2138 appendix
480 2074 523 2123 est
539 2067 678 2137 legitimus
696 2073 929 2135 sacramentorum
958 2067 1023 2132 dus,
1048 2067 1114 2138 quis
1138 2069 1250 2125 verbum
1269 2069 1321 2127 Dei
1346 2070 1496 2141 aliquando
1517 2070 1606 2141 magis
1625 2088 1708 2140 puro,
1734 2070 1782 2125 ali·

100 2170 175 2209 usur.
213 2160 237 2209 5.
256 2153 424 2209 Manendum
450 2154 534 2211 etiam
560 2153 645 2221 illud,
671 2170 722 2209 nos
745 2152 797 2207 hoc
816 2153 876 2208 loco
895 2151 930 2205 de
956 2153 1068 2224 quando
1097 2170 1162 2209 vero
1188 2154 1279 2211 minus
1306 2172 1374 2226 pure
1401 2155 1430 2209 in
1459 2154 1574 2210 ecclesia
1600 2155 1784 2226 praedicatur,

98 2238 203 2294 talibus
228 2240 301 2295 notia
324 2256 422 2311 agere,
447 2255 520 2311 quae
540 2239 651 2309 proprie
674 2245 704 2294 et
719 2237 877 2293 immediate
893 2237 930 2293 ab
956 2256 1007 2295 nee
1029 2240 1123 2296 statim
1147 2241 1249 2296 desinit
1272 2259 1330 2298 esse
1354 2242 1485 2311 ecelesia,
1510 2242 1531 2295 si
1552 2241 1596 2297 sel
1618 2242 1735 2299 maxime
1754 2242 1783 2297 in

97 2324 154 2379 illis
173 2326 358 2381 attendendae
377 2332 449 2395 sunt,
470 2325 518 2395 qui
531 2324 690 2381 mecclesia
700 2322 930 2380 Christianaver·
957 2326 1122 2396 quibusdam
1152 2326 1293 2397 religionis
1324 2327 1462 2397 capitibus
1490 2342 1545 2381 non
1578 2344 1648 2397 pure
1677 2328 1783 2385 doceat.

99 2418 198 2467 santur
221 2420 250 2467 et
273 2412 433 2482 ambigunt,
458 2411 571 2483 quinam
595 2410 813 2466 Christianorum
836 2418 931 2465 coetus
957 2409 1020 2474 Quo
1044 2411 1129 2482 igitur
1151 2413 1249 2483 purius
1267 2419 1295 2469 et
1313 2413 1446 2468 sincerius
1464 2412 1492 2467 in
1511 2412 1628 2469 eeclesia
1644 2414 1785 2484 praediea·

98 2498 156 2553 sint
168 2514 242 2562 vera,
260 2497 368 2553 sincera
388 2504 418 2552 et
434 2497 594 2567 incorrupta
612 2496 735 2566 ecclesia,
756 2494 810 2552 hoc
827 2496 932 2567 estqui
959 2504 1004 2551 tar
1022 2496 1076 2552 Dei
1092 2497 1215 2569 verbum,
1232 2515 1288 2570 quo
1305 2498 1419 2570 propius
1437 2499 1474 2554 ad
1492 2515 1615 2554 normam
1627 2499 1785 2570 Scripturas
1839 2544 1845 2559 .

98 2584 252 2641 admittunt
279 2583 444 2653 Scripturas.
489 2582 570 2649 Quod
595 2598 658 2639 enm
684 2581 801 2655 gentiles
824 2583 932 2651 attinet,
958 2599 1052 2639 sacrae
1071 2585 1239 2654 praedicatio
1257 2592 1285 2640 et
1302 2585 1428 2640 doctriua
1447 2583 1569 2655 accedit,
1593 2601 1626 2640 eo
1646 2585 1741 2657 purior
1758 2593 1787 2641 et

99 2670 150 2741 qui
165 2668 371 2741 Scripturarum
391 2686 533 2725 samaram
551 2668 743 2724 auctoritatem
761 2685 816 2723 non
835 2667 933 2722 admit»
959 2670 1090 2725 sincerior
1118 2669 1170 2727 erit
1193 2669 1325 2738 ecclesia,
1353 2688 1408 2741 quo
1430 2688 1494 2727 vero
1519 2671 1630 2744 longius
1651 2688 1669 2726 a
1689 2670 1787 2745 regula

99 2754 245 2825 tantillis
263 2772 295 2810 ex
316 2754 473 2827 testimonio
490 2754 624 2811 ecelesiae
642 2762 670 2811 et
687 2759 835 2827 κριτηρίοις
851 2753 933 2809 inter·
960 2755 1036 2812 verbi
1061 2757 1179 2825 recedit,
1204 2774 1237 2813 eo
1261 2757 1395 2827 impurior
1418 2764 1446 2812 et
1463 2757 1617 2829 corruptior
1633 2758 1686 2815 erit
1701 2758 1787 2815 eccle·

99 2840 145 2896 nis
162 2840 321 2912 Scripturas
343 2860 366 2897 a
389 2839 540 2896 sarmatas
556 2842 635 2911 prius
654 2840 868 2895 demonstranda
884 2846 934 2904 est,
959 2842 1017 2899 siae
1039 2848 1137 2897 status.
1173 2840 1232 2899 Nec
1256 2849 1350 2899 nmen
1376 2861 1427 2914 per
1454 2844 1579 2914 quamvis
1604 2844 1788 2915 corruptelam

100 2932 251 2998 antequam
268 2944 300 2983 ex
319 2927 454 2997 doctrina,
471 2925 524 2983 hoc
542 2927 821 2995 estexcongruentia
834 2926 934 2981 doctri·
960 2930 1062 2985 desinit
1098 2946 1158 2985 esse
1191 2928 1324 2997 eeclesia,
1363 2929 1429 3000 quia
1455 2928 1624 2985 ostendimus
1653 2930 1787 3001 superius,

101 3030 155 3069 uae
174 3030 237 3069 cum
256 3014 399 3085 scripturis
419 3010 512 3083 sacris,
533 3012 568 3067 de
587 3012 704 3068 ecclesia
721 3012 829 3067 sincera
846 3019 875 3067 et
893 3012 933 3067 in·
961 3016 1050 3071 Deam
1068 3017 1149 3071 etiam
1167 3022 1235 3071 tunc
1251 3033 1345 3071 semen
1360 3021 1486 3071 sanctum
1503 3022 1531 3071 et
1546 3014 1701 3087 spirituales
1715 3015 1787 3073 filios

102 3108 233 3170 corrupta
254 3100 382 3170 judicare
399 3099 513 3170 possint.
547 3097 622 3153 Hinc
640 3099 815 3170 Augustinus
831 3097 879 3153 lib.
899 3098 934 3152 de
960 3102 1013 3159 sibi
1032 3117 1164 3172 generare
1181 3109 1209 3155 et
1229 3117 1404 3171 conservare,
1429 3100 1540 3173 quando
1565 3101 1706 3171 publicum
1723 3102 1787 3157 visi·

102 3187 171 3243 unit
206 3185 340 3243 ccclesiae
364 3193 461 3241 conns
482 3184 646 3240 l'etilianum
669 3184 845 3241 Donatistam
864 3201 889 3241 a
909 3190 931 3241 3.
961 3188 1024 3242 bilis
1049 3187 1181 3243 ecclesiae
1204 3185 1386 3241 muhaniam
1405 3191 1448 3241 est
1464 3195 1633 3258 corruptum.
1667 3187 1789 3243 Proinde

102 3274 262 3344 disputans,
287 3272 431 3328 οοοίοοίοοο
455 3274 486 3327 s'a
509 3273 653 3327 carreaics'a
670 3281 831 3325 casatorum
849 3272 933 3326 libro·
960 3273 1077 3329 visibilis
1095 3273 1213 3329 ecclesia
1230 3272 1322 3345 quoad
1335 3271 1451 3327 sormam
1468 3278 1622 3343 externam,
1640 3273 1698 3329 sive
1713 3272 1789 3344 quod
1889 3330 1896 3345 ,

101 3380 165 3415 nera
191 3360 403 3415 ammanitas
423 3360 613 3431 meandum
636 3367 662 3411 et
685 3360 934 3413 &monstrandam
961 3360 1035 3415 idem
1052 3364 1102 3423 est,
1119 3359 1211 3430 quoad
1228 3358 1370 3430 publicum
1388 3358 1581 3430 ministerium,
1600 3358 1789 3415 consideratur

101 3464 171 3513 esse,
189 3446 304 3503 disserte
320 3445 400 3503 addit
416 3445 484 3503 hace
503 3445 603 3502 verba:
619 3446 692 3501 Sane
702 3446 771 3499 libri
783 3447 934 3511 Dominari,
960 3445 1004 3501 vel
1023 3446 1052 3499 in
1071 3450 1147 3501 statu
1164 3461 1234 3516 puro
1252 3451 1280 3499 et
1296 3443 1465 3515 incorrupto,
1481 3444 1526 3501 sel
1545 3446 1575 3500 in
1591 3450 1666 3502 statu
1681 3447 1789 3519 impuro

102 3550 220 3602 quonam
238 3533 403 3587 eammdats'
419 3534 529 3601 utrique
544 3532 736 3595 conseminans,
755 3533 935 3601 molescere·
963 3538 992 3587 et
1013 3531 1109 3601 aliqua
1133 3548 1165 3587 ex
1188 3535 1267 3601 parte
1291 3537 1429 3601 corrupto.
1465 3530 1582 3594 Quando
1603 3538 1685 3587 notae
1702 3532 1788 3589 eccle-

103 3620 205 3688 «timus,
224 3620 333 3689 astque
344 3620 487 3683 servieram,
502 3617 543 3671 idi
554 3635 722 3688 quaeramus
734 3619 887 3683 ecelemam,
899 3620 937 3671 ils·
961 3619 1019 3675 siae
1036 3618 1165 3673 dicuntur
1182 3634 1253 3688 pura
1271 3615 1349 3673 verbi
1366 3616 1535 3687 praedicatio
1558 3622 1586 3673 et
1604 3617 1729 3691 legitima
1747 3636 1788 3675 sa·

103 3706 289 3760 diseaticmar
307 3722 422 3759 caruem
438 3713 570 3759 nostram.
602 3703 657 3760 Sed
669 3703 721 3757 lrac
734 3703 768 3758 de
781 3720 812 3759 re
823 3703 936 3759 uberius
962 3710 1162 3759 mementorum
1180 3702 1392 3767 administratio,
1410 3711 1477 3759 tunc
1496 3703 1686 3760 consideratur
1705 3706 1790 3761 eecle-

49 3800 90 3843 tta
103 3792 213 3849 dicetur
225 3790 347 3860 inferius,
365 3791 476 3864 quando
484 3790 644 3847 Bellarmini
661 3796 827 3862 argumenta
839 3796 937 3846 eontm
962 3792 1005 3847 sia
1022 3792 1052 3845 iu
1071 3795 1146 3845 statu
1164 3790 1248 3860 priori
1265 3798 1293 3845 et
1310 3791 1514 3861 comparatione
1535 3789 1611 3845 facts
1629 3808 1683 3846 non
1702 3793 1790 3849 solum

103 3886 213 3935 nocuae
230 3883 310 3933 notas
328 3878 502 3933 excutiemus
534 3885 559 3933 6.
571 3877 618 3932 Ab
631 3876 683 3932 hac
696 3877 833 3933 sententia
844 3884 937 3930 nostra
962 3878 999 3933 ad
1023 3883 1117 3933 coetus
1141 3876 1285 3947 profanos,
1312 3875 1360 3931 sed
1388 3875 1471 3931 etiam
1500 3874 1536 3929 ad
1564 3876 1709 3931 ecclesiam
1732 3894 1791 3933 cor·

106 3968 141 4023 de
159 3965 292 4021 ecclesise
309 3966 382 4021 notis
393 3982 449 4020 non
461 3964 614 4033 discedunt,
633 3964 680 4035 qui
693 3963 796 4025 dicunt,
815 3978 848 4017 es
861 3964 937 4017 Seri-
962 3968 1072 4035 ruptam
1094 3968 1123 4019 et
1147 3962 1300 4033 impuram
1328 3962 1413 4032 idque
1439 3968 1513 4017 recte
1537 3958 1595 4016 fieri
1618 3969 1735 4033 apparet
1758 3980 1791 4018 ex

102 4062 191 4123 ptura
210 4054 372 4107 discendam
392 4068 450 4105 esse
469 4052 623 4115 eeclesiam,
640 4048 685 4104 vel
703 4049 777 4121 qnod
795 4049 870 4104 idem
887 4056 936 4119 est,
964 4067 1005 4120 eo,
1023 4050 1098 4121 quod
1117 4049 1305 4116 definitiones,
1333 4048 1450 4118 repulse
1468 4064 1502 4100 ae
1519 4062 1640 4101 canones
1658 4049 1728 4101 dari
1744 4050 1790 4103 de

105 4141 215 4193 oetam
234 4140 293 4194 Dei
310 4140 463 4193 res-elatam
480 4146 507 4192 et
524 4138 754 4192 communicatam
765 4144 936 4204 usesrotaes,
964 4139 1025 4190 beat
1049 4138 1084 4189 ds
1109 4136 1189 4195 idea,
1214 4134 1345 4205 qnodque
1371 4132 1505 4189 ecclesiae
1530 4138 1676 4205 corruptae
1696 4150 1790 4189 seeun-

105 4244 163 4296 qaa
181 4227 210 4279 s'a
230 4243 312 4280 reae
330 4224 463 4281 actaeae
481 4225 609 4279 notaiam
624 4223 771 4293 pervenire
778 4238 938 4291 percanora,
964 4224 1030 4278 dum
1049 4237 1173 4275 normam
1195 4224 1223 4275 et
1239 4219 1356 4274 formam
1369 4218 1512 4274 doctrinae
1531 4218 1685 4275 sincerioris
1700 4226 1729 4275 et
1742 4237 1790 4291 pn·

106 4311 173 4384 quia
190 4328 261 4384 pura
279 4310 357 4366 verbi
374 4310 544 4382 praedicatio
562 4328 595 4365 ex
614 4309 770 4379 Scriptura,
787 4308 845 4363 aive
862 4308 936 4379 qnod
964 4309 1042 4365 rioris
1055 4306 1254 4375 reformandae,
1272 4304 1459 4361 restituendae
1475 4321 1509 4360 ac
1522 4305 1715 4377 repurgandae
1728 4307 1791 4361 sint

106 4398 179 4454 idem
205 4406 296 4455 estex
313 4397 398 4453 verbo
417 4396 471 4451 Dei
488 4394 609 4453 msehto
625 4396 655 4449 in
673 4394 822 4464 Scripturis
839 4410 936 4465 propo·
964 4401 988 4453 8.
1006 4394 1165 4451 Notandum
1184 4392 1311 4464 denique,
1327 4397 1401 4446 totas
1419 4391 1548 4447 ecclesias
1567 4407 1622 4446 non
1639 4408 1699 4448 esse
1712 4391 1792 4447 aesti-
1826 4430 1830 4436 -

105 4486 159 4543 sito
176 4484 359 4556 dijudicanda
375 4490 425 4541 est.
460 4482 507 4537 An
525 4490 560 4541 et.
570 4488 706 4555 quatenus
723 4497 794 4551 pura
810 4479 847 4535 sit
860 4478 937 4535 verbi
964 4482 1079 4537 mandas
1099 4496 1133 4534 ex
1150 4478 1215 4535 solis
1233 4477 1401 4549 pastoribus,
1418 4493 1469 4533 nec
1487 4493 1519 4533 ex
1540 4478 1707 4550 quibusdam
1726 4496 1792 4549 pau·

105 4571 291 4643 praedicatio,
322 4588 377 4627 non
408 4575 501 4641 potest
529 4562 610 4623 alit'er
639 4568 693 4623 nisi
725 4584 758 4622 ex
789 4565 938 4636 Scripturis
963 4568 1018 4637 cis,
1048 4565 1165 4638 proinde
1190 4582 1245 4620 non
1268 4580 1328 4620 esse
1355 4564 1448 4619 statim
1472 4569 1545 4621 totas
1570 4564 1700 4621 ecelesias
1718 4565 1792 4620 dam·

106 4659 253 4730 cognosci,
271 4657 319 4729 qui
338 4674 405 4729 ergo
422 4654 528 4721 statuit,
547 4671 643 4725 puram
660 4653 739 4709 serbi
758 4652 937 4725 praedicatio
964 4654 1080 4720 nandas,
1098 4652 1122 4706 si
1139 4652 1184 4709 vel
1201 4657 1326 4722 pastores
1342 4650 1386 4705 sel
1404 4649 1517 4721 quidam
1531 4652 1614 4720 pauci
1628 4649 1665 4705 ab
1680 4651 1792 4723 integri·

104 4761 169 4799 nem
187 4760 247 4799 esse
262 4743 394 4799 ecclesiae
411 4747 513 4811 nomm,
532 4757 564 4795 eo
581 4740 643 4811 ipso
657 4740 732 4802 dicit,
750 4757 783 4795 ex
795 4738 938 4810 Scriptura
963 4746 1022 4796 tate
1041 4747 1069 4795 et
1086 4738 1244 4795 decoritate
1258 4735 1400 4791 doctrinae
1414 4734 1566 4805 discedant,
1586 4736 1652 4807 qnia
1658 4738 1793 4805 puriores

106 4832 143 4889 de
166 4831 282 4886 veritate
305 4836 334 4885 et
358 4828 515 4899 sinceritate
535 4825 668 4881 ecclesiae
681 4825 818 4897 judicium
835 4826 938 4882 facien·
961 4844 1046 4897 saepe
1064 4834 1128 4879 sant
1145 4826 1307 4881 auditorem
1325 4840 1408 4876 eures
1425 4839 1509 4891 qeram
1525 4822 1603 4875 labia
1631 4823 1793 4885 ὀοοοοιίοοο,

106 4919 172 4973 dnm
190 4934 260 4983 esse,
282 4917 355 4972 sicut
370 4916 452 4973 stalla
469 4913 633 4971 ostendebat
649 4912 739 4984 Magn
757 4912 883 4983 domum,
909 4913 938 4968 in
963 4930 997 4969 ac
1017 4911 1097 4967 multi
1113 4911 1143 4966 in
1161 4915 1289 4979 corrupto
1312 4907 1445 4963 ecclesiae
1471 4912 1545 4962 statu
1566 4907 1714 4964 retinentes
1731 4907 1792 4963 fun·

106 5021 164 5077 qua
174 5010 236 5059 erat
246 5002 370 5059 Christus
383 5019 446 5059 cum
458 4998 821 5067 maerensmaerens.
840 4998 879 5053 sic
891 4999 938 5053 lux
964 4998 1135 5054 damentalia
1150 4996 1292 5051 doctrinae
1308 4993 1402 5065 capita
1420 4993 1568 5060 erroribus,
1590 5010 1658 5064 quos
1675 4994 1793 5065 pseudo·

106 5090 184 5146 verbi
198 5089 325 5145 eoelestis
336 5088 495 5143 manifestat
506 5076 586 5141 uobis
594 5090 623 5140 et
634 5083 773 5139 Christum
782 5089 810 5137 et
819 5083 939 5153 mnium,
965 5087 1091 5141 doctores
1110 5084 1138 5137 in
1157 5099 1191 5139 aa
1207 5088 1355 5152 spargunt,
1380 5080 1423 5135 vel
1444 5096 1500 5134 non
1523 5079 1722 5149 assentiuntur,
1749 5078 1793 5136 vel

105 5179 136 5231 in
147 5193 204 5248 qua
213 5174 339 5233 Christus
350 5180 402 5245 est,
416 5174 446 5231 id
457 5183 500 5229 est
511 5172 664 5233 ecclesiam.
690 5177 715 5227 2.
731 5152 802 5226 Patr.
816 5175 839 5233 1,
856 5186 881 5225 v.
893 5176 938 5228 19:
964 5173 1023 5227 siue
1040 5171 1100 5227 ulla
1116 5167 1269 5241 pertinacia
1286 5166 1320 5221 iis
1338 5166 1503 5235 adhaerent,
1529 5165 1572 5221 vel
1597 5181 1630 5220 ex
1652 5166 1708 5222 illis
1728 5172 1793 5223 aute

108 5263 251 5319 Haemus
283 5262 435 5327 firmiorem
467 5260 658 5332 propheticam
690 5270 857 5325 sermonem,
893 5259 940 5313 σοι·
963 5258 1047 5315 finem
1065 5257 1139 5312 vitae
1158 5255 1258 5311 iterum
1279 5253 1443 5308 elnmantur.

108 5350 275 5415 οοοοίοοίοἰο
287 5350 458 5405 emendantes
470 5357 603 5419 mapsam
616 5346 812 5401 tacenoeetc.
837 5342 937 5411 Quam·
1004 5350 1061 5401 tat.
1098 5342 1151 5397 llis
1175 5343 1214 5399 ita
1236 5339 1393 5412 praemissis
1410 5338 1572 5394 sectandam
1591 5345 1712 5397 nostram
1730 5356 1793 5397 con·
1807 5324 1916 5417 52⁴:wa

1409 5444 1463 5498 21·
