4004 6022
699 340 702 345 ·
751 324 1024 385 emmelim·
1278 328 1286 339 '
1677 334 1740 393 m

57 489 145 543 mat
168 484 199 539 in
221 484 311 556 prima
326 485 386 541 acie
404 491 500 541 conus
518 484 691 541 ravennnae
709 482 883 550 dimimnten
911 481 988 537 nium
1006 488 1287 551 excursumque
1304 482 1606 537 medismisneninter
1618 488 1744 551 ιαοροοι

57 573 117 629 imi
133 571 319 628 Bellarminus
336 571 406 627 illud
425 572 544 642 primam
561 570 693 627 eecloeiae
710 575 805 624 notam
819 584 882 625 oon-
909 570 1065 636 Aapaetint'
1089 577 1115 622 et
1136 577 1250 633 nostra,
1276 569 1341 622 isleo
1362 569 1478 622 clinem
1500 584 1583 621 sensa
1605 568 1744 622 catholice

57 658 143 728 tituir,
163 658 213 713 sed
233 657 294 713 loco
311 663 458 728 postremo,
477 664 625 729 postquam
643 657 748 712 scilicet
764 673 798 712 ex
812 654 883 711 Scri·
911 656 1030 709 ecobsia
1050 656 1134 709 hodie
1157 657 1318 709 metiamur
1341 663 1425 722 atque
1445 653 1506 707 illis
1523 655 1693 722 temporibus
1710 672 1745 708 aa

57 744 134 803 ituris
150 742 217 799 fidei
235 760 303 799 suae
318 743 461 799 vennam
480 745 558 814 prius
572 743 802 798 demonstrarunt
837 740 884 796 sic
910 749 1017 795 mutato
1041 749 1081 795 eet
1109 741 1243 795 eccledae
1268 741 1361 804 facies
1381 747 1407 793 et
1426 747 1485 793 tota
1503 740 1622 793 enaim
1639 741 1745 804 forma,

57 829 219 903 iugmtiuus
246 837 343 884 eontra
368 829 446 899 epist.
472 829 608 885 Fundam.
634 844 659 884 c.
686 834 710 884 t.
737 833 883 898 postquam
910 836 940 881 ut
963 829 1000 881 de
1023 828 1155 881 interiore
1174 826 1248 880 nihil
1265 827 1385 882 dicatu.
1422 826 1497 880 Olim
1515 827 1632 880 eeoluia
1651 827 1744 881 catha

57 916 133 973 tulta
161 915 217 971 alia
239 915 350 986 maj0ris
374 916 505 971 momenti
528 918 782 982 commemorasset,
812 930 884 984 quae
910 913 968 969 lica
994 913 1097 967 anais
1125 914 1234 967 eimtati
1260 930 1351 982 supra
1380 920 1498 965 montem
1525 913 1639 981 positae
1663 913 1745 967 nata

57 1003 123 1065 unm
149 1002 180 1057 in
203 1000 320 1057 ecclesia
341 1001 480 1056 catholica
503 1000 668 1070 retinerent,
691 999 804 1055 undem
820 998 884 1054 sub
909 1008 993 1069 paeto
1012 1000 1099 1053 datia
1111 1008 1179 1069 erat,
1196 1001 1249 1053 ssd
1261 1008 1330 1054 nota
1342 1000 1475 1063 maiheu,
1488 999 1746 1069 perspieaamsrto,

57 1087 152 1162 augitt
179 1089 265 1143 Tenet
285 1095 429 1156 pontremo
448 1095 474 1139 et
492 1088 584 1155 iprum
603 1086 758 1141 catholicae
778 1102 884 1153 nomen,
910 1086 993 1154 lonpe
1010 1086 1121 1154 lateque
1134 1103 1189 1154 per
1207 1086 1301 1139 orbem
1318 1084 1439 1155 ds'ffasa,
1462 1085 1513 1138 suh
1531 1084 1747 1153 imperatoribus

57 1177 124 1246 procl
139 1192 196 1231 non
215 1175 276 1228 siae
292 1191 380 1227 castra
399 1174 472 1227 inter
488 1181 544 1227 tam
562 1173 665 1227 maltos
683 1173 811 1227 luerem
821 1172 885 1226 sola
906 1172 1029 1240 floran,
1051 1189 1169 1241 quornm
1194 1172 1351 1225 Masinatio
1371 1173 1407 1224 ah
1425 1179 1490 1226 orta
1507 1173 1548 1225 aa
1563 1187 1706 1238 occasura,
1727 1189 1746 1224 a

57 1262 165 1321 musta
193 1261 245 1314 hoc
270 1277 371 1312 nomen
398 1259 534 1326 obtinuit,·
562 1274 596 1313 ao
623 1257 653 1312 in
679 1258 775 1314 eodem
794 1257 885 1328 capite
911 1258 1097 1326 septentrione
1114 1259 1157 1311 ael
1172 1258 1317 1312 meridiem
1324 1258 1533 1326 porripehatur.
1562 1259 1747 1312 Erateidere

57 1344 205 1419 abjungit,
228 1347 256 1398 si
278 1346 447 1401 Manichaei
466 1353 582 1414 possent
604 1353 764 1399 monstrare
783 1344 884 1399 verda
911 1344 1057 1412 episcopas
1082 1345 1198 1398 orientis
1220 1352 1247 1397 et
1267 1344 1418 1398 occidentis
1437 1344 1563 1413 quotidie
1575 1361 1632 1413 per
1647 1345 1746 1413 epieto·

57 1450 109 1503 ut,
128 1451 212 1503 qaam
224 1433 340 1501 jactare
352 1439 377 1485 et
384 1431 525 1501 pollicere
538 1431 671 1496 cautant,
690 1447 720 1484 se
732 1430 804 1484 selle
816 1431 885 1485 haec
912 1431 957 1484 las
968 1439 995 1485 et
1004 1431 1139 1500 proprios
1152 1431 1265 1484 numios
1278 1431 1510 1484 communicantes
1519 1437 1574 1487 eta.
1593 1433 1632 1485 As
1644 1432 1746 1485 dama·

57 1519 142 1575 unta
157 1519 283 1588 abjicere
304 1525 331 1573 et
348 1520 389 1572 aa
405 1518 472 1573 illas
490 1518 631 1586 transiref
650 1533 706 1588 quo
723 1516 783 1587 ipso
802 1516 884 1572 etiam
912 1516 1031 1571 ctionem
1048 1517 1163 1586 imperii
1177 1524 1276 1585 postea
1294 1524 1389 1570 semaa
1400 1517 1600 1570 matineseie
1612 1518 1747 1572 eoelaiae

57 1604 269 1667 nanifestissime
291 1603 429 1672 ostendit,
452 1602 527 1674 quod
547 1601 652 1658 nomini
671 1601 807 1657 catholico
826 1602 885 1659 sine
912 1602 1065 1657 calabrae
1089 1610 1117 1656 et
1141 1602 1196 1656 illa
1219 1603 1314 1656 omnia
1335 1602 1477 1670 podatirn
1501 1611 1657 1670 coemat,
1676 1620 1747 1673 qaae

57 1690 163 1751 unitate
186 1690 212 1745 ei
234 1688 385 1760 subjuncta
410 1688 479 1743 nihil
496 1688 609 1743 tribuat.
645 1695 668 1744 3.
689 1687 760 1743 Cum
777 1695 885 1743 veteres
912 1690 1120 1743 emeroanclae
1136 1688 1235 1741 antoni
1254 1696 1280 1741 et
1299 1689 1487 1743 communioni
1505 1690 1747 1759 exterioricarpa

57 1778 81 1839 is
105 1776 218 1833 nomine
244 1775 381 1830 catholieo
410 1774 609 1844 gloriarentur,
638 1772 704 1831 fidei
731 1774 885 1831 catholicae
910 1777 953 1829 ris
971 1775 1105 1829 catholici
1122 1774 1224 1845 optineo
1241 1775 1402 1830 amarunt.
1438 1776 1485 1828 Ee
1501 1775 1551 1830 illa
1566 1784 1690 1846 tenpore
1705 1793 1747 1830 ee·

57 1863 233 1921 mammeam
250 1861 341 1917 adhuc
360 1861 526 1927 retinebant,
542 1861 592 1916 sed
604 1859 754 1930 Pontifieii,
771 1861 819 1931 qui
837 1877 883 1915 no·
911 1861 999 1915 elena
1015 1860 1156 1914 catholica
1173 1878 1229 1915 non
1249 1861 1332 1914 desit
1344 1878 1404 1914 esse
1415 1862 1537 1929 quidem
1556 1879 1664 1932 semper
1675 1864 1747 1916 enim

57 1950 121 2007 nina
141 1948 190 2005 illo
207 1946 374 2019 gloriantur,
395 1946 462 2003 fidei
483 1947 637 2003 catholicae
662 1952 692 2000 et
714 1946 885 2017 apostolicae
911 1948 974 2011 erit,
991 1948 1043 2000 sed
1059 1947 1151 1999 minas
1168 1945 1290 1999 illustris
1309 1964 1368 2000 esee
1386 1948 1485 2016 coepit,
1502 1956 1598 2018 utpote
1609 1949 1639 2001 in
1648 1949 1748 2018 plures

57 2035 205 2091 incmitats
229 2051 259 2089 se
281 2034 405 2105 gaudere
429 2049 606 2106 nequaqnam
632 2034 750 2104 probare
770 2041 886 2104 possunt
911 2033 1151 2102 menatenses,
1171 2035 1248 2101 qaod
1264 2034 1306 2086 aa
1318 2035 1594 2088 communicationem
1605 2043 1746 2089 emanant

57 2140 79 2177 n
106 2120 252 2179 catholicis
277 2119 475 2191 prophetarum
498 2127 527 2177 et
546 2120 733 2190 apostolorum
757 2119 884 2187 oraculis,
911 2121 1017 2187 attinet,
1033 2119 1145 2188 penetus
1163 2128 1322 2189 separatae.
1356 2121 1489 2175 Romana
1506 2121 1602 2188 ipitssr,
1625 2120 1747 2186 Graeca,

57 2225 79 2263 a
103 2206 206 2279 quibus
228 2204 297 2261 fidee
317 2205 454 2262 catholiea
472 2205 553 2261 unice
572 2205 705 2260 discenda
721 2221 755 2260 ao
773 2206 885 2261 demon
911 2207 1092 2272 naamam,
1112 2207 1261 2275 Aeppptta
1280 2207 1426 2275 Abpssiaa,
1448 2208 1748 2277 Moeeaeiticaetpla·

57 2292 161 2355 &enda
180 2296 231 2349 eat.
267 2291 424 2347 catholicos
443 2291 529 2363 igitur
542 2290 754 2347 sevocantsolo
766 2291 884 2355 nomine,
911 2310 956 2347 res
982 2292 1059 2347 aliae
1086 2293 1206 2346 menstra
1232 2299 1296 2345 nent
1319 2293 1452 2346 eeclesiae
1471 2294 1640 2360 catholicae,
1666 2295 1748 2363 cujas

57 2378 95 2437 ed
119 2394 164 2433 res
182 2377 245 2449 ipsa
260 2395 316 2432 non
333 2377 471 2433 invenitur
488 2377 565 2448 apud
582 2377 665 2447 ipsos.
702 2383 726 2433 t.
743 2376 886 2433 Haeretici
911 2396 1067 2448 compapea
1087 2380 1164 2447 quod
1183 2380 1225 2431 ael
1241 2379 1364 2439 formam
1386 2379 1549 2432 anteriorem
1565 2379 1677 2448 attinet,
1695 2381 1746 2433 da

57 2463 240 2523 inominibus
259 2463 513 2519 haeresiarcharum
532 2463 885 2533 suorumreoteappellan-
912 2467 979 2519 dum
997 2472 1037 2518 est
1054 2465 1156 2519 solata.
1196 2465 1365 2519 Mirandum
1380 2465 1476 2531 ipius,
1492 2465 1651 2518 Romanam
1662 2466 1747 2518 ecele-

57 2568 91 2611 ur
115 2551 199 2623 juxta
220 2550 444 2605 mnstitutionem
469 2547 620 2603 Theodosii
645 2555 674 2603 et
696 2549 886 2605 Valentiniani
911 2552 993 2620 siant,
1012 2566 1084 2620 quae
1102 2550 1163 2614 suit
1180 2551 1322 2621 quondam
1333 2551 1577 2620 intepricorpors's
1590 2551 1747 2619 membrata,

57 2636 93 2697 ib.
114 2637 245 2693 damnato
264 2642 289 2692 6.
310 2634 340 2691 C.
359 2636 394 2691 de
411 2635 556 2692 haeretic:
583 2637 726 2689 Damnata
741 2642 885 2704 portento·
907 2639 960 2706 jas
985 2654 1064 2691 omne
1081 2637 1273 2690 autumatis
1290 2639 1331 2690 ad
1349 2653 1377 2689 se
1392 2638 1455 2706 jam
1472 2637 1595 2706 nabere,
1617 2637 1747 2706 appella·

57 2741 94 2781 ae
111 2724 322 2794 superstitionis
341 2731 457 2777 amore
477 2722 609 2776 Nestorio
629 2730 697 2776 nota
708 2723 886 2792 conpraino·
913 2724 1016 2779 tranem
1043 2723 1177 2777 ecelesiae
1196 2723 1351 2778 catholicae
1368 2724 1424 2777 sibi
1436 2725 1588 2794 propriam
1596 2725 1701 2792 facire
1720 2731 1748 2777 et

57 2810 129 2864 nisum
154 2810 216 2880 ejus
240 2811 371 2862 inuratur
391 2809 567 2879 precariae,
592 2825 641 2862 aee
661 2807 884 2863 Christianorum
912 2810 1040 2880 reliquas
1064 2827 1171 2877 mmet,
1199 2827 1271 2880 qstae
1294 2811 1324 2864 in
1348 2811 1412 2864 ulla
1433 2828 1465 2866 re
1487 2828 1506 2864 a
1523 2828 1555 2864 se
1573 2812 1747 2875 disseram,

57 2896 156 2961 miae
175 2897 233 2951 siae
251 2896 444 2966 appellatione
465 2902 569 2958 rotatur,
589 2896 642 2948 sed
654 2896 886 2965 quemadnuodam
913 2897 1061 2953 malacim
1078 2898 1267 2953 communione
1283 2914 1337 2951 sas
1354 2915 1388 2951 ae
1406 2897 1503 2951 statim
1519 2897 1588 2951 illae
1604 2900 1645 2952 ad
1656 2900 1747 2953 catha

57 2982 155 3041 triani
178 2983 213 3037 ab
237 2984 311 3039 Ario
338 2983 398 3052 lepe
426 2982 509 3036 deirae
533 2982 684 3037 memoriae
709 2982 888 3037 Comtants'ai
913 2984 999 3038 licam
1014 2983 1086 3039 nihil
1100 2985 1245 3052 pertinere
1263 2986 1401 3039 audacter
1417 2985 1574 3053 affirmare.
1868 3035 1872 3043 .

57 3069 81 3125 »b
97 3068 313 3123 similitudinem
330 3068 492 3137 impietatis,
511 3067 707 3137 Porphyriani
722 3086 742 3120 a
759 3068 887 3138 Porphp·
950 3075 1007 3126 158.
1041 3069 1198 3125 Membrum
1220 3070 1381 3126 secundum
1415 3069 1493 3126 Sitne
1513 3069 1640 3124 Romana
1661 3068 1874 3161 eccle-mlx·

57 3157 93 3213 io
111 3165 326 3225 nanacpantm
350 3156 392 3210 rie
411 3155 511 3224 ubique
525 3154 684 3225 participes
697 3154 829 3219 nefariae
845 3171 887 3209 se-
913 3157 955 3211 sia
975 3157 1094 3212 dicenda
1111 3157 1269 3213 catholica?
1305 3157 1424 3212 Solenne
1442 3162 1487 3210 est
1502 3155 1670 3225 Pontificiis,
1691 3157 1747 3211 Bo·
1761 3171 1834 3211 ersa·

57 3249 109 3297 tas
136 3242 265 3297 Nestorii
287 3241 457 3296 Nectariaai
479 3248 624 3308 vocemur,
650 3247 680 3293 ut
698 3241 778 3309 essjm
797 3239 888 3293 scelus
913 3260 1024 3299 manem
1047 3242 1192 3297 ecclesiam
1214 3258 1313 3297 vocam
1334 3241 1507 3297 catholicam.
1540 3242 1596 3298 Sed
1620 3259 1664 3297 ree
1687 3242 1749 3312 ipss,
1762 3227 1875 3314 mne

57 3329 260 3385 n·deserendo
287 3329 379 3381 Deam
405 3336 468 3380 eant
492 3325 610 3392 imitati,
640 3328 701 3395 ejus
723 3325 887 3381 vocabalum
913 3335 1045 3393 testatur,
1067 3328 1143 3400 quod
1160 3344 1214 3383 nec
1232 3328 1300 3387 loci,
1319 3344 1371 3383 neo
1388 3328 1533 3398 temporis,
1549 3344 1602 3383 neo
1619 3327 1685 3382 fidei
1704 3345 1747 3383 ra-
1761 3326 1850 3427 iii⁰n

57 3418 112 3473 'sne
136 3416 288 3469 rideamne
317 3431 376 3468 esse
405 3413 508 3467 sortiti.
552 3410 608 3468 Sed
633 3429 683 3467 nos
710 3430 888 3484 nequequam
912 3417 989 3471 hone
1018 3413 1130 3485 proprie
1154 3413 1294 3485 loquendo
1318 3414 1354 3468 sit
1377 3413 1525 3470 catholica.
1564 3413 1747 3470 Produeimue
1808 3405 1814 3418 '

57 3518 79 3558 ιο
103 3501 186 3557 modo
209 3516 226 3555 a
250 3500 374 3556 Luthero
397 3498 620 3567 denominamur,
645 3516 708 3553 eum
726 3516 781 3555 non
801 3500 888 3570 possit
914 3502 999 3574 igitur
1015 3507 1114 3558 cenna
1131 3499 1345 3571 gloriabundum
1363 3500 1439 3555 illam
1450 3501 1672 3571 appellationem,
1691 3519 1748 3573 qna

57 3588 238 3659 temomnari,
256 3586 410 3642 Lutherum
422 3586 590 3641 hamaticum
601 3584 724 3656 aliquam
735 3585 887 3643 novitatem
914 3587 1067 3645 catholicae
1087 3604 1187 3643 nomen
1204 3603 1273 3643 suae
1290 3586 1424 3643 eeclesiae
1436 3586 1578 3643 Romanae
1589 3588 1641 3643 soli
1653 3589 1748 3643 vendi·

57 3675 181 3735 uenae.
218 3680 243 3730 5.
266 3674 330 3728 Non
355 3680 397 3727 est
419 3671 501 3727 hodie
525 3671 623 3727 eadem
650 3670 785 3729 ecolesue
800 3671 887 3728 iacies
914 3680 989 3740 eant,
1006 3672 1076 3731 haee
1093 3679 1269 3745 argumento:
1291 3681 1312 3730 t.
1332 3674 1459 3730 Mesia
1479 3675 1615 3731 mtholioa
1631 3675 1749 3746 comple

57 3768 159 3825 mana
190 3765 274 3833 etque
301 3760 374 3815 idem
398 3765 488 3814 status
510 3758 643 3825 exterior,
671 3758 720 3830 qui
743 3757 809 3813 olim
824 3758 887 3824 fuit,
912 3761 997 3816 etitur
1014 3766 1103 3815 totum
1122 3776 1267 3817 nummum
1284 3761 1479 3816 salrmdorum
1492 3761 1581 3817 Hebr.
1606 3768 1643 3831 12,
1662 3780 1688 3818 v.
1707 3767 1749 3820 tt.

57 3846 163 3905 uoindo
189 3862 223 3901 ex
240 3845 352 3901 nomine
371 3844 507 3901 catholico
527 3861 583 3901 non
599 3849 693 3914 potest
710 3845 829 3916 anplius
844 3861 887 3901 ec·
914 3864 1032 3919 quornm
1057 3847 1172 3918 quidam
1197 3847 1226 3903 in
1247 3848 1331 3904 coelis
1350 3850 1410 3919 jam
1433 3853 1563 3919 regnant,
1587 3849 1701 3920 quidam
1720 3848 1749 3903 in

57 3934 146 3993 lasiae
164 3934 266 3989 veritas
285 3931 441 4002 apodictica
461 3932 651 3987 demonstrari.
683 3930 757 3987 Olim
769 3931 888 3988 ecclesia
914 3935 995 3990 terrie
1012 3933 1104 3989 adhuc
1122 3941 1264 4005 pugnant;
1281 3935 1331 3989 aed
1347 3935 1388 3989 illi
1404 3952 1461 3990 non
1477 3935 1589 3990 meunt
1607 3952 1701 3990 omnes
1720 3936 1749 3990 in

57 4019 184 4085 amoueo
211 4020 295 4090 longe
319 4018 431 4089 lateque
461 4026 521 4073 erat
546 4024 701 4089 propagata
728 4016 887 4089 subjugatis
915 4020 1106 4077 communione
1121 4020 1265 4077 Romanae
1283 4019 1428 4083 occimiae.
1450 4022 1506 4076 imo
1523 4021 1603 4076 multi
1622 4038 1750 4078 somme

57 4106 192 4179 nutilium
226 4105 415 4169 idolomaniis,
445 4103 617 4160 ludaeorum
645 4103 888 4174 superstitionibus
916 4107 974 4163 rita
985 4107 1181 4173 diremerunt,
1197 4106 1301 4178 quibua
1315 4107 1526 4177 superstitiones
1538 4114 1568 4162 et
1578 4107 1750 4163 idololatriae

57 4202 73 4251 t
93 4193 174 4251 taleis
199 4192 401 4248 baereticorum
426 4189 572 4258 doctrinis;
595 4190 709 4262 siquae
728 4190 888 4245 oriebantur
913 4191 1055 4249 Romanae
1072 4193 1206 4249 emmim
1226 4192 1403 4248 nonsuerunt
1416 4193 1555 4264 cognitae,
1573 4193 1676 4248 nedum
1687 4211 1749 4264 pro·

57 4296 182 4344 wesen
201 4284 230 4333 in
249 4277 375 4349 angusta
395 4276 571 4347 quarundam
589 4276 734 4348 regionum
753 4276 887 4332 limitibus
915 4278 1005 4335 betae.
1041 4285 1066 4334 2.
1082 4278 1169 4333 Extra
1188 4278 1332 4335 ecelesiam
1349 4279 1515 4335 catholicam
1534 4297 1589 4335 non
1607 4288 1650 4334 est
1666 4280 1749 4338 salus.

57 4364 301 4432 occludebantur,
321 4362 361 4418 ibi
380 4363 416 4416 ad
435 4361 601 4418 catholicum
619 4379 735 4431 nomen,
756 4361 801 4417 cui
818 4361 887 4417 tides
914 4364 954 4419 At
984 4370 1062 4421 extra
1079 4364 1233 4420 &monam
1257 4364 1402 4420 eccleciam
1424 4364 1505 4420 multi
1528 4366 1678 4421 salvantur.
1720 4366 1750 4423 Si

57 4451 185 4511 atholiea
213 4451 296 4522 longe
323 4451 436 4520 lateque
466 4449 608 4505 dominans
639 4450 789 4520 conjuncta
819 4454 887 4514 erat
915 4450 988 4505 enim
1011 4451 1041 4505 in
1059 4450 1159 4505 nornis
1177 4450 1302 4505 eooleaiis
1321 4468 1401 4507 verus
1418 4451 1626 4507 administratur
1645 4452 1750 4524 baptis·

57 4544 122 4599 nete
146 4538 357 4610 provocabatur.
395 4537 450 4594 Sed
473 4545 620 4608 postquam
643 4535 818 4591 Arianismua
837 4553 888 4606 per
914 4554 990 4605 mna,
1013 4537 1109 4608 utique
1131 4535 1285 4593 infantibus
1307 4538 1335 4594 in
1353 4544 1449 4593 noema
1467 4539 1585 4594 ecclesia
1602 4539 1750 4610 baptizatis

57 4634 137 4693 amm
167 4624 300 4682 eeclesiae
326 4641 427 4694 corpur
453 4640 632 4695 gangraenae
656 4623 744 4679 instar
765 4630 889 4692 serperet
914 4623 992 4679 saltn
1014 4640 1070 4679 non
1093 4631 1137 4678 est
1159 4624 1297 4694 neganda
1334 4632 1358 4681 3.
1387 4625 1513 4681 lienteria
1536 4625 1673 4681 catholiea
1693 4643 1750 4681 am·

57 4720 74 4781 t
94 4713 189 4784 capite
212 4711 241 4767 in
260 4710 379 4766 sublime
399 4716 491 4765 erecto
510 4709 640 4767 incedens
659 4708 779 4764 nominis
796 4707 888 4764 catho·
914 4708 1045 4781 plectitur
1056 4708 1140 4766 iidem
1152 4709 1324 4775 catholicam,
1344 4711 1558 4767 consentientem
1573 4712 1679 4768 seilicet
1689 4730 1750 4782 pm·

57 4798 231 4872 ingloriam
249 4797 285 4851 ad
303 4814 333 4852 se
350 4794 500 4852 transferre
517 4802 677 4862 conaretur,
703 4812 759 4851 non
779 4802 889 4865 poterat
914 4795 1062 4867 phetaxurn
1076 4803 1106 4853 et
1122 4795 1309 4867 apostolorum
1328 4796 1497 4866 doctrinam,
1522 4797 1595 4868 Eph.
1613 4804 1643 4867 t,
1663 4817 1690 4856 r.
1707 4803 1749 4854 20.

57 4887 164 4945 utemur
187 4885 276 4939 solum
300 4900 400 4939 nomen
420 4880 586 4937 rumelicum
613 4881 760 4939 haereticis
778 4880 888 4952 opponi,
915 4880 964 4937 sed
981 4880 1108 4937 Romana
1121 4882 1239 4938 ecclesia
1255 4898 1273 4937 a
1289 4880 1425 4938 catholico
1443 4882 1491 4937 illo
1507 4900 1589 4940 verae
1604 4883 1670 4941 fidei
1685 4901 1748 4940 cou-

57 4973 96 5031 etl
112 4971 181 5031 fidei
200 4970 405 5026 catholicismus
425 4969 735 5025 eratdemonstrandus.
766 4969 888 5039 Itaque·
914 4984 998 5023 sensu
1022 4967 1052 5023 in
1074 4967 1168 5025 mnus
1189 4968 1328 5038 capitibus
1354 4967 1478 5024 discedit.
1516 4976 1540 5026 l.
1561 4969 1687 5025 Eccleau
1704 4986 1749 5026 ca·

57 5076 102 5133 [ne
132 5076 197 5113 enm
222 5056 410 5127 superioribus
433 5054 534 5111 seculis
559 5055 700 5125 papismns
726 5053 889 5126 cataclysmi
914 5053 1018 5109 thelica
1041 5060 1169 5122 vocatur,
1195 5055 1262 5124 quia
1288 5053 1479 5126 complectitur
1506 5057 1599 5111 omnia
1617 5055 1750 5113 ecelesiae

57 5153 136 5207 notar
161 5151 247 5201 totam
274 5144 419 5199 ecclesiam
447 5142 589 5198 inundarit
613 5149 642 5196 et
666 5147 808 5197 externam
827 5119 1281 5212 ejuslmembraquaepertotum
1289 5142 1749 5213 tenarumorbemsuntdispersm
1763 5147 1798 5189 xt
1812 5146 1858 5190 ²2⁷·

57 5233 148 5291 'aciem
167 5231 267 5287 misem
284 5229 446 5297 defoedarit,
464 5246 519 5284 non
536 5232 629 5299 potest
647 5245 680 5283 ex
693 5226 827 5283 nominali
843 5228 887 5283 vel
915 5227 963 5282 aed
981 5226 1108 5283 Romana
1130 5227 1250 5283 ecelesia
1272 5244 1327 5283 non
1346 5222 1536 5298 complectitur
1554 5229 1646 5284 omnia
1664 5229 1749 5285 eccle·

57 5326 160 5377 aterno
186 5316 377 5373 catholicism'o
405 5315 539 5371 eeclesiae
565 5313 666 5368 veritus
697 5313 971 5391 demonstrari„siae
992 5312 1116 5369 membra
1135 5313 1260 5385 dispersa
1277 5330 1328 5383 per
1346 5321 1434 5369 totum
1455 5313 1559 5383 orbem,
1578 5314 1646 5386 quia
1663 5316 1751 5387 major

57 5406 97 5465 ud
113 5406 152 5463 ad
168 5405 308 5459 internum
326 5417 408 5458 verae
424 5401 489 5457 fidei
509 5400 729 5456 catholicismum
746 5415 887 5455 recurren-
900 5398 902 5451 Ι
915 5417 979 5468 pars
1009 5400 1163 5457 catholicae
1196 5400 1329 5456 ecelesiae
1362 5401 1495 5470 dogmata
1522 5408 1551 5457 ct
1581 5403 1750 5459 ceremonias

57 5494 113 5553 tam
133 5497 184 5553 set
219 5490 454 5558 Perpendeactum
471 5495 512 5541 est
530 5484 640 5555 (scribit
658 5484 840 5541 casaubonus
858 5456 1054 5543 in'llomanss
1068 5503 1125 5543 non
1140 5486 1245 5558 recipit
1281 5487 1365 5559 Ergo.
1402 5493 1426 5543 t.
1446 5487 1544 5545 Patres
1561 5488 1634 5545 iuter
1651 5487 1750 5544 Roma·

57 5577 167 5651 epistola
190 5575 301 5637 nomiae
318 5575 394 5648 regie
412 5574 532 5647 ungues
549 5572 588 5631 ad
603 5571 774 5631 wanden
789 5570 887 5631 Porro-
900 5580 902 5609 ⁵
916 5589 981 5631 nam
1000 5578 1031 5629 et
1048 5573 1213 5631 mthdioam
1231 5572 1377 5672 emlesiqm
1395 5572 1578 5647 &annunt
1613 5572 1750 5645 Hierony·
