4004 6022
255 179 317 240 308
819 173 943 233 DOOUS
959 170 1163 232 vlcasmus
1182 170 1382 232 SECUNDUS

256 336 300 384 tus
324 327 388 385 Gal.
413 334 444 399 5,
466 346 493 386 v.
518 333 560 386 22.
583 329 693 385 interim
713 333 807 386 tantm
825 330 908 384 etiam
925 327 1191 401 hypocrtmelntum
1218 336 1246 384 et
1274 327 1445 400 singulorum
1467 333 1597 402 respectu
1621 329 1739 387 eecleda
1761 328 1866 385 dieitur
1886 326 1949 382 visi·

255 415 317 471 illos
334 415 467 471 aemulari
485 421 609 486 possunt,
627 415 677 471 soli
697 417 782 488 igitur
792 415 854 472 Deo
873 416 997 471 cordium
1014 433 1088 472 scru-
1114 415 1186 471 bilis.
1231 414 1361 474 Vicissim
1387 415 1532 471 invisibilis
1558 416 1658 472 dieitur
1681 416 1813 488 primario
1838 414 1949 487 quidem

254 502 339 558 taturi
375 501 527 556 infallibilis
564 500 613 554 illa
648 502 769 573 cognitio
798 502 844 557 vel
869 502 962 572 potius
991 504 1090 558 notitia
1115 508 1143 556 et
1161 500 1333 572 potissimum
1352 508 1481 572 respectu
1498 502 1563 558 fidei
1583 508 1611 558 et
1628 503 1796 558 internorum
1816 503 1951 556 donorum

255 588 399 658 competit,
430 604 486 660 qua
512 604 576 643 vere
600 587 661 658 pios
686 604 719 642 ac
743 593 854 643 renatos
878 588 914 645 ab
936 589 1089 659 hypocritis
1116 587 1234 659 Spiritus
1270 587 1358 642 sancti
1388 587 1416 642 in
1450 587 1567 658 renatis,
1598 606 1670 660 quae
1702 588 1832 644 humanis
1863 586 1953 643 oeulis

255 674 364 747 piorum
388 672 474 728 simiis
497 672 652 729 discernere
676 678 775 744 potest.
811 672 912 729 Refero
930 675 986 730 huc
1004 673 1090 728 verba
1116 674 1234 744 perspici
1260 681 1416 745 nequeunt3
1457 675 1558 731 deinde
1585 676 1668 732 etiam
1695 680 1826 747 respectu
1851 674 1955 746 capitis

255 758 416 818 Bellarmini
447 758 495 815 lib.
524 766 548 817 3.
577 759 612 814 de
640 759 706 815 eccl.
733 776 758 817 c.
788 767 828 815 lt.
850 762 876 831 §.
901 761 951 816 scd
976 765 1090 816 neutra:
1117 759 1145 814 in
1172 760 1290 831 mystico
1314 759 1362 814 illo
1382 774 1511 832 empore,
1540 763 1615 834 quod
1630 764 1689 834 jam
1705 781 1761 818 non
1778 762 1907 818 videmus
1924 767 1956 817 st

257 846 385 918 Copnitio
404 864 467 900 uere
484 846 613 913 fidelium
631 864 664 901 ea
680 848 751 911 fidei
767 848 871 919 effectis
884 866 940 903 non
953 855 1091 914 estcertu,
1117 844 1184 916 quia
1211 845 1340 901 diseretio
1371 846 1506 901 bonorum
1535 847 1571 902 ab
1601 849 1770 920 hypocritis,
1802 848 1907 920 quibus
1924 849 1955 902 in

256 936 308 989 sed
331 932 539 1004 conjecturem.
578 931 744 989 ”Piscator
772 933 801 988 in
830 951 902 1005 resp.
927 933 964 988 ad
990 939 1013 990 3.
1038 939 1090 991 rat.
1117 930 1219 988 visibili
1237 930 1355 987 ecclesia
1372 930 1522 988 intermixti
1540 939 1613 1002 sunt,
1636 935 1687 990 soli
1706 934 1818 991 divinae
1834 934 1957 990 notitiae

255 1019 352 1092 Gamp.
371 1038 397 1091 p.
418 1025 466 1076 43:
496 1018 531 1074 ss·
548 1020 611 1091 quis
628 1021 800 1084 credentium
818 1038 948 1074 numerus
968 1029 1022 1090 est,
1046 1038 1091 1073 cu·
1117 1024 1160 1073 est
1179 1017 1283 1073 relicta
1308 1023 1330 1073 l.
1348 1017 1418 1089 Reg.
1440 1024 1463 1087 8,
1483 1036 1508 1072 v.
1530 1024 1576 1076 39:
1615 1021 1657 1074 tu
1674 1023 1750 1076 solus
1767 1022 1845 1075 ποιεί
1862 1022 1966 1076 corda-

249 1108 302 1177 jus
321 1105 415 1160 debita
429 1115 646 1177 praeceptorum
661 1108 767 1163 Christi
785 1108 943 1162 obedientia
960 1108 1017 1162 soli
1027 1109 1092 1163 Deo
1118 1105 1240 1169 filiorum
1258 1104 1405 1159 bominum.
1445 1110 1469 1161 2.
1488 1104 1559 1161 Tim.
1578 1112 1603 1175 2,
1620 1124 1645 1162 v.
1668 1112 1711 1163 19:
1745 1108 1889 1161 Dominus
1905 1126 1951 1162 no

255 1201 334 1262 notu,
356 1192 472 1263 nepotis
491 1192 640 1248 ecclesium
657 1194 847 1249 instabilem!
880 1195 1013 1250 Actiones
1032 1195 1091 1265 qui·
1118 1190 1172 1255 uit,
1193 1189 1243 1258 qut
1258 1190 1314 1243 sint
1334 1190 1388 1247 sui.
1425 1195 1450 1246 t.
1469 1190 1608 1248 Aecurate
1626 1198 1719 1248 autem
1739 1192 1957 1262 observandum,

256 1282 319 1335 dem
341 1279 484 1334 bominum
507 1286 638 1332 aeternae
664 1297 719 1333 non
744 1279 846 1334 incerti
872 1282 1004 1336 citior-erm
1030 1288 1092 1333 sunt
1119 1274 1264 1332 ecclesiam
1288 1276 1425 1332 visibilem
1449 1284 1477 1334 et
1502 1278 1666 1335 invisibilem
1689 1296 1745 1335 non
1764 1296 1826 1336 esse
1845 1287 1950 1336 conns·

255 1366 379 1432 indices,
411 1373 440 1420 ut
471 1381 527 1418 non
549 1366 670 1435 pietatis
700 1375 725 1421 et
753 1368 893 1421 uirtutum.
937 1360 1158 1475 Simulmurprie
1183 1361 1324 1433 opposita,
1349 1363 1398 1419 sed
1422 1363 1582 1421 subalterna
1606 1383 1640 1420 ac
1656 1365 1846 1422 subordinata
1881 1367 1951 1424 Nam

257 1453 425 1524 querendoque
451 1451 540 1504 uirtus
562 1459 588 1505 ct
607 1452 699 1520 speeie
720 1469 773 1506 stru
793 1453 899 1523 decipit
919 1454 1000 1510 ulios.
1039 1454 1093 1507 Di·
1106 1446 1264 1515 ,invisibilis
1292 1448 1440 1505 electorum
1468 1458 1562 1507 coetus
1589 1453 1745 1508 continetur
1771 1452 1825 1508 sub
1851 1453 1951 1508 visibili

257 1547 330 1595 etum
356 1538 391 1591 ab
416 1537 562 1608 apostolo:
602 1537 659 1600 Qui
678 1537 816 1608 Spiritum
837 1540 945 1594 Christi
967 1558 1023 1594 non
1043 1540 1091 1594 ltu·
1106 1528 1335 1605 lcongregatious
1359 1544 1534 1602 vocatorum,
1560 1539 1627 1608 quia
1649 1548 1728 1593 entra
1747 1549 1855 1594 comum
1871 1557 1950 1594 coeu-

258 1627 313 1691 bet,
340 1643 396 1679 non
416 1632 457 1678 est
474 1625 545 1695 ejus.
584 1625 642 1678 Hic
660 1624 785 1695 Spiritus
802 1625 852 1678 ubi
871 1633 925 1686 cst,
950 1627 992 1680 ibi
1008 1634 1034 1681 et
1051 1604 1211 1681 ruiturum
1235 1639 1289 1675 non
1312 1631 1377 1677 sunt
1399 1625 1555 1693 quaerendi
1580 1625 1661 1679 eiecti
1683 1631 1711 1680 et
1735 1625 1857 1681 eeclesia
1874 1643 1952 1682 voea-

257 1708 346 1767 cleeiu
373 1710 487 1764 Christi.
524 1709 578 1764 Cui
599 1726 664 1763 uero
688 1717 800 1778 notum,
831 1712 880 1765 ubi
897 1711 1021 1782 Spiritus
1044 1715 1093 1767 iiie
1119 1712 1210 1761 torum
1235 1708 1316 1763 latior
1338 1715 1391 1777 est,
1414 1727 1498 1780 quam
1521 1710 1685 1776 electorum,
1714 1712 1782 1783 quia
1807 1712 1893 1766 narsiti
1906 1729 1951 1766 oo·

260 1799 325 1866 Dei,
336 1798 394 1851 nisi
404 1796 559 1851 scrutatori
569 1813 666 1849 renum
678 1803 703 1848 et
715 1795 853 1866 cordium,
867 1798 923 1853 imo
935 1801 1094 1868 cognitori?
1120 1794 1185 1857 caii,
1200 1795 1292 1863 pauci
1308 1796 1390 1849 electi
1406 1796 1504 1851 Matth.
1524 1803 1571 1866 20,
1594 1815 1620 1852 v.
1640 1803 1679 1853 16.
1716 1796 1885 1870 Quicunqlw
1902 1799 1951 1872 igi·

257 1889 414 1954 Antequam
432 1901 464 1936 es
482 1883 622 1953 operibus,
640 1900 712 1954 quoe
729 1891 795 1937 sunt
805 1884 939 1954 Spiritus,
958 1888 994 1940 ds
1008 1887 1095 1940 iomi—
1120 1885 1166 1934 tur
1183 1881 1323 1951 pertinent
1342 1883 1378 1937 ad
1396 1883 1539 1938 ecclesiam
1559 1883 1733 1951 invisibilem,
1753 1884 1795 1939 illi
1816 1885 1901 1941 etiam
1917 1886 1951 1941 ad

256 1972 303 2025 nis
334 1971 419 2024 corde
439 1970 572 2039 judicas,
603 1969 667 2039 ipra
696 1969 792 2025 cordae
819 1970 966 2039 integritas
994 1990 1093 2043 coquo·
1120 1966 1263 2034 visibilem,
1283 1968 1314 2022 id
1331 1974 1372 2024 est
1390 1974 1526 2040 quotquot
1545 1977 1610 2024 sunt
1627 1970 1716 2036 electi,
1734 1971 1775 2026 illi
1792 1973 1951 2028 etiamsunt

258 2058 372 2111 ecem.
410 2055 488 2109 Sitne
505 2073 611 2124 serum,
630 2056 762 2125 simplex,
780 2057 934 2127 sincerum,
953 2077 992 2112 un
1010 2060 1093 2112 simu-
1120 2053 1219 2118 vocati,
1238 2054 1287 2109 sed
1304 2070 1361 2108 uon
1378 2062 1488 2125 contra3
1512 2056 1630 2128 proinde
1646 2062 1679 2112 ut
1695 2058 1814 2114 ecclesia
1831 2059 1951 2114 militans

258 2146 363 2213 laum,
381 2146 523 2212 fucatum,
540 2161 573 2199 ex
594 2162 647 2215 quo
665 2152 800 2214 tanquam
813 2150 896 2212 sonte
908 2146 1005 2216 pietas
1021 2163 1093 2200 ema·
1121 2145 1149 2193 et
1177 2139 1349 2210 triumphans
1377 2158 1432 2195 non
1463 2150 1639 2213 opponuntur
1667 2144 1720 2198 eibi
1742 2144 1881 2200 bonimio
1903 2161 1952 2201 neu

258 2239 325 2299 nat,
353 2230 416 2301 quis
444 2230 521 2286 nouit
551 2231 608 2285 nisi
639 2232 864 2300 sapientissimus
893 2232 942 2286 ille
968 2234 1094 2286 cordium
1121 2224 1293 2280 constituunt
1311 2226 1380 2280 duur
1400 2227 1540 2297 eeclesias,
1558 2229 1605 2302 qui
1625 2229 1698 2285 enim
1714 2231 1797 2286 hodie
1813 2238 1950 2287 estmem·

260 2317 482 2389 repleretur!tt
515 2323 539 2373 2.
554 2317 680 2372 Ecclesia
699 2317 786 2390 igitur
799 2324 920 2390 prototo
935 2325 1093 2374 vocatorum
1121 2311 1202 2367 brum
1228 2312 1361 2368 eeclesiae
1389 2314 1545 2384 militantis,
1575 2333 1635 2371 eras
1664 2323 1756 2388 potest
1784 2334 1845 2374 esse
1870 2334 1951 2373 mem·

260 2411 342 2462 coetu
367 2410 484 2475 accepta
508 2402 655 2474 dupliciter
679 2405 887 2475 consideratur,
914 2405 1021 2460 iuuere
1043 2406 1094 2460 sci·
1122 2397 1202 2453 baum
1220 2399 1353 2455 ecclesiae
1369 2401 1576 2472 triumphantis,
1595 2408 1623 2458 et
1641 2404 1799 2475 quicunque
1818 2421 1853 2460 ex
1868 2406 1952 2463 bomi-

258 2491 326 2548 licet
350 2496 434 2563 atque
459 2491 578 2555 teucer,
603 2489 633 2544 id
650 2497 692 2546 ese
713 2498 841 2562 respectu
858 2492 984 2549 internas
1004 2498 1032 2546 et
1051 2511 1094 2548 ex·
1121 2485 1203 2541 nibus
1234 2493 1404 2560 aggregatur
1432 2488 1564 2544 eeclesias
1593 2490 1788 2560 triumphanti,
1823 2492 1848 2546 is
1878 2493 1952 2564 prius

260 2585 357 2635 ternae
383 2575 530 2632 societatis.
574 2575 687 2632 interna
711 2576 843 2633 eeclesiae
866 2577 982 2634 societas
1008 2579 1096 2634 cousi·
1122 2570 1176 2626 fuit
1200 2573 1353 2628 membrum
1376 2574 1509 2630 eeclesiae
1533 2575 1690 2646 militantim
1717 2576 1756 2632 sic
1780 2578 1899 2634 ecclesia
1915 2579 1951 2632 vi·

262 2664 311 2722 stit
326 2663 355 2717 in
373 2662 480 2718 unitate
496 2661 560 2717 fidei
581 2661 733 2730 salvificae,
758 2663 816 2733 spei
836 2667 864 2717 et
880 2665 1015 2729 caritatis,
1041 2683 1096 2736 qua
1123 2658 1211 2714 sibilia
1250 2667 1279 2716 et
1307 2661 1452 2718 invisibilis
1482 2662 1578 2718 itidem
1605 2681 1660 2719 non
1691 2672 1871 2735 opponuntur
1902 2665 1953 2721 sibi

264 2750 372 2807 Christo
396 2748 481 2819 capiti
505 2753 533 2804 et
556 2748 669 2819 reliquis
691 2749 802 2821 mystici
824 2753 945 2822 corporis
967 2752 1096 2807 membris
1123 2746 1259 2802 contrarie
1276 2765 1327 2803 nec
1345 2749 1416 2803 duas
1432 2749 1604 2804 constituunt
1622 2750 1766 2818 ecclesias,
1789 2751 1865 2808 idem
1883 2753 1953 2809 enim

263 2854 329 2893 vere
353 2835 392 2906 pii
416 2841 480 2889 sunt
502 2835 652 2906 conjuncti.
691 2835 813 2890 Externa
830 2837 961 2892 eeclesiae
981 2839 1097 2894 societas
1124 2832 1204 2888 bomo
1228 2835 1337 2889 divers0
1360 2842 1486 2906 respectu
1508 2842 1551 2890 eet
1568 2837 1720 2892 membrum
1738 2837 1875 2895 ecelesiae
1892 2839 1953 2894 visi·

265 2922 392 2980 consistit
412 2921 440 2976 in
461 2919 633 2990 professione
652 2920 718 2977 fidei
737 2928 766 2976 et
786 2939 838 2976 usu
855 2931 1097 2987 sacramentorum,
1124 2920 1188 2975 bilis
1212 2921 1421 2989 et'invisibilis,
1447 2929 1475 2977 et
1498 2921 1655 2994 quicunque
1678 2928 1720 2979 est
1740 2924 1895 2981 membrum
1914 2943 1952 2982 ec·

265 3011 310 3067 cui
332 3006 496 3079 discipliuae
515 3006 719 3062 ecclesiasticae
737 3009 898 3063 exercitium
916 3011 981 3064 addi
1001 3018 1098 3081 potest
1123 3007 1225 3063 elesiae
1241 3008 1394 3077 invisibilis,
1414 3008 1492 3063 illum
1512 3010 1596 3066 etiem
1611 3015 1720 3082 oportet
1731 3028 1792 3066 esse
1802 3011 1954 3068 membrum

166 3108 203 3149 xl.
219 3105 251 3150 tt
265 3093 393 3153 Visibilis
421 3098 464 3148 est
495 3092 611 3149 eeclesia
640 3099 768 3164 respectu
796 3094 936 3149 societatis
961 3104 1098 3166 externae,
1125 3094 1258 3151 ecclesiae
1281 3093 1406 3153 visibilis.
1450 3103 1474 3151 5.
1498 3095 1617 3152 Notetur
1641 3097 1725 3152 ctiam
1750 3097 1838 3164 illud,
1871 3098 1955 3155 eccle

266 3182 315 3238 sed
334 3179 480 3236 invisibilis
501 3185 543 3234 est
561 3185 688 3249 respectu
707 3179 847 3235 societatis
865 3181 997 3240 internae.
1033 3183 1098 3248 Qui·
1125 3182 1193 3236 siam
1216 3181 1365 3237 electorum
1390 3181 1447 3237 dici
1469 3182 1649 3248 invisibilem,
1679 3199 1734 3239 nou
1757 3184 1832 3256 quod
1849 3184 1891 3239 illi
1908 3201 1956 3255 per

265 3286 329 3324 nam
354 3266 426 3323 enim
453 3267 489 3321 ad
515 3272 656 3321 externam
678 3266 812 3322 ecclesias
834 3268 994 3326 societatem
1016 3272 1098 3341 perti·
1125 3269 1219 3323 orbem
1244 3267 1361 3338 dispersi
1389 3267 1428 3338 pii
1449 3268 1556 3324 rabone
1573 3286 1639 3325 suae
1656 3285 1790 3340 personae
1807 3287 1864 3326 nou
1882 3271 1955 3326 veni·

264 3359 362 3423 nesnt,
384 3353 471 3409 oculis
489 3352 630 3408 hominum
648 3359 691 3408 est
708 3353 835 3424 obvium3
863 3355 913 3409 sed
932 3357 1043 3427 quinam
1062 3358 1097 3413 ad
1125 3360 1173 3408 ant
1190 3355 1242 3409 sub
1260 3361 1439 3424 conspectum
1456 3356 1611 3423 hominum,
1631 3356 1681 3411 sed
1699 3356 1765 3428 qnia
1782 3356 1854 3412 fides
1871 3363 1899 3413 et
1917 3357 1955 3412 di·

263 3444 400 3498 internam
425 3439 560 3496 eeclesiae
574 3440 735 3496 societatem
754 3442 923 3511 pertineant,
951 3462 1007 3499 non
1025 3443 1098 3511 item,
1125 3440 1190 3494 vina
1211 3440 1322 3509 electio,
1349 3442 1457 3498 ratione
1485 3460 1600 3513 quarum
1626 3443 1662 3498 ad
1680 3444 1825 3498 ecclesiam
1846 3451 1878 3500 ut
1894 3444 1956 3498 viva

264 3528 329 3601 quia
350 3526 420 3583 fides
443 3533 472 3581 et
489 3525 640 3598 spiritualis
659 3527 782 3596 novitas,
808 3544 879 3599 quae
899 3535 941 3584 est
956 3531 1097 3601 proprium
1125 3527 1248 3583 membra
1271 3526 1424 3597 pertinent,
1451 3528 1480 3582 in
1504 3529 1557 3583 illis
1578 3546 1633 3584 non
1650 3537 1797 3600 apparent,
1828 3530 1957 3586 videntur

263 3622 292 3671 et
323 3614 461 3669 internum
487 3628 570 3668 veras
596 3612 730 3667 ecelesiae
757 3613 858 3684 decus,
892 3615 1099 3672 infirmitatibus
1125 3622 1157 3668 ut
1179 3613 1304 3668 homines
1329 3615 1466 3685 corporei,
1491 3631 1546 3669 non
1566 3616 1695 3671 videntur
1712 3623 1744 3670 ut
1759 3617 1887 3672 homines
1904 3616 1956 3673 ele·

264 3701 355 3759 caruis
373 3699 487 3755 obtecta
504 3699 587 3762 latet;
617 3699 679 3771 ipsa
698 3717 809 3772 quoque
825 3704 883 3756 or'tu
901 3709 929 3756 et
947 3702 1100 3771 beatitudo,
1126 3700 1177 3769 cti;
1203 3717 1254 3755 nec
1280 3700 1342 3756 ideo
1368 3702 1513 3757 ecclesiam
1539 3703 1687 3758 electorum
1708 3703 1764 3757 diei
1782 3701 1957 3772 invisibilem,

260 3786 347 3842 'verae
368 3785 434 3841 fidei
455 3785 614 3840 immediate
633 3787 798 3858 conjuncta,
826 3788 917 3842 adhuc
936 3790 1099 3843 abscondita
1127 3786 1201 3857 quod
1224 3785 1279 3857 piis
1303 3793 1332 3841 et
1356 3787 1450 3842 electis
1470 3805 1531 3841 cum
1548 3788 1649 3843 visibili
1665 3787 1815 3842 ministerio
1833 3788 1912 3844 verbi
1927 3806 1960 3845 sc

265 3882 306 3929 eat
325 3892 386 3928 cum
405 3870 516 3926 Chresto
535 3872 566 3924 in
586 3874 649 3927 Deo
669 3871 728 3929 Col.
748 3878 778 3942 3,
798 3891 824 3928 v.
843 3879 867 3927 3,
887 3891 948 3928 erim
969 3876 1100 3940 Christus,
1126 3881 1361 3930 sacramentorum
1392 3881 1420 3929 et
1447 3892 1509 3930 eum
1538 3875 1666 3930 exercitio
1689 3874 1775 3930 divini
1798 3875 1893 3931 cultus
1915 3893 1958 3933 ex·

264 3962 323 4016 sito
346 3968 457 4027 nostru,
485 3960 667 4029 apparuerit,
694 3965 759 4013 tunc
785 3961 894 4014 demum
913 3979 974 4015 cum
992 3964 1054 4032 spec
1072 3964 1100 4016 in
1129 3969 1206 4016 terno
1225 3961 1292 4015 nibil
1311 3961 1393 4033 plene
1412 3961 1448 4015 sit
1469 3962 1637 4030 commercii,
1654 3961 1703 4016 sed
1721 3962 1787 4032 quia
1804 3961 1881 4017 dona
1899 3962 1958 4034 Spi-

265 4049 362 4121 ploriu
398 4047 565 4118 apparituri
593 4064 687 4100 sumus
718 4065 744 4102 v.
777 4053 802 4105 l.
831 4047 881 4102 sed
909 4048 937 4101 in
965 4048 1018 4104 bac
1045 4049 1102 4104 vita
1128 4047 1196 4101 ritus
1222 4048 1311 4118 sapcti
1337 4048 1459 4111 interna,
1487 4047 1587 4117 quibus
1609 4049 1662 4119 ipsi
1680 4053 1814 4118 tauquam
1833 4049 1898 4103 viva
1917 4067 1958 4106 ec·

267 4134 399 4191 scandalo
425 4133 515 4188 crucis
535 4139 563 4188 et
582 4133 678 4188 mortis
695 4133 772 4188 velut
789 4150 882 4189 crasso
898 4151 932 4189 ae
954 4135 1038 4191 denso
1057 4154 1101 4192 vs·
1128 4135 1229 4189 elesius
1257 4134 1381 4190 membra
1407 4150 1424 4187 a
1448 4133 1567 4204 putridis
1590 4140 1618 4189 et
1641 4134 1755 4189 mortuis
1782 4136 1913 4190 membris
1932 4135 1959 4191 in

267 4222 370 4278 lamine
405 4220 510 4291 tegitur
544 4225 573 4273 et
604 4219 797 4285 absconditur,
835 4223 981 4292 quominus
1017 4223 1102 4277 oculis
1129 4220 1215 4274 oculis
1232 4219 1287 4274 Dei
1305 4220 1511 4283 discernuntur,
1533 4219 1672 4274 bominum
1686 4221 1830 4290 adspectui
1850 4222 1961 4277 minime

266 4307 410 4376 bominum
430 4306 466 4360 sit
487 4305 646 4377 conspicua,
668 4313 688 4361 1.
708 4305 770 4362 Joh.
789 4311 818 4373 3,
843 4324 869 4360 v.
888 4313 917 4364 2:
955 4309 1029 4362 Filii
1046 4310 1104 4364 Dei
1129 4307 1185 4360 sint
1211 4306 1299 4360 obvia
1344 4305 1517 4360 litEcclesia
1545 4305 1722 4361 materialiter
1748 4315 1879 4377 accepta,
1909 4309 1961 4364 boc

269 4412 363 4448 murus
382 4401 407 4447 et
424 4395 547 4446 nondum
565 4393 710 4464 apparuit,
729 4393 799 4462 quid
817 4395 935 4459 trimum·
956 4394 1020 4450 inde
1039 4412 1103 4450 vere
1129 4398 1172 4448 est
1194 4392 1230 4446 de
1255 4390 1411 4446 hominibus
1438 4391 1467 4445 iu
1490 4408 1524 4447 ea
1549 4392 1735 4460 versantibus,
1763 4408 1797 4447 ex
1820 4400 1902 4464 parte
1920 4402 1961 4450 est

269 4481 309 4552 pii
335 4486 363 4535 et
380 4479 468 4536 renati
488 4486 623 4535 vocantur
642 4479 802 4534 absconditi
818 4486 843 4532 et
860 4479 965 4533 occulti
982 4481 1104 4535 homines
1129 4478 1258 4541 visibilis,
1284 4477 1411 4532 nimirum
1430 4482 1566 4548 quatenus
1585 4480 1620 4535 de
1637 4479 1771 4535 militante
1787 4480 1840 4535 hoc
1861 4480 1960 4537 intelli·

268 4567 373 4622 Psalm.
393 4570 440 4633 83,
459 4582 484 4618 v.
504 4571 527 4621 4.
566 4563 644 4622 Rom
664 4570 693 4629 2,
717 4582 742 4617 v.
761 4570 802 4621 29.
843 4571 864 4620 1.
882 4564 956 4621 Petr.
978 4571 1009 4636 ³,
1035 4586 1060 4621 v.
1079 4575 1103 4625 «t.
1129 4566 1218 4638 gitur,
1244 4563 1416 4634 triumphans
1438 4565 1510 4619 enim
1529 4570 1571 4621 est
1585 4566 1665 4621 nobis
1682 4565 1841 4630 invisibilis;
1860 4567 1959 4624 forma·

271 4661 295 4710 3.
313 4652 439 4708 Ecclesia
457 4669 491 4707 ex
508 4652 652 4707 vocatione
668 4649 815 4706 aestimata
835 4667 867 4707 ac
883 4670 935 4722 pro
949 4659 1008 4709 toto
1024 4662 1103 4710 coetu
1130 4654 1193 4708 litor
1210 4668 1274 4708 vero
1292 4656 1419 4721 accepta,
1446 4668 1546 4723 nempe
1566 4653 1600 4706 de
1621 4651 1758 4721 fidelibus,
1778 4660 1821 4709 est
1837 4653 1960 4712 invisibi-

270 4745 431 4796 vocatorum
456 4745 573 4810 accepta
597 4737 698 4793 dicitur
722 4736 850 4805 visibilis,
875 4756 931 4793 non
956 4741 1044 4795 solum
1063 4759 1103 4797 re·
1130 4740 1212 4797 lis.**
1247 4743 1271 4794 6.
1292 4736 1427 4808 Opposita
1449 4739 1534 4811 igitur
1558 4747 1600 4795 est
1619 4739 1760 4794 distinctio
1778 4739 1914 4797 ecclesiae
1932 4742 1960 4797 in

270 4833 366 4900 speetu
385 4825 527 4880 hominum
546 4831 721 4893 vocatorum,
742 4824 790 4880 sed
810 4824 893 4881 etiam
913 4833 1042 4898 respectu
1061 4847 1103 4881 er·
1129 4825 1265 4881 visibilem
1297 4831 1325 4880 et
1354 4824 1520 4880 invisibilem
1546 4826 1778 4896 disputationibus
1801 4826 1960 4884 Pontificio

268 4923 411 4969 ternorum
429 4913 584 4966 mediorum
603 4918 628 4963 rt
647 4911 900 4981 instrumentorum,
917 4929 967 4984 per
985 4932 1056 4985 quae
1076 4915 1104 4969 in
1130 4930 1199 4966 rum.
1243 4910 1288 4965 Illi
1310 4911 1382 4965 euim
1406 4911 1591 4969 definitionem
1610 4913 1749 4978 ecclesiae,
1768 4915 1894 4985 quaesit
1915 4933 1961 4971 au·

268 5000 312 5055 his
329 5000 409 5055 terris
429 4997 489 5054 Deo
509 4996 649 5067 colligitur
667 4997 798 5062 eeclesia3
823 5006 855 5053 ut
874 4999 957 5054 etiam
975 5010 1101 5070 respectu
1130 4997 1232 5053 dienda
1248 5004 1276 5051 et
1296 5014 1385 5069 aqua
1401 5016 1456 5054 nou
1477 5000 1513 5054 sit
1532 4999 1741 5068 discedendum,
1766 5008 1913 5057 exsuuunt
1930 5020 1961 5059 ex

269 5092 444 5142 externorum
468 5081 608 5155 religionis
633 5083 838 5154 exercitiorum,
864 5102 935 5156 quae
956 5094 1021 5141 sunt
1040 5102 1102 5156 pro·
1128 5084 1177 5139 tali
1204 5083 1390 5140 similitudine.
1431 5085 1508 5143 Sicut
1522 5085 1679 5156 respublica
1696 5086 1820 5155 Veneta,
1845 5105 1961 5161 regnum

268 5173 352 5230 fessio
374 5170 530 5238 doctrinae,
559 5187 625 5224 usus
652 5179 884 5227 sacramentorum
904 5189 937 5227 ae
957 5173 1102 5243 disciplina
1128 5170 1281 5238 Gallicum,
1312 5171 1457 5243 imperium
1483 5170 1678 5228 Germanicum
1698 5180 1751 5230 eto.
1771 5181 1848 5230 certo
1865 5177 1960 5232 ordine

269 5258 465 5316 ecclesiastica.
502 5256 676 5315 Praedicatio
698 5259 774 5315 verbi
795 5267 823 5314 et
841 5258 1041 5314 administratio
1059 5274 1100 5312 sa·
1127 5259 1343 5328 gubernatorum
1362 5266 1390 5314 et
1407 5258 1586 5323 subditorum,
1605 5259 1688 5312 certis
1706 5260 1816 5331 legibus
1833 5269 1862 5318 ct
1879 5263 1959 5317 mori·
1973 5266 1994 5305 bl

269 5353 470 5403 crementorum
489 5345 518 5399 in
536 5345 629 5402 oculos
647 5350 675 5400 et
693 5362 773 5400 aures
791 5344 943 5416 incurrunt,
961 5346 1002 5400 uti
1016 5344 1099 5399 etiam
1128 5344 1180 5398 bus
1215 5351 1356 5405 coustant;
1385 5344 1425 5412 ita
1450 5343 1526 5413 apud
1555 5342 1711 5400 Romanum
1738 5347 1960 5416 pontificemne

269 5431 376 5502 reliqua
398 5439 510 5489 externa
536 5431 669 5490 ecclesiae
693 5430 798 5499 officia,
821 5431 919 5487 horum
940 5430 1025 5504 igitur
1043 5448 1098 5485 om·
1127 5431 1280 5502 praelatos,
1307 5430 1354 5502 qui
1375 5437 1439 5487 suut
1457 5430 1485 5484 in
1507 5430 1645 5488 ordinaria
1665 5434 1851 5504 successione,
1874 5435 1959 5493 eccle·
