4004 6022
189 303 247 364 tte
773 292 898 356 LOCUS
914 291 1121 354 uouemus
1136 293 1281 353 mutua

184 455 243 506 tum
272 450 366 523 panis,
393 450 442 522 qui
467 451 504 509 sit
524 449 648 509 absente
672 453 795 526 corporis
813 455 938 527 signum,
963 449 1014 507 sed
1042 449 1315 519 citeraffirmantur,
1332 451 1494 521 ecquidem
1512 451 1654 508 credenda
1671 457 1745 522 sant,
1764 469 1822 508 non
1837 455 1882 509 ta·

100 594 107 609 ,
183 537 259 609 quod
286 536 425 594 mediante
450 554 523 610 pane
547 557 612 596 vere
633 541 817 598 manducetur
833 530 938 597 Christi
954 554 1013 594 cor-
1041 537 1177 593 mentido
1195 535 1371 608 accipiuntur
1389 536 1435 593 vel
1451 537 1709 608 apprehenduntur.
1742 537 1882 596 Sioffiri·

182 640 251 698 pus,
276 623 417 681 mediante
442 623 507 680 rino
535 643 601 682 vere
626 626 739 683 bibatur
763 626 865 685 Christi
891 624 1013 696 sanguia
1041 628 1114 677 stnm
1133 623 1307 680 incarnatum
1324 640 1385 681 osse
1402 624 1571 681 credendum
1591 630 1641 692 est,
1662 624 1774 681 interim
1785 631 1882 682 umen

184 716 208 766 3.
235 708 423 783 Quaecunque
445 710 482 767 ad
508 711 656 769 amentiam
680 713 845 776 sacrmenti
868 710 1014 783 pertinent,
1041 708 1142 765 Christi
1168 711 1322 767 incarnatio
1347 728 1404 767 non
1429 711 1534 781 pendet
1558 727 1593 767 ex
1621 718 1716 768 nostra
1740 711 1812 780 ⁶⁶03
1840 713 1884 769 its

182 813 287 869 organo
310 813 441 869 corporeo
458 796 648 869 accipiuntur,
672 804 706 854 ut
721 798 843 856 oranda
859 796 1015 868 exemplum
1041 813 1153 868 quoque
1174 796 1277 853 Christi
1306 815 1407 871 corpus
1434 797 1601 853 manducato
1629 797 1778 855 benedicto
1806 815 1883 872 pana

182 882 411 949 circumcisionis,
436 883 568 956 baptismi
587 891 616 941 et
638 884 755 942 aliorum
774 882 1021 942 sacramentorum.¹
1041 899 1106 939 vere
1124 883 1285 939 manducari
1303 883 1473 941 eredendum
1489 890 1539 954 est,
1556 883 1668 940 interim
1685 891 1778 941 tamen
1798 902 1883 958 pras-

182 971 248 1027 Jam
279 987 345 1026 vero
374 987 474 1043 corpus
498 976 528 1026 et
554 971 668 1044 mngub
690 971 795 1029 Christi
817 971 958 1043 pertinent
979 969 1016 1025 ad
1042 971 1133 1026 sentia
1150 976 1180 1025 et
1198 970 1376 1025 manducatio
1395 970 1518 1042 corporis
1529 970 1632 1027 Christi
1649 987 1706 1026 non
1722 972 1831 1043 pendet
1845 986 1882 1030 ex

183 1056 331 1113 amentiam
349 1073 445 1113 sacrae
463 1074 582 1126 coenae,
601 1058 738 1130 siquidem
757 1059 931 1116 meteretis
953 1075 1016 1112 ooa-
1041 1055 1097 1112 fide
1114 1061 1219 1113 nostra.
1261 1062 1287 1113 9.
1305 1056 1521 1112 Sacramentalis
1546 1060 1575 1112 et
1591 1056 1744 1128 spiritualis
1759 1059 1882 1115 mandu-

183 1151 239 1197 atct
266 1162 321 1198 aon
346 1144 438 1200 solcas
463 1161 496 1199 re
517 1152 645 1212 macc,
672 1147 724 1200 sed
740 1145 824 1199 mom
843 1161 876 1199 re
894 1144 1016 1210 coemi,
1040 1142 1114 1199 catio
1139 1142 1260 1214 corporis
1279 1143 1383 1198 Christi
1401 1142 1497 1197 multis
1515 1142 1603 1198 modis
1623 1143 1764 1200 differunt
1801 1145 1881 1218 Ergo

182 1247 300 1300 corpore
327 1231 434 1285 educet
463 1239 489 1285 et
513 1231 651 1300 cenwine
676 1231 796 1299 Christi,
823 1231 895 1286 hen.
920 1229 968 1285 lib.
983 1214 1014 1293 ’1,
1040 1247 1096 1284 non
1115 1235 1181 1285 sunt
1197 1229 1315 1286 invicem
1329 1229 1551 1286 confundendae.
1573 1228 1881 1289 Sacramentalisman-

181 1334 206 1374 c.
224 1322 266 1374 34.
306 1315 383 1389 Ergo
405 1334 505 1388 corpus
526 1321 555 1372 et
577 1316 692 1389 sanguin
709 1316 812 1373 Christi
835 1334 940 1389 organo
956 1333 1014 1372 cor·
1040 1316 1152 1371 ducatio
1178 1315 1300 1386 pertinet
1322 1317 1358 1370 ad
1376 1315 1523 1372 msentiam
1540 1333 1636 1373 saorae
1653 1334 1774 1389 coense3
1798 1319 1881 1392 spiri-

181 1418 278 1475 poreo,
302 1419 350 1458 ore
373 1403 490 1473 scilicet,
519 1403 701 1474 accipiuntur.
740 1401 948 1459 Sacramentum
973 1406 1016 1458 cst
1039 1401 1123 1457 trabs
1141 1418 1206 1457 vcro
1224 1402 1261 1456 ad
1277 1402 1351 1457 illius
1370 1401 1453 1457 tinem
1471 1408 1500 1458 et
1518 1402 1655 1468 feretum,
1680 1405 1728 1475 qui
1746 1406 1881 1477 proponi·

180 1496 269 1547 totum
305 1494 434 1547 consens
460 1490 568 1546 duabus
590 1489 729 1561 pentibus,
758 1494 883 1553 terrena,
909 1487 1016 1547 seilicet
1040 1495 1087 1544 tur
1105 1488 1134 1544 in
1151 1488 1194 1543 his
1211 1487 1317 1544 verbis:
1344 1489 1396 1543 doe
1413 1490 1503 1554 facite
1522 1489 1552 1544 ia
1572 1490 1627 1544 mei
1640 1494 1881 1548 commotio-

182 1592 256 1647 pane
281 1583 309 1631 et
331 1575 396 1632 vino
418 1592 451 1631 ae
476 1575 605 1645 coelesti,
630 1575 736 1632 scilicet
760 1592 875 1647 corpore
899 1580 928 1631 et
952 1593 1015 1629 san·
1039 1593 1109 1631 asra.
1150 1574 1365 1631 Sacramentslis
1395 1575 1572 1631 manducatio
1590 1581 1632 1631 est
1648 1577 1780 1643 medium,
1799 1579 1880 1651 spiri·

86 1667 110 1708 1·
123 1650 168 1709 Μ’·
182 1662 266 1734 guina
289 1661 399 1717 Christi.
445 1664 510 1720 dam
532 1680 597 1719 vero
624 1667 713 1718 totum
739 1667 940 1716 sacramentum
967 1660 1013 1715 bie
1040 1662 1123 1719 tualis
1143 1661 1322 1717 manducatio
1341 1668 1385 1718 est
1402 1660 1474 1729 finis,
1488 1663 1548 1733 jam
1565 1678 1631 1718 vero
1641 1663 1880 1723 mediaadfinen

181 1748 209 1803 iu
237 1747 317 1805 terris
343 1766 390 1806 ore
416 1749 560 1820 accipitur.
604 1749 680 1820 Ergo
703 1748 787 1804 etiam
812 1753 931 1820 ubsque
948 1764 1013 1819 pars
1039 1749 1170 1804 ducentia
1191 1752 1256 1803 suut
1280 1748 1413 1804 ffistineta
1429 1748 1467 1804 ab
1486 1748 1547 1820 ipso
1564 1748 1629 1804 line.
1663 1748 1879 1807 Sacramentab's

180 1852 236 1891 non
258 1840 368 1891 terrena
387 1835 490 1906 solum,
509 1837 558 1892 sed
578 1841 608 1892 et
625 1834 759 1892 eoelestis.
795 1835 825 1891 Si
844 1851 910 1905 pars
924 1834 1013 1890 altera
1039 1836 1215 1892 manducatio
1242 1836 1373 1891 distincta
1401 1842 1444 1891 est
1472 1854 1490 1891 a
1513 1835 1649 1892 bibitione
1673 1836 1878 1906 nomenati,

179 1922 343 1976 scemurenti
373 1921 429 1977 fide
456 1922 548 1978 coelos
573 1921 737 1977 subvolante
765 1921 951 1993 acciperetur,
983 1919 1012 1975 in
1038 1930 1070 1978 ut
1092 1923 1242 1979 ostendunt
1265 1923 1351 1977 verba
1368 1921 1563 1991 institutionis,
1587 1920 1740 1992 spiritualis
1757 1912 1877 1976 mmdc-

179 2007 259 2062 terris
282 2026 337 2063 non
361 2016 433 2064 esset
456 2008 596 2081 integrum
615 2014 832 2077 sacramentum,
855 2008 910 2064 imo
929 2007 1013 2078 plane
1037 2010 1111 2065 catio
1136 2026 1192 2064 non
1219 2008 1368 2080 distinguit
1393 2025 1495 2080 corpus
1520 2015 1548 2064 et
1574 2007 1738 2080 sanguinem
1762 2007 1876 2074 Christi,

178 2093 286 2149 nullum
303 2100 376 2150 esset
392 2101 605 2165 sacramentum,
622 2095 689 2168 quia
705 2100 812 2151 remota
828 2101 908 2166 parte
920 2110 1011 2148 essen·
1038 2096 1087 2152 sed
1112 2113 1167 2151 uno
1184 2101 1252 2150 actu
1270 2095 1359 2150 fertur
1376 2095 1405 2149 in
1421 2098 1511 2149 toturn
1530 2092 1676 2150 Christum.
1713 2093 1877 2151 Sacramen-

180 2180 240 2236 tiali
261 2198 316 2237 nou
333 2180 452 2252 amplius
471 2188 513 2238 est
530 2187 628 2237 totum.
662 2187 687 2237 4.
708 2180 876 2252 Ubicunque
895 2181 1011 2235 verbum
1037 2182 1101 2236 talis
1122 2181 1300 2237 manducatio
1326 2188 1453 2237 vereatur
1475 2198 1531 2237 uon
1557 2186 1667 2236 tentum
1684 2180 1759 2236 cirea
1774 2197 1876 2252 corpus

179 2267 279 2323 edendi
303 2269 338 2322 de
360 2284 432 2338 pane
455 2274 484 2324 et
507 2268 621 2324 bibendi
639 2268 675 2324 de
693 2267 757 2323 vino
775 2264 891 2332 dicitur,
907 2265 1012 2338 signifi·
1038 2268 1149 2333 Christi,
1167 2268 1216 2324 sed
1234 2267 1318 2323 etiam
1330 2267 1406 2322 circa
1419 2284 1530 2338 panem,
1547 2283 1603 2339 quo
1616 2267 1723 2322 scilicet
1735 2266 1877 2322 mediante

179 2354 252 2409 catio
279 2356 340 2425 ejus
359 2361 403 2410 est
419 2355 532 2427 propris
552 2361 581 2411 et
597 2354 704 2422 nativa,
727 2354 793 2425 quia
809 2353 882 2409 actio
903 2352 1011 2424 praedi·
1037 2372 1136 2426 corpus
1159 2352 1261 2409 Christi
1294 2353 1412 2424 accipit3
1442 2352 1593 2424 spiritualia
1619 2353 1876 2409 manducationem

179 2447 257 2497 catur
275 2440 311 2496 de
326 2441 438 2512 proprio
458 2460 508 2498 suo
525 2442 648 2511 objecto,
672 2440 849 2496 manducatio
868 2447 897 2496 et
912 2439 1011 2495 bibitio
1037 2447 1162 2496 versatur
1194 2439 1270 2494 circa
1298 2445 1441 2494 externum
1472 2439 1653 2502 elementum,
1686 2440 1735 2493 sed
1767 2442 1875 2495 mium

178 2526 297 2598 figurate
314 2534 431 2598 accepta
449 2546 505 2584 non
525 2527 611 2584 babet
630 2528 732 2592 locum,
751 2527 805 2582 nisi
820 2526 900 2583 cibus
917 2533 945 2582 et
962 2543 1010 2597 po·
1037 2527 1112 2583 circa
1130 2543 1231 2598 eorpus
1248 2525 1358 2581 Christi.
1402 2525 1618 2582 Sacramentalia
1637 2524 1815 2579 manducatio
1832 2530 1877 2580 cst

179 2618 224 2668 tus
245 2612 328 2667 etiam
350 2611 469 2685 figurate
491 2613 654 2684 accipiatur.
698 2614 764 2671 dam
788 2613 900 2669 veroin
919 2613 1011 2668 verbis
1037 2613 1189 2670 communis
1213 2612 1342 2668 omnibus
1359 2629 1439 2668 saera
1457 2629 1543 2668 coena
1559 2611 1718 2679 utentibus;
1745 2610 1874 2681 spiritua·

179 2715 282 2755 coenae
298 2715 351 2754 vox
369 2698 471 2755 edendi
489 2699 524 2754 de
541 2716 613 2770 pane
631 2698 709 2767 (licet
725 2715 782 2753 non
799 2698 877 2768 solo),
896 2717 949 2754 vox
968 2699 1010 2755 bi·
1036 2700 1071 2754 lis
1102 2707 1195 2755 autem
1221 2699 1288 2754 solis
1313 2698 1444 2755 fidelibus
1473 2698 1609 2754 convenit.
1657 2696 1874 2754 sacramentalis

180 2783 264 2840 baudi
292 2785 328 2840 de
354 2784 418 2841 vino
447 2784 524 2852 (licet
544 2802 600 2840 uon
623 2784 692 2852 solo)
714 2784 898 2855 praedicatur.
934 2785 1010 2858 Ergo
1036 2785 1214 2842 manducatio
1240 2783 1273 2840 lit
1300 2801 1356 2839 non
1384 2785 1473 2840 solum
1496 2802 1514 2839 a
1537 2784 1666 2839 fidelibus
1690 2783 1727 2838 ad
1744 2784 1873 2855 salntem,

179 2869 346 2942 significatio
377 2877 420 2927 est
445 2870 559 2943 propria
578 2877 608 2926 et
634 2870 739 2927 nahra.
782 2878 806 2926 5.
835 2872 899 2929 Una
926 2879 1011 2943 atque
1037 2873 1085 2928 sed
1112 2872 1196 2928 etiam
1215 2871 1252 2927 ab
1270 2871 1419 2927 incredulis
1436 2871 1472 2926 ad
1490 2869 1643 2942 judicium
1667 2870 1821 2941 spiritualis
1839 2871 1873 2927 fit

56 2955 62 2965 '
179 2957 277 3013 eadem
308 2957 475 3030 significatio
506 2964 548 3013 est
577 2957 656 3014 verbi
685 2956 800 3013 bibendi
825 2957 854 3012 in
880 2957 1011 3013 mandato
1035 2959 1227 3016 tantummodo
1245 2958 1282 3013 ad
1299 2957 1424 3014 salntem
1461 2957 1675 3013 Sacramenmlis
1693 2957 1872 3014 manducatio

179 3043 281 3100 Christi
304 3045 381 3101 etin
399 3045 523 3101 mandati
541 3044 616 3100 illine
634 3043 824 3113 exsecution03
846 3042 921 3098 absit
938 3044 1011 3098 euim
1036 3047 1163 3103 instituta
1191 3047 1302 3101 demum
1329 3049 1373 3100 est
1399 3044 1429 3098 in
1455 3043 1490 3100 N.
1509 3043 1561 3113 T.;
1585 3043 1634 3099 ssd
1661 3043 1813 3114 spiritualis
1830 3052 1874 3101 est

179 3137 212 3186 ut
230 3131 369 3200 dimmus,
392 3132 422 3187 in
444 3131 534 3203 prims
560 3147 662 3188 coenae
680 3130 919 3187 administratione
934 3130 1011 3185 alind
1036 3133 1158 3190 omnium
1176 3142 1340 3205 temporum,
1360 3130 1443 3188 etiam
1461 3131 1496 3187 V.
1514 3131 1547 3186 Τ.
1583 3130 1700 3202 Absque
1718 3147 1872 3188 smrsmen·

179 3217 328 3275 manduce
348 3217 503 3288 Christum,
529 3218 606 3274 aliud
633 3217 771 3289 apostolos
794 3216 902 3273 iecisse.
945 3219 1011 3276 Jam
1036 3220 1085 3276 tali
1105 3219 1318 3276 manducatione
1344 3218 1438 3287 multi,
1464 3218 1572 3273 scilicet
1588 3217 1709 3272 infantes
1727 3222 1756 3273 et
1774 3217 1872 3274 lidslss

177 3322 243 3362 vero
265 3306 295 3361 in
317 3307 492 3363 exsecutione
514 3305 590 3361 illius
616 3305 739 3360 mandati
764 3305 880 3361 verbum
897 3304 1012 3361 bibendi
1036 3306 1139 3376 adulti,
1171 3307 1199 3361 in
1227 3322 1295 3360 casu
1321 3303 1486 3376 privationis
1512 3303 1684 3359 necessariae
1712 3303 1872 3374 sairanem

178 3392 314 3463 accipitur
334 3394 457 3463 proprie,
483 3401 509 3446 et
531 3393 658 3446 termae
681 3409 714 3446 eo
736 3409 768 3447 eo
788 3410 893 3460 omues,
926 3393 1011 3448 Marc.
1036 3393 1189 3466 spiritualis
1213 3400 1306 3448 autem
1327 3390 1455 3447 omnibns
1482 3390 1623 3446 salvandis
1648 3397 1691 3447 eat
1707 3392 1871 3448 necessaria

181 3484 224 3545 14,
254 3495 279 3535 v.
307 3483 348 3535 23.
385 3479 419 3532 ld
448 3479 522 3548 quod
549 3494 600 3549 per
626 3494 656 3532 se
682 3483 760 3548 patet
785 3486 813 3534 et
835 3478 1012 3534 confirmatur
1038 3479 1253 3537 Sacramentalis
1271 3478 1448 3533 mandrostio
1464 3494 1520 3533 uon
1537 3481 1631 3549 potest
1648 3476 1746 3532 abesse
1762 3493 1873 3534 ssacra

178 3563 303 3633 exemplo
335 3563 484 3633 proditoris
516 3563 627 3632 dudae,
665 3581 747 3635 qnam
774 3564 880 3634 primae
910 3582 1012 3621 coenae
1036 3585 1136 3636 coena,
1167 3565 1319 3637 spiritualis
1352 3569 1446 3620 autem
1480 3570 1609 3619 manente
1638 3562 1748 3634 integra
1776 3580 1871 3622 werae

177 3649 335 3705 interfuisse
361 3667 395 3704 ex
421 3656 551 3705 contextu
574 3648 670 3705 Lucae
692 3650 817 3721 plerique
840 3657 933 3722 patres
956 3659 1011 3707 sta-
1037 3670 1139 3709 coenae
1157 3651 1277 3707 essentis
1293 3649 1392 3705 abesse
1407 3653 1507 3720 potest,
1526 3665 1618 3719 neque
1634 3648 1708 3704 enirn
1725 3649 1763 3704 ad
1779 3665 1871 3705 sacre-

177 3740 267 3790 tunnt.
302 3736 378 3806 Ergo
402 3734 486 3790 etiam
510 3735 540 3789 in
561 3736 693 3790 mandato
711 3735 814 3791 Christi
836 3738 951 3792 verbum
970 3739 1010 3793 bi·
1036 3739 1120 3794 menti
1141 3737 1330 3808 integritatem
1351 3734 1502 3806 quidquam
1518 3734 1641 3802 interest,
1661 3750 1717 3805 qua
1732 3733 1790 3791 tide
1808 3736 1870 3808 quis

176 3821 261 3879 bendi
286 3820 422 3892 accipitur
448 3821 566 3892 proprie.
609 3821 753 3890 Vicissim,
781 3840 852 3893 quae
876 3831 918 3879 est
939 3825 1011 3880 ratio
1036 3843 1069 3881 eo
1090 3832 1191 3880 utatur.
1235 3822 1277 3876 Er
1300 3821 1401 3892 quibus
1422 3820 1548 3876 omnibus
1567 3820 1607 3875 sic
1623 3820 1780 3875 inferimus:
1798 3821 1908 3877 Esmn.

176 3908 264 3980 partis
279 3907 448 3980 posterioris,
469 3907 566 3962 eadem
584 3907 667 3962 etiarn
686 3907 757 3963 ratio
774 3917 817 3963 est
833 3909 920 3979 partis
937 3911 1009 3981 prio·
1035 3918 1144 3982 oportet
1162 3927 1221 3966 esse
1240 3907 1471 3980 significationem
1488 3906 1634 3962 verborum
1647 3908 1720 3961 edite
1740 3913 1770 3963 et
1787 3909 1870 3962 bibite

176 3996 222 4051 ris.
264 3995 330 4052 dam
357 4010 421 4049 raro
445 3993 561 4049 verbum
587 3992 699 4048 bibendi
716 3993 745 4047 in
762 4001 841 4064 parte
859 3997 1010 4066 posteriore
1036 3999 1065 4054 in
1093 4014 1172 4051 sacra
1196 4012 1297 4062 coena,
1324 4010 1374 4064 per
1400 4009 1483 4064 quam
1511 3993 1688 4048 manducatio
1714 4000 1743 4048 et
1769 3994 1868 4050 bibitio

177 4083 313 4153 accipitur
331 4080 451 4152 proprie.
487 4079 563 4151 Ergo
583 4079 667 4135 etiam
686 4079 802 4135 verbum
821 4080 1009 4138 manducandi
1035 4081 1243 4139 sacramentalis
1268 4098 1286 4136 a
1302 4079 1515 4135 manducatione
1532 4086 1561 4134 et
1578 4079 1713 4134 bibitione
1731 4080 1870 4150 spirituali

177 4170 205 4224 in
230 4173 308 4239 parte
330 4166 421 4238 priore
448 4166 560 4237 proprie
581 4165 725 4236 accipitur.
771 4171 795 4220 6.
814 4168 905 4221 Pania
929 4186 1009 4237 quem
1035 4170 1238 4240 distinguatur;
1259 4167 1330 4222 ratio
1348 4164 1524 4221 connexionis
1542 4166 1647 4236 pendet
1664 4183 1697 4220 ex
1710 4167 1870 4224 discrimine

175 4254 348 4323 frangimus,
376 4253 429 4307 hoc
457 4258 500 4307 est
527 4252 608 4323 panis
629 4251 830 4307 eucharisticua
851 4253 956 4309 fractus
982 4263 1010 4311 et
1036 4254 1184 4326 multiplici
1201 4254 1282 4309 modo
1300 4260 1417 4308 ostenso.
1461 4251 1527 4307 dam
1543 4268 1608 4307 vero
1627 4251 1795 4323 significatio
1812 4272 1868 4310 me·

176 4340 355 4404 distributus,
379 4348 420 4394 eet
442 4345 576 4394 κοινωνία
601 4341 730 4408 corporis
747 4339 880 4409 Domini,
908 4347 929 4396 1.
947 4340 1007 4398 Cor.
1035 4341 1178 4413 taphorica
1203 4339 1350 4396 verborum
1375 4338 1448 4392 edite
1474 4344 1502 4395 et
1530 4339 1612 4392 bibite
1636 4355 1693 4392 non
1720 4339 1868 4412 distinguit

178 4436 217 4498 tc,
234 4446 261 4482 v.
282 4432 322 4484 16.
365 4426 431 4481 Jarn
456 4441 522 4481 vero
544 4441 574 4480 os
597 4425 700 4496 accipit
723 4424 842 4480 fractum
866 4432 894 4481 et
918 4427 1007 4483 distri·
1034 4427 1275 4486 manducationem
1295 4430 1324 4480 et
1343 4423 1505 4480 bibitionem
1517 4425 1745 4481 moramentalenr
1758 4442 1776 4479 a
1789 4414 1867 4498 spiri·

174 4517 274 4572 butum
290 4530 399 4584 panem.
440 4511 517 4583 Ergo
542 4529 573 4567 os
593 4511 696 4580 accipit
713 4512 743 4567 in
760 4518 931 4569 sacramento
949 4530 1007 4572 cor·
1034 4515 1112 4580 tuali,
1130 4512 1197 4586 quia
1214 4511 1333 4582 figurate
1350 4510 1433 4566 edere
1442 4510 1545 4566 Christi
1557 4528 1665 4582 corpus,
1682 4514 1869 4584 metaphorice

175 4620 227 4674 pus
246 4608 275 4657 et
292 4598 456 4671 sauguinem
476 4596 586 4653 Christi.
617 4604 640 4653 t.
659 4596 737 4652 Talis
752 4597 919 4669 significatio
931 4601 1008 4657 verbi
1034 4602 1130 4658 bibere
1152 4599 1240 4669 ipsius
1257 4597 1418 4669 sanguinem
1440 4597 1511 4652 nihil
1530 4598 1606 4653 aliud
1625 4605 1668 4652 est
1687 4615 1771 4668 qnam
1790 4600 1869 4671 spiri·

176 4690 249 4744 edite
270 4692 301 4743 et
327 4686 408 4740 bibite
434 4685 583 4740 statuenda
607 4689 664 4750 est,
687 4701 758 4755 quae
775 4684 859 4739 etiam
877 4688 1009 4758 competit
1033 4688 1147 4744 tualiter
1175 4687 1258 4739 edere
1283 4700 1316 4738 ac
1344 4684 1443 4740 bibere.
1485 4685 1560 4756 Ergo
1590 4683 1758 4755 significatio
1782 4693 1869 4742 metes

175 4773 311 4846 indignis,
334 4777 365 4826 ut
387 4789 438 4826 suo
464 4771 526 4826 loco
544 4787 577 4826 ex
598 4777 620 4826 1.
638 4769 699 4824 Cor.
722 4776 760 4833 11,
776 4788 801 4825 v.
820 4777 861 4827 21.
880 4773 1006 4842 probabi·
1034 4773 1148 4846 phorioa
1170 4788 1226 4825 non
1251 4769 1336 4825 habet
1353 4770 1444 4825 locum
1462 4772 1491 4826 in
1509 4771 1600 4826 verbis
1620 4788 1724 4826 coenae
1741 4771 1869 4828 substan·

176 4878 246 4917 mus.
287 4859 351 4915 Jam
373 4874 440 4913 vero
468 4855 621 4928 spiritualis
647 4856 837 4922 manducatio,
863 4866 946 4928 prout
971 4861 1008 4916 ab
1033 4858 1146 4915 tialibus
1170 4858 1243 4910 edite
1266 4873 1300 4911 ac
1326 4857 1416 4911 bibite.
1466 4864 1505 4913 10.
1528 4858 1564 4912 D.
1583 4858 1740 4913 Meutserus
1759 4865 1825 4916 tom.
1843 4864 1869 4914 3.

175 4945 340 5003 adversariis
369 4944 514 5009 definitur,
542 4962 597 4999 uon
617 4943 749 5012 competit
767 4942 897 5014 indignis.
932 4944 1008 5017 Ergo
1035 4946 1105 5015 disp.
1124 4943 1197 5016 Giss.
1216 4944 1287 5014 disp.
1309 4949 1332 5001 6.
1351 4945 1390 4999 th.
1411 4953 1467 5002 111.
1488 4946 1568 5000 addit
1586 4945 1640 5001 hoc
1660 4953 1866 5016 argumentum:

176 5033 351 5090 verbaedite
368 5039 398 5088 et
416 5032 498 5085 bibite
517 5047 573 5086 non
592 5036 708 5099 possunt
725 5029 760 5084 de
779 5030 914 5099 spirituali
932 5050 1007 5088 man·
1035 5031 1128 5088 Relati
1159 5037 1189 5087 et
1213 5031 1341 5086 correlati
1367 5033 1463 5088 eadem
1489 5036 1531 5086 est
1554 5031 1625 5086 ratio
1648 5030 1676 5086 in
1699 5032 1869 5102 proprietate

177 5118 325 5175 ducatione
342 5118 517 5174 etbibitione
535 5114 662 5187 intelligi.
698 5121 724 5172 8.
741 5114 836 5171 Verba
855 5119 936 5185 edite,
956 5120 1008 5172 laec
1035 5117 1244 5189 significationis
1265 5118 1401 5174 vocabuli.
1445 5119 1516 5174 Nam
1542 5124 1622 5186 pater
1649 5118 1760 5187 proprie
1777 5118 1870 5173 dictus

177 5215 217 5260 eat
232 5222 334 5274 empse
351 5221 449 5274 arsam,
467 5203 558 5271 bitrio,
578 5204 629 5257 boe
649 5211 691 5257 eat
706 5203 824 5272 suagros
841 5221 927 5270 messe,
945 5221 1008 5276 pro·
1035 5204 1121 5260 habet
1139 5204 1226 5260 filium
1243 5206 1354 5276 proprie
1370 5205 1484 5271 dictum,
1500 5202 1573 5256 sicut
1584 5204 1670 5274 patris
1681 5205 1870 5275 metaphorice

176 5292 236 5364 pria
265 5290 404 5363 loquendo
435 5308 491 5346 non
520 5296 586 5345 sunt
615 5289 701 5346 verba
725 5289 928 5362 promissionis,
958 5293 1008 5347 sed
1034 5290 1102 5347 dicti
1121 5291 1196 5347 filius
1213 5292 1298 5348 etiam
1316 5288 1501 5361 metaphorice
1519 5287 1628 5344 dicitur.
1670 5291 1760 5362 Atqui
1780 5291 1871 5346 distri·

176 5377 263 5434 verba
286 5376 424 5441 mandati,
446 5375 626 5433 ordinationis
650 5392 684 5431 ac
706 5376 901 5447 dispositionis.
943 5377 1008 5433 dam
1034 5377 1113 5434 butio
1137 5384 1165 5434 et
1189 5376 1312 5448 acceptio
1337 5376 1366 5431 in
1385 5388 1465 5429 sacra
1482 5389 1583 5437 coena,
1607 5392 1679 5447 quae
1697 5376 1817 5433 refertm
1833 5378 1870 5434 ad

177 5482 242 5520 vero
260 5463 331 5519 fides
347 5463 458 5534 proprie
475 5463 589 5536 respicit
606 5464 721 5519 verbum
739 5463 936 5534 promissionis,
952 5461 1008 5518 lide
1035 5463 1277 5521 manducationem
1293 5468 1322 5519 et
1338 5458 1511 5530 bibitionem,
1528 5461 1664 5534 accipitur
1674 5464 1796 5535 proprie,
1814 5482 1871 5523 non

177 5570 211 5610 ea
226 5550 409 5627 neptunus,
427 5566 499 5621 quae
517 5551 724 5622 promittuntur.
755 5549 797 5605 at
816 5566 890 5622 qaae
904 5549 1009 5622 simpli·
1037 5550 1208 5620 modificate,
1231 5554 1266 5606 nt
1284 5548 1406 5606 aaran
1421 5543 1477 5615 ipsi
1492 5547 1653 5607 serenari.
1687 5549 1765 5621 lisga
1785 5550 1871 5608 stiam
