4004 6022
180 285 249 345 ,777
782 268 1289 344 777777777777777777777

186 434 269 489 sime
287 382 430 504 potentiae
446 432 525 487 boc
516 447 607 502 ipsum
626 430 771 501 denegent
806 428 1021 485 ”conusens
1047 424 1198 500 diligenter
1224 425 1327 482 refellit
1349 423 1405 479 Dn.
1432 425 1468 479 D.
1492 422 1640 480 7777777777
1665 430 1732 483 tom.
1762 430 1785 481 3.
1813 426 1888 499 disp.

186 520 303 576 77717777
339 519 376 573 de
411 519 466 573 fide
505 516 703 590 cinerosam}
741 517 781 569 sio
815 515 1020 571 concludimus:
1048 513 1121 571 17777.
1141 513 1210 584 disp.
1231 520 1253 568 7.
1272 513 1342 568 71777.
1362 517 1403 567 20.

189 614 212 663 7.
231 606 261 662 si
279 621 329 676 per
347 604 430 659 fidem
448 604 541 659 anima
558 603 698 657 nostruin
716 601 823 657 coelum
841 602 972 667 71777777,
990 606 1021 656 77
1053 606 1141 667 1,08.
1178 599 1338 669 Videamus,
1359 597 1461 669 quibus
1472 597 1644 670 argumentis
1658 613 1763 669 veram,
1780 601 1887 656 7771777
1901 602 1929 645 17

185 692 260 748 ibi
251 709 281 746 77
306 691 418 746 coelesti
441 707 537 746 mensu
560 706 675 759 corpore
700 695 728 744 et
753 688 890 759 sanguine
918 687 1021 743 Christi
1048 695 1076 743 77
1104 687 1315 742 substantialem
1346 685 1469 757 corporis
1496 684 1639 741 Christi
1631 703 1660 739 77
1688 701 1768 741 77777
1796 667 1930 748 77777777

80 791 83 797 ’
184 778 307 847 fruatur,
334 777 471 848 sequitur,
498 792 559 831 eam
579 774 738 830 fruitionem
765 775 815 830 aut
837 791 897 830 7777
921 773 1020 871 glorio·
1047 774 1231 845 praesentiam
1250 774 1420 845 impugnent.
1446 770 1533 827 Recte
1555 777 1648 827 eutem
1665 779 1759 828 monet
1774 772 1811 828 D.
1828 773 1913 852 Inr-o
1899 771 1929 801 '⁸²

186 882 260 933 7777,
281 870 330 918 777
347 864 505 934 gratiosam.
540 862 604 917 Non
623 861 757 934 gloriosa,
776 860 842 931 quis
861 877 895 915 ea
911 857 1021 931 proprie
1046 861 1172 917 thorus
1165 879 1193 914 m
1220 860 1337 959 77777777
1356 875 1495 931 syngram.
1515 858 1570 914 duo
1587 876 1647 913 esse
1665 860 1816 931 praecipue
1835 861 1885 915 ad·
1899 874 1927 906 s·

186 951 319 1021 competit
335 949 469 1005 ecclesiae
488 947 679 1047 triumphanti,
699 962 755 1000 non
774 946 945 1002 militantil.
959 945 1020 1001 Cor.
1046 949 1230 1005 versariorum
1247 948 1276 1001 in
1295 945 1347 1001 1777
1368 947 1528 1017 quaestione
1545 945 1735 1015 fundamenta,
1752 927 1929 1004 videlicet'⁸¹
1899 978 1928 1008 cs

185 1042 259 1105 3,7
260 1042 316 1093 ..2
357 1037 420 1091 Non
443 1035 581 1106 gratiam,
609 1035 675 1105 quia
698 1034 748 1088 tali
768 1034 925 1104 praesentis
943 1032 1021 1087 Deus
1047 1036 1212 1090 absurditas
1232 1039 1260 1088 77
1278 1034 1360 1087 nulla
1377 1033 1541 1097 necessitas,
1560 1031 1671 1088 ridetur
1691 1034 1764 1088 enim
1781 1018 1929 1090 rationich
1898 1072 1924 1112 ,fl

185 1125 240 1179 ad
238 1141 297 1179 uos
320 1125 349 1178 77
373 1111 461 1177 terras
485 1122 574 1191 77777,
598 1140 653 1177 777
677 1139 728 1176 777
752 1121 789 1175 sd
806 1121 884 1175 illum
903 1119 976 1174 Phil.
999 1125 1020 1188 7,
1047 1123 1168 1194 ipsorum
1194 1120 1279 1191 plane
1307 1118 1458 1174 absurdum
1485 1124 1515 1173 et
1539 1135 1594 1174 nou
1617 1119 1802 1176 necessarium
1826 1125 1884 1176 777-
1897 1133 1929 1174 ss

183 1228 210 1266 7.
232 1216 273 1266 23.
310 1217 331 1266 7.
351 1209 414 1265 Cor.
432 1215 457 1275 7,
475 1226 501 1266 v.
525 1214 563 1264 77.
601 1216 624 1265 2.
648 1207 693 1264 De
709 1207 790 1262 fide
783 1226 811 1262 77
830 1207 937 1261 coelum
956 1205 1020 1261 eub-
1047 1214 1133 1277 tuere,
1152 1224 1252 1277 corpus
1266 1205 1394 1261 Christi'
1386 1222 1415 1259 77
1433 1221 1520 1260 77777
1536 1221 1667 1276 praesens
1686 1220 1761 1275 esse3
1783 1177 1929 1277 quodsi*

184 1297 296 1353 77177777
320 1303 349 1351 et
374 1311 474 1365 corpus
494 1292 596 1348 Christi
614 1294 655 1349 ibi
672 1293 899 1392 apprehendente
915 1293 1020 1347 nullum
1047 1294 1182 1349 rationem
1207 1310 1284 1348 suam
1308 1290 1361 1346 sub
1386 1291 1549 1391 obsequium
1576 1290 1642 1348 fidei
1668 1292 1810 1363 captivare
1829 1293 1885 1347 dis·

184 1382 302 1456 proferri
321 1389 413 1453 potest
432 1380 602 1448 mandatum,
620 1381 698 1435 nulla
715 1379 867 1451 promissio.
902 1380 1021 1450 Aposto·
1049 1386 1150 1449 terent,
1164 1378 1331 1452 jampridem
1350 1378 1437 1433 omnis
1450 1377 1504 1432 hac
1522 1377 1557 1433 ds
1568 1395 1599 1434 re
1610 1379 1797 1434 controversia
1809 1386 1886 1435 77777

186 1473 229 1527 lus
247 1469 341 1540 potius
358 1452 527 1523 7777777777
544 1472 662 1522 testatur
673 1467 752 1524 Rom.
774 1473 813 1537 70,
825 1485 849 1523 v.
865 1472 889 1525 6.
913 1466 1020 1536 &Apo
1048 1467 1147 1538 77777777.
1188 1465 1304 1535 Sernper
1327 1463 1407 1517 nobis
1433 1464 1489 1517 visi
1512 1463 1837 1536 antepenultimam
1855 1466 1886 1521 77

183 1557 271 1612 stolus
296 1555 394 1623 docet,
422 1554 452 1608 in
476 1553 554 1610 coelo
575 1558 746 1607 cessaturam
769 1552 853 1608 fidem
877 1569 910 1607 77
935 1569 1022 1623 spem,
1048 1553 1150 1626 dialog.
1170 1551 1305 1608 71777771.
1323 1551 1398 1606 hum.
1418 1568 1444 1620 p.
1468 1553 1535 1617 127.)
1554 1551 1646 1604 minsas
1664 1569 1748 1620 msam
1766 1571 1824 1622 par
1842 1560 1884 1607 est

184 1644 271 1700 solam
290 1647 382 1698 sutem
399 1641 543 1696 7777777777
562 1640 724 1695 duraturam
743 1646 765 1697 1.
785 1639 846 1696 Cor.
868 1645 912 1707 li,
933 1656 960 1692 u.
982 1644 1019 1695 72.
1047 1657 1161 1711 sapere,
1180 1657 1242 1693 cum
1255 1656 1311 1708 pro
1331 1639 1459 1706 7779777717
1476 1638 1599 1691 absurdo
1619 1654 1653 1691 uc
1669 1638 1769 1692 inutili
1784 1639 1827 1692 sic
1844 1640 1888 1694 ia-

184 1730 327 1785 ambulare
357 1745 407 1781 nos
434 1726 479 1781 1777
506 1743 557 1796 per
582 1725 680 1793 fidem,
705 1725 735 1779 in
761 1726 838 1781 77717
860 1731 953 1780 sutem
971 1743 1023 1796 per
1048 1728 1163 1795 beretis,
1188 1744 1238 1781 nec
1262 1743 1319 1795 pro
1345 1733 1493 1780 commen
1519 1726 1673 1794 quidquam
1696 1724 1816 1778 bebetis
1829 1727 1890 1781 77777

186 1814 307 1886 speciem
339 1819 363 1870 2.
382 1812 444 1869 Cor.
464 1818 495 1876 5,
524 1829 550 1865 7.
579 1818 602 1867 7.
630 1816 660 1866 77
682 1811 765 1882 juxta
792 1811 963 1867 adversarios
992 1811 1020 1866 in
1048 1812 1154 1868 Christi
1172 1813 1201 1867 ni
1219 1812 1310 1888 ῥητὸν,
1327 1813 1378 1867 boc
1396 1819 1437 1865 est
1453 1828 1555 1881 corpus
1566 1828 1664 1866 meum.
1688 1800 1898 1883 7117Ζ7777717777

184 1902 264 1958 77777
288 1899 462 1955 ambulemus
491 1915 543 1969 per
571 1897 662 1953 fidem.
706 1903 731 1955 7.
756 1896 1021 1969 Ρ77177777777777·
1047 1903 1074 1955 in
1097 1900 1159 1955 coll.
1183 1899 1390 1970 Marpurgensi,
1414 1899 1486 1954 7777771
1512 1900 1683 1952 eredendum
1711 1915 1782 1968 esse,
1807 1901 1887 1968 quod

185 2005 249 2044 nem
269 1986 386 2042 77177777·
402 1985 468 2040 7777
486 1984 693 2041 sacramentalis
710 1984 784 2039 inter
800 2000 900 2055 panem
920 1992 1020 2040 77777-
1046 1989 1156 2042 ratione
1178 1987 1377 2057 comprehendi
1397 1992 1530 2054 nequeat,
1557 1986 1624 2054 quia
1642 1986 1722 2038 Deus
1744 2003 1800 2039 non
1814 2004 1886 2055 pro·

184 2093 239 2146 pus
258 2073 367 2143 Christi,
387 2088 460 2142 quae
477 2072 533 2126 duo
554 2071 621 2141 ipsis
641 2070 723 2143 longo
738 2070 859 2126 locorum
877 2071 1020 2127 intervallo
1043 2082 1133 2144 ponat
1154 2075 1232 2128 nobis
1255 2072 1556 2142 incomprehensibilia.
1598 2070 1737 2126 Lutherus
1762 2076 1829 2127 7777.
1857 2079 1884 2130 4.

184 2166 251 2216 7777
274 2158 422 2229 disjuncta.
465 2165 489 2216 b.
515 2156 653 2223 Quamdiu
679 2157 773 2212 anima
794 2162 837 2212 est
861 2158 1021 2229 incorpore
1045 2162 1108 2217 Jen.
1128 2160 1221 2216 Germ.
1241 2177 1268 2230 p.
1289 2165 1347 2215 408.
1373 2174 1437 2213 oum
1454 2157 1507 2227 ipsi
1526 2157 1751 2229 responderetur,
1780 2175 1885 2229 corpus

184 2262 244 2314 suu,
266 2251 343 2302 extra
362 2244 433 2301 illud
450 2262 506 2301 uon
525 2244 652 2316 emigrat,
671 2261 723 2300 nec
740 2250 877 2315 operatur.
912 2245 1020 2299 Absen-
1047 2247 1154 2302 Christi
1176 2247 1345 2300 manducari
1368 2246 1398 2299 in
1422 2262 1510 2299 coena
1535 2247 1618 2299 modo
1636 2245 1885 2314 imperscrutabili,

184 2333 254 2390 tium
288 2331 400 2403 qsridem
433 2349 525 2388 rerum
560 2330 695 2403 imagines
731 2331 785 2386 sibi
816 2330 930 2395 formu,
964 2347 1020 2385 non
1047 2334 1129 2390 dixit:
1149 2334 1303 2403 Egregium
1320 2349 1384 2386 sero
1403 2330 1500 2398 lucem,
1519 2347 1592 2400 777777
1608 2347 1664 2382 non
1682 2337 1789 2384 tantum
1803 2331 1885 2386 turu-

184 2424 280 2476 autem
296 2419 333 2474 ad
350 2417 413 2474 illas
431 2408 580 2491 egreditur'.
616 2423 641 2473 0.
659 2418 760 2473 Mirum
779 2423 829 2486 cst,
849 2422 957 2473 tantam
976 2416 1019 2488 ip·
1045 2422 1090 2475 7777
1106 2421 1186 2474 nobis
1199 2420 1331 2489 praebet,
1351 2426 1381 2471 ut
1398 2417 1555 2484 intelligere
1573 2433 1717 2485 queamus,
1741 2421 1883 2486 qssomodo

184 2523 229 2563 sos
246 2505 356 2562 7777777
375 2504 505 2561 rationali
522 2504 579 2559 77777
596 2503 727 2574 7771777777,
745 2509 776 2558 ut
793 2503 824 2559 77
841 2503 918 2560 77717
932 2509 1019 2558 77777-
1046 2526 1148 2578 corpus
1173 2509 1236 2577 ejus
1260 2508 1291 2559 in
1303 2520 1382 2575 pane
1396 2504 1641 2557 manducarunt*
1676 2503 1882 2576 Argumentum

185 2593 326 2649 mundano
349 2591 424 2647 77777
447 2608 549 2663 corpus
570 2590 673 2647 Christi
690 2597 816 2646 versetur
835 2595 863 2646 et
880 2597 972 2646 temen
990 2591 1019 2645 in
1046 2594 1082 2650 ab
1103 2593 1223 2649 absurdo
1240 2592 1365 2663 superius
1385 2591 1567 2660 excussimus3
1587 2595 1673 2646 restet
1685 2592 1881 2649 excutiendum

185 2677 266 2735 terris
284 2692 384 2748 corpus
402 2694 482 2731 suum
501 2675 584 2731 etism
600 2675 737 2732 informet.
766 2678 814 2731 An
832 2680 1020 2732 7771777777
1046 2682 1122 2752 illud,
1142 2681 1216 2753 quod
1236 2676 1317 2736 7777
1329 2679 1486 2734 necessario
1498 2678 1647 2734 deducunt
1681 2682 1705 2732 1.
1714 2680 1766 2733 Aa
1776 2693 1929 2750 ampuri

186 2769 342 2819 creaturam
367 2761 501 2818 finitum
494 2780 523 2815 77
543 2762 670 2833 pluribus
692 2762 774 2817 simul
794 2763 903 2828 locis,'
896 2781 925 2817 77
941 2762 1019 2820 77717
1047 2769 1153 2825 ebriari
1179 2768 1368 2837 spiritualiter
1392 2766 1607 2836 percipiendum
1641 2764 1791 2836 (inquiunt)
1822 2759 1906 2822 777777Ω
1893 2758 1929 2840 οῗ,

185 2849 267 2907 simul
285 2854 314 2905 et
332 2853 420 2918 terra,
438 2847 592 2903 collocare?
614 2864 680 2901 num
696 2865 764 2919 ergo
782 2846 942 2918 Spirituss.
961 2849 1018 2903 effi·
1045 2874 1114 2925 opus
1137 2863 1177 2908 est
1200 2855 1290 2908 aliem
1311 2870 1394 2924 qucum
1414 2851 1541 2922 σχετικὴν
1560 2858 1586 2903 77
1602 2850 1672 2916 fidei
1686 2853 1880 2920 praesentiam
1892 2854 1927 2944 771

186 2935 264 2993 oflois
288 2935 377 3004 major
401 2941 445 2990 ost
465 2934 495 2988 iu
518 2934 611 2989 771777
628 2932 747 2989 hominis
763 2934 916 3004 peccatoris
936 2951 1018 3006 quam
1045 2950 1177 2997 statuere.
1217 2941 1341 2994 Bbrsstra
1364 2954 1429 2992 uero
1453 2939 1486 2991 id
1509 2937 1653 3006 statuitur,
1683 2940 1764 3008 eujus
1783 2906 1929 3048 77771777ωὲ

186 3020 311 3078 &fissus
345 3023 394 3075 roi
431 3020 531 3091 Λόγου
558 3021 588 3075 in
615 3020 787 3076 777777771777
817 3038 868 3075 suo
897 3037 1018 3091 corpore,
1047 3037 1087 3083 777
1106 3045 1180 3083 mm
1209 3025 1432 3097 Respondemus:
1453 3030 1477 3081 7
1493 3029 1688 3095 argumentum
1706 3023 1760 3080 boe
1774 3009 1929 3083 siirecte‘1¹¹¹
1892 3060 1929 3100 fl„

185 3108 300 3180 quod
292 3125 322 3162 77
351 3104 505 3163 ὑπόστασιν
536 3124 615 3163 susm
650 3108 801 3164 assumsit?
842 3107 916 3162 Vide
941 3107 1018 3162 Frid-
1047 3120 1154 3187 pugnet
1176 3118 1274 3169 777777
1294 3110 1495 3166 institutionem
1514 3109 1662 3178 Christi,
1655 3130 1684 3166 77
1710 3128 1767 3183 qua
1786 3129 1878 3169 77777-
1892 3126 1927 3181 σχ

185 3194 264 3250 Petri
286 3194 315 3249 in
338 3195 458 3265 append·
482 3193 530 3250 lib·
552 3194 587 3249 (10
606 3194 804 3250 &mrim-*³²
837 3195 1019 3266 Argumentis.
1045 3201 1191 3257 mentalem
1209 3198 1450 3253 manducationem
1468 3198 1510 3252 sui
1528 3197 1649 3268 eorporis
1669 3204 1697 3254 st
1713 3198 1878 3255 bibitionem
1892 3191 1929 3284 ἑξ,

186 3298 258 3354 quae
284 3298 318 3337 ex
335 3280 416 3339 Rom.
437 3286 466 3345 8,
492 3297 518 3333 7.
538 3285 580 3337 27.
614 3278 700 3336 Η7177.
724 3286 770 3344 11,
795 3299 821 3336 v.
842 3287 863 3338 7.
882 3288 910 3337 77
927 3299 960 3336 77
980 3282 1019 3336 di·
1046 3288 1088 3342 sni
1108 3286 1251 3358 sanguinis
1270 3285 1397 3341 instituit.
1432 3290 1456 3340 2.
1474 3284 1509 3340 D.
1530 3284 1670 3339 Lutherus
1688 3291 1763 3340 recte
1774 3285 1929 3353 77777771*

185 3367 332 3426 7717777777
355 3367 428 3423 inter
450 3365 532 3421 fidem
550 3383 584 3422 77
603 3383 681 3437 spem
700 3372 814 3437 petunt,
838 3368 867 3421 in
887 3373 965 3422 77777.
984 3367 1019 3421 de
1046 3373 1153 3428 etiamsi
1176 3373 1282 3426 nudum
1306 3370 1498 3426 tanmmmodo
1517 3370 1691 3440 mandatum,
1713 3373 1881 3428 7777707711-

182 3453 382 3526 justificatione
406 3471 424 3509 a
447 3451 528 3508 nobis
553 3460 619 3507 sunt
641 3453 781 3525 exposita,
805 3458 834 3508 et
851 3452 1020 3507 sufficienter
1046 3459 1121 3514 natio
1146 3466 1173 3514 77
1198 3456 1335 3512 institutio
1359 3456 1462 3512 Christi
1491 3458 1526 3512 de
1549 3458 1743 3512 sacramentali
1763 3460 1879 3515 mendu-

184 3541 222 3598 sd
243 3541 293 3596 ills
311 3541 460 3611 respondet
475 3540 510 3597 D.
529 3540 682 3597 Meisnerus
699 3547 770 3611 port·
793 3540 1018 3610 l.s0br·phi10s·
1045 3547 1153 3601 7777777
1179 3561 1213 3600 777
1239 3543 1375 3600 bibitione
1399 3549 1519 3598 exstaret
1541 3543 1601 3597 sine
1626 3561 1755 3615 expressa
1772 3546 1880 3602 7777777

184 3633 251 3684 sect.
276 3633 299 3684 7.
325 3644 349 3684 7.
374 3632 400 3684 2.
424 3644 451 3699 q.
476 3633 499 3683 1.
537 3626 685 3682 Immotum
709 3627 794 3697 igitur
819 3632 937 3698 perstat,
967 3644 1018 3682 neo
1046 3631 1198 3700 7777777777,
1221 3645 1397 3701 nequaquam
1416 3636 1509 3685 temen
1527 3630 1653 3685 77771777
1671 3630 1773 3686 Christi
1792 3632 1880 3690 717777

72 3710 75 3719 ’
183 3714 267 3771 fidem
283 3730 335 3771 nec
354 3713 438 3768 aliam
458 3713 583 3784 quamvis
602 3711 764 3768 relationem
782 3719 918 3785 quatenus
933 3713 1017 3768 telem
1046 3718 1166 3772 dendum
1185 3733 1252 3785 esse,
1272 3715 1409 3787 siquidem
1426 3733 1508 3771 verus
1520 3715 1702 3787 discipulatus
1711 3717 1814 3774 Christi
1826 3719 1880 3777 hoe

184 3799 284 3857 inferro
319 3817 414 3856 ueram
448 3799 596 3855 rslstorum
633 3800 826 3870 praesentium.
880 3800 1016 3855 Nimirum
1043 3823 1061 3860 7
1086 3804 1167 3859 nobis
1194 3802 1326 3876 requirit,
1351 3811 1382 3856 ut
1403 3804 1433 3856 in
1456 3820 1581 3856 sermone
1608 3805 1698 3875 ipsius
1714 3823 1879 3861 maneamus

185 3887 282 3945 relatio
308 3903 327 3942 7
352 3892 450 3941 mutua
478 3891 570 3957 σχέσει
596 3890 625 3942 et
652 3885 829 3955 habitudine,
860 3887 1018 3956 praesentia
1043 3891 1106 3948 Joh.
1126 3896 1155 3960 8,
1173 3908 1200 3947 7.
1220 3896 1261 3947 31,
1277 3906 1370 3944 uocem
1388 3890 1449 3958 ejus
1466 3889 1617 3943 audiamus
1636 3890 1699 3947 Joh.
1721 3897 1766 3961 10,
1791 3911 1818 3950 v,
1836 3900 1878 3950 27.

86 3980 89 3987 '
185 3989 250 4029 uero
273 3973 310 4029 ab
329 3974 434 4030 entium
453 3974 555 4031 unione
573 3979 602 4030 et
618 3973 741 4029 locorum
759 3974 953 4043 conjunctione
971 3975 1017 4030 de·
1044 3982 1141 4034 7777777
1163 3993 1228 4032 7777
1256 3984 1363 4030 omnent
1387 3977 1525 4030 rationem
1550 3979 1600 4030 sub
1625 3978 1784 4047 obsequium
1804 3981 1881 4050 fidei

186 4059 298 4130 pendet
342 4060 448 4126 Quodsi
485 4061 514 4114 in
543 4059 678 4117 relatione
709 4078 773 4115 cum
805 4068 901 4116 mutua
925 4066 1016 4131 σχέσει
1044 4066 1214 4135 captivemus
1238 4068 1262 4118 2.
1282 4062 1344 4117 Cor.
1366 4069 1413 4133 10,
1438 4080 1464 4117 7.
1485 4069 1509 4118 5.
1551 4069 1575 4119 3.
1592 4063 1771 4122 Munduoatio
1792 4066 1878 4122 77177·

184 4153 213 4204 ct
241 4145 406 4203 habitudine
434 4147 538 4204 entium
569 4147 634 4203 unio
663 4153 693 4202 et
714 4147 837 4202 locorum
859 4147 1016 4220 conjunctio
1044 4152 1112 4207 bitio
1139 4150 1344 4206 sacramentalis
1371 4167 1434 4203 cum
1459 4150 1671 4206 manducatione
1694 4157 1722 4207 et
1740 4152 1878 4210 bibitione

184 4231 266 4288 simul
281 4239 442 4299 concurrat,
464 4241 531 4289 tuno
550 4235 662 4289 demum
679 4233 769 4290 relata
786 4234 840 4288 sibi
857 4251 921 4290 vere
938 4252 1016 4306 77777-
1043 4236 1181 4310 spirituali
1206 4252 1263 4290 777
1279 4242 1322 4291 est
1339 4235 1550 4303 confundenda,
1574 4237 1624 4292 ille
1641 4238 1762 4309 pertinet
1780 4241 1817 4294 ed
1836 4257 1878 4296 77-

184 4319 274 4379 sentis
297 4325 326 4375 st
346 4325 412 4375 sunt
435 4327 464 4376 et
487 4321 631 4391 dicuntur3
655 4321 678 4376 77
704 4337 769 4377 vero
793 4320 829 4376 ab
850 4321 899 4376 illa
923 4327 1017 4392 σχέσει
1044 4324 1168 4387 sentam,
1186 4320 1256 4376 haec
1275 4337 1341 4375 7777
1359 4322 1396 4376 ed
1416 4321 1538 4377 fructum
1556 4339 1667 4380 coense.
1698 4332 1721 4381 1.
1737 4324 1879 4383 Salutares

184 4407 289 4464 eutium
305 4407 371 4462 unio
388 4413 417 4462 et
435 4408 557 4464 locorum
573 4408 731 4478 conjunctio
749 4407 836 4474 obsit,
856 4408 944 4464 relata
962 4426 1017 4463 non
1042 4413 1157 4473 fructus,
1176 4425 1245 4481 quos
1263 4424 1327 4463 7777
1345 4407 1384 4478 pii
1403 4425 1436 4463 ex
1455 4427 1508 4463 usu
1527 4427 1629 4467 coenae
1643 4413 1809 4484 percipiunt,
1828 4432 1878 4471 suo

87 4490 264 4564 ¹·¹⁸⁸·sunt‚
293 4509 346 4550 777
373 4494 430 4550 (1777
460 4501 575 4566 possunt
604 4495 770 4565 praeseutia.
805 4496 853 4550 Ad
873 4496 943 4552 17777
960 4496 1016 4552 duo
1043 4502 1214 4569 exponentur
1231 4494 1301 4549 loco.
1336 4494 1391 4549 Du.
1404 4494 1607 4552 Chemnicins
1599 4516 1627 4552 rn
1644 4500 1756 4570 egregio
1773 4501 1879 4572 scripto

183 4581 293 4654 potiore
309 4579 415 4652 effugia
433 4581 516 4636 etiam
533 4582 641 4653 reliqua
657 4582 754 4638 referri
767 4589 892 4654 possunt,
919 4591 1016 4655 utpote
1044 4587 1079 4640 de
1103 4599 1190 4638 coena
1214 4598 1238 4638 c.
1260 4587 1300 4637 71.
1323 4597 1350 4679 p.
1371 4583 1430 4637 762.
1449 4589 1478 4636 et
1496 4599 1573 4655 seqq
1591 4584 1647 4638 late
1666 4584 1794 4655 ostendit,
1813 4587 1878 4643 sub·

184 4668 259 4741 quod
289 4668 401 4735 7177777,
429 4685 530 4737 corpus
556 4666 666 4722 Christi
692 4685 750 4722 csse
774 4671 805 4722 in
827 4688 913 4725 sacra
930 4689 1015 4726 coena
1045 4669 1202 4726 stantielem
1233 4666 1355 4737 corporis
1389 4674 1418 4723 et
1444 4670 1586 4742 sanguinis
1612 4668 1747 4723 Christi
1740 4688 1767 4725 77
1798 4691 1878 4730 sacra

179 4772 318 4826 praesens
343 4754 588 4809 communicatione
617 4755 795 4822 idiomatum,
831 4758 904 4810 sicut
931 4766 1016 4826 7777777
1042 4773 1129 4814 coena
1150 4753 1337 4826 praesentiam
1360 4755 1492 4812 maximas
1512 4756 1645 4828 praebere
1667 4758 1876 4817 consolationes.

187 4850 229 4897 est
253 4857 391 4911 praesens
418 4839 504 4910 pedi,
534 4856 631 4909 nempe
653 4858 710 4910 par
738 4858 906 4896 communem
931 4845 1016 4912 spiri·
1042 4842 1135 4898 Primo
1169 4839 1240 4896 fides
1271 4845 1366 4896 nostra
1392 4842 1476 4898 debet
1503 4840 1709 4914 apprehendere
1734 4845 1874 4902 Christum

184 4933 254 4992 77777
288 4943 348 4982 7777
382 4941 515 4997 premens
547 4925 758 4989 nominetenus,-
792 4943 849 4979 esse
878 4945 1016 4998 7777777777
1043 4930 1124 4984 deum
1157 4933 1185 4982 et
1212 4926 1349 4982 hominem
1372 4929 1401 4983 77
1431 4936 1594 4995 sanatura,
1623 4944 1679 4998 qua
1695 4932 1875 5005 propinquus,

183 5015 317 5068 memorie
345 5028 395 5068 seu
416 5012 627 5080 recordatione,
652 5014 813 5082 affectione,
840 5015 1016 5084 capitatione,
1043 5020 1178 5086 cognatus
1195 5018 1225 5070 et
1240 5013 1327 5070 frater
1345 5022 1439 5072 noster
1455 5021 1506 5085 777,
1524 5014 1582 5069 sits
1594 5015 1675 5080 enim,
1693 5034 1764 5088 quse
1777 5019 1876 5074 divini·

183 5099 431 5168 canmmplationq
461 5113 519 5152 esss
545 5113 686 5166 praesens
710 5100 843 5163 efficacia
867 5103 1017 5154 secundum
1042 5101 1107 5157 tutis
1127 5106 1170 5156 est
1188 5101 1313 5171 proprie,
1337 5103 1365 5157 in
1391 5108 1511 5158 77777777
1530 5117 1613 5157 77777
1629 5104 1732 5158 residet
1748 5111 1776 5159 et
1794 5107 1876 5176 quasi

183 5183 330 5250 7777717777
352 5199 410 5238 csse
425 5198 562 5253 7777777777
579 5182 650 5236 sicut
667 5184 790 5252 77971777
808 5186 837 5240 in
855 5193 1016 5242 testamento
1043 5187 1170 5258 deposita
1192 5191 1243 5244 est.
1283 5187 1355 5254 Quia
1376 5190 1463 5262 igitur
1480 5199 1563 5243 onore
1587 5197 1761 5259 peccatorum
1787 5193 1875 5263 pressi

183 5270 228 5324 ssi
254 5269 325 5324 sicui
353 5271 432 5326 71777
456 5271 567 5325 tradita
595 5270 762 5338 imclligitssr
792 5273 872 5326 tradi
901 5275 1017 5343 domus,·
1042 5288 1097 5329 nou
1127 5290 1273 5345 possumus
1308 5276 1345 5332 sd
1371 5273 1509 5332 Christum
1539 5273 1568 5327 77
1594 5275 1682 5346 gloria
1713 5284 1876 5349 regnantem

184 5372 242 5412 ssse
273 5371 410 5425 7777777777
446 5365 478 5412 ut
510 5357 555 5413 sol
593 5363 634 5413 set
664 5357 695 5410 in
726 5365 805 5423 terra
838 5360 933 5413 radiis
957 5361 1017 5414 suis
1042 5365 1201 5432 penetrare,
1226 5361 1289 5417 ideo
1312 5362 1349 5418 sd
1368 5377 1418 5415 nos
1434 5358 1512 5414 77777
1529 5361 1752 5431 apprehensurus
1771 5379 1821 5418 nos
1842 5381 1876 5421 77

179 5459 334 5514 7777777777,
363 5450 395 5496 st
418 5458 469 5498 rsa
494 5444 525 5497 in
547 5451 603 5499 1717
619 5460 720 5512 regno,
746 5452 777 5498 ut
797 5444 884 5499 barba
901 5447 1017 5501 adorem
1043 5454 1154 5518 7777777,
1177 5464 1234 5520 qua
1256 5449 1342 5505 freter
1361 5441 1454 5500 noster
1472 5451 1528 5515 est,
1552 5453 1581 5502 et
1598 5448 1664 5520 quia
1681 5449 1798 5520 gloriam
1818 5467 1875 5508 ma-

182 5528 344 5598 timditpsr
357 5535 445 5585 777777
456 5531 570 5587 77777777
580 5534 636 5586 777.
645 5545 724 5602 quse
735 5528 829 5586 7777777
838 5532 1017 5605 κρησφύγεια
1040 5533 1151 5606 jatatis
1164 5532 1303 5606 fragilitas
1317 5535 1412 5588 777171
1427 5526 1458 5582 in
1473 5528 1527 5588 1777
1542 5533 1601 5589 vitu
1615 5533 1687 5590 ferre
1702 5551 1759 5592 nou
1774 5543 1877 5609 potest,
