4004 6022
198 130 258 188 cas
789 116 914 176 Locus
931 114 1137 177 monemus
1155 116 1299 175 PRIMUS

194 272 308 346 guium
331 270 455 343 oliuu,
480 272 650 345 muninus
677 274 836 332 eshsfiouis
863 291 931 346 ergo
962 265 1151 347 hasclpotest
1180 270 1367 329 Bellarminus
1404 270 1477 331 hus
1509 268 1687 327 nusum
1714 270 1936 331 mmsis·

97 378 123 420 x,
136 375 184 422 sss.
195 357 336 430 exemplar
374 364 411 415 ·1.
442 364 477 414 m
506 360 714 432 praedications
743 361 881 433 evangelii
907 350 1121 416 ministerlcum
1148 358 1287 428 baptismo
1310 357 1484 428 improbare,
1510 372 1575 412 cum
1597 355 1659 428 ime
1684 357 1786 414 adem
1807 364 1936 415 utamu-

195 447 336 515 lspations
345 445 485 514 scopitur
504 447 568 503 laco
585 445 695 502 Christi
712 455 737 504 2.
758 446 821 503 Cor.
839 455 870 516 5,
896 465 920 501 v.
942 452 983 502 20.
1005 455 1032 499 et
1058 446 1107 503 lib.
1119 452 1145 502 1.
1165 445 1201 500 de
1218 445 1363 500 eucharist
1381 462 1406 500 c.
1420 450 1458 502 13.
1480 446 1506 512 5.
1525 450 1612 515 atque
1630 442 1700 500 haec
1712 444 1839 515 quidem,
1861 448 1910 502 sic

195 533 319 589 homines
349 533 443 587 sabat
474 539 496 589 1.
525 532 597 589 Tim.
632 539 662 601 4,
692 551 718 590 v.
754 539 793 589 16.
819 533 948 587 nimirum
966 532 1194 643 quiaqscrihenst
1219 533 1331 586 Eadem
1355 539 1395 585 cst
1413 531 1489 585 ratio
1508 529 1640 600 baptismi
1658 537 1684 585 st
1701 532 1903 597 eucharistias,

196 619 383 690 evangelium,
411 619 487 689 quod
509 619 667 689 praedicat,
695 626 736 672 est
756 620 886 688 potentia
912 620 972 673 Dei
991 621 1087 673 acl-ut
1115 618 1327 685 Chrysostomuc
1354 619 1434 671 docet
1455 616 1526 671 horn.
1555 620 1582 672 2.
1608 617 1638 671 in
1665 619 1691 673 2.
1713 619 1756 672 ad
1782 618 1857 673 Tine.
1876 627 1903 673 st

194 705 313 758 salutem
332 704 412 759 Rom.
435 709 461 768 1,
481 721 507 759 r.
531 711 574 771 16;
604 705 644 758 sic
667 704 696 759 in
719 705 906 760 celebratione
931 704 1030 759 eucha-
1043 732 1045 751 .
1058 704 1231 772 Aupustinur
1255 722 1278 757 c.
1318 704 1414 757 Utrum
1433 703 1773 760 chaumesiacum.
1811 706 1854 759 At
1871 706 1902 759 iss

195 791 290 846 ristiae
313 790 437 845 minister
461 791 521 844 loco
538 789 641 845 Christi
657 790 797 861 legatione
815 791 956 862 fungitur,
983 791 1030 861 qui
1058 789 1195 858 baptismo
1215 789 1249 842 iri
1264 790 1341 857 quod
1358 794 1565 842 sacramentum
1577 788 1672 857 facit,
1690 806 1746 843 non
1766 798 1834 843 sunt
1851 790 1901 845 lus·

194 878 254 948 ipse
277 875 317 930 ibi
343 875 424 932 adeat
447 883 475 932 et
500 893 550 946 per
570 877 724 931 ministrum
744 876 814 932 haec
832 877 919 932 verba
935 884 1029 932 sonat:
1059 892 1160 929 manac
1176 890 1290 943 preces,
1308 890 1381 943 quac
1395 875 1571 943 praecedunt
1587 874 1633 928 orl
1649 882 1803 943 semmua·
1821 877 1899 938 iata·

194 963 246 1017 hcc
264 970 305 1016 est
321 979 423 1032 corpus
440 979 545 1030 meum,
570 963 621 1015 hoc
631 964 741 1030 jacite,
765 970 794 1017 et
814 981 863 1033 per
882 963 952 1018 illud
971 980 1029 1017 ver·
1058 964 1164 1017 nonan
1181 977 1285 1030 aquas,
1312 961 1365 1014 ssd
1383 959 1438 1014 illa
1456 960 1539 1014 rerba
1558 960 1694 1014 Domini:
1728 961 1853 1031 Boptiso
1870 970 1898 1017 ts

194 1049 261 1104 bum
282 1066 363 1103 suum
388 1048 489 1105 efficax
513 1054 563 1102 est
598 1049 837 1114 Quemadmodum
855 1055 949 1105 autem
966 1066 1030 1105 oon·
1059 1050 1089 1102 in
1110 1047 1222 1102 nominc
1239 1047 1338 1100 Patris
1363 1053 1389 1099 et
1407 1044 1481 1100 Filii
1503 1053 1530 1099 st
1549 1045 1675 1115 Spiritus
1692 1047 1799 1115 saecu,
1825 1064 1899 1117 ques

194 1135 283 1191 versio
313 1141 342 1191 et
372 1134 448 1190 salus
479 1134 621 1190 hominum
650 1152 706 1189 non
738 1134 870 1190 tribuitur
896 1153 1030 1207 personae
1059 1135 1198 1201 dicamur,
1218 1150 1280 1186 cum
1298 1132 1463 1196 infunditur
1479 1121 1556 1201 aqua
1571 1138 1624 1188 etc.
1659 1133 1741 1201 Erpa
1752 1132 1784 1187 in
1797 1133 1899 1188 esscha·

195 1220 329 1284 ministri,
358 1238 409 1277 nec
428 1227 540 1276 externo
558 1220 771 1291 praedicationis
792 1239 873 1291 sono,
895 1222 945 1278 sed
963 1238 1030 1293 qua·
1057 1221 1142 1274 ristia
1164 1221 1198 1274 id
1221 1221 1299 1288 queri
1314 1225 1518 1273 momentum
1536 1218 1622 1286 faci,
1645 1236 1702 1272 nos
1719 1225 1786 1273 sunt
1798 1235 1906 1288 praesc

194 1313 276 1363 tenus
300 1307 415 1363 verbum
437 1306 592 1377 praedicat,
615 1324 665 1376 per
685 1307 760 1377 quod
780 1307 899 1378 Spiritus
917 1314 1029 1362 sanctus
1058 1307 1209 1373 humanas,
1237 1307 1290 1358 esd
1318 1305 1431 1358 verbm
1462 1304 1583 1359 Domini
1589 1321 1596 1357 s
1635 1304 1698 1358 Hoc
1727 1313 1770 1358 est
1794 1322 1898 1375 corpus

194 1392 345 1449 efficaciter
365 1397 509 1463 operatur,
537 1392 577 1448 its
598 1409 710 1464 quoque
732 1410 788 1447 non
807 1393 931 1449 minister
949 1393 1030 1448 homo
1058 1411 1159 1456 meam,
1185 1391 1230 1445 hic
1254 1399 1292 1445 cst
1314 1391 1431 1458 sanquis
1451 1394 1503 1446 etc.
1539 1390 1658 1445 Possent
1674 1388 1798 1462 denique
1814 1389 1896 1448 beus-

194 1496 245 1534 sua
271 1478 477 1535 consecratione
501 1489 529 1533 et
553 1479 745 1535 benedictione
769 1496 871 1549 panem
888 1486 917 1535 et
935 1481 1028 1534 vinum
1058 1478 1193 1533 dictiones
1212 1477 1350 1533 variarum
1368 1481 1556 1532 creaturarum
1570 1475 1634 1545 olei,
1647 1475 1722 1540 salis,
1742 1483 1897 1549 squmctu

194 1566 264 1620 facit
281 1581 382 1635 corpus
400 1570 428 1618 et
445 1564 607 1636 sanguinem
626 1565 737 1631 Christi,
756 1567 804 1621 sed
827 1565 887 1636 ipae
904 1565 1029 1621 Christus
1057 1564 1086 1618 iu
1117 1570 1222 1634 papatu
1249 1563 1367 1618 usitstae
1395 1562 1457 1618 loco
1479 1561 1628 1617 instantiae
1652 1560 1824 1618 Bellarmiuo
1848 1580 1895 1635 op-

193 1650 278 1707 rerbo
302 1668 353 1706 suo
375 1650 404 1704 in
424 1650 476 1705 hec
494 1651 603 1705 actione
621 1651 701 1707 adest
718 1658 747 1706 et
764 1652 945 1707 institutionis
963 1669 1029 1707 suae
1057 1650 1137 1721 poni,
1157 1666 1230 1721 quae
1252 1667 1286 1705 ex
1304 1648 1392 1720 ipsius
1409 1646 1557 1718 hypothesi
1574 1663 1628 1703 nee
1645 1655 1712 1704 sunt
1727 1649 1824 1706 nudae
1841 1650 1895 1722 sig·
1915 1684 1918 1691 ·

194 1737 292 1805 verbo,
310 1735 385 1807 quod
400 1752 450 1807 per
471 1754 501 1791 os
519 1736 636 1792 ministri
653 1738 861 1808 pronuntiatur,
879 1737 979 1802 efficit,
997 1746 1029 1792 ut
1057 1735 1229 1791 nificationes
1255 1752 1308 1792 nec
1337 1734 1499 1790 essentiales
1528 1740 1684 1791 crsaunsn
1709 1735 1894 1806 mutationem

194 1822 274 1893 panis
301 1822 337 1876 sit
361 1822 447 1892 ipsius
470 1839 571 1892 corpus
594 1829 623 1878 et
648 1825 779 1895 poculum
800 1824 888 1894 ipsius
907 1825 1028 1896 sanguis,
1057 1823 1105 1877 sed
1124 1821 1247 1877 contenti
1266 1821 1368 1877 erimus
1385 1820 1518 1891 exemplis
1538 1819 1652 1892 abipso
1671 1821 1779 1891 Spiritu
1796 1827 1894 1879 sancto

194 1925 268 1981 quae
292 1915 357 1963 sunt
378 1909 464 1964 rerba
481 1908 635 1965 Chemnicii
657 1911 718 1966 loco
736 1912 817 1967 dicto.
854 1912 932 1967 2.1n
950 1913 1028 1968 abso·
1057 1908 1215 1963 monstratis
1234 1912 1263 1962 et
1279 1907 1425 1979 analogice
1441 1907 1497 1961 huc
1515 1906 1738 1964 accommodatis.

194 1997 299 2051 lutione
324 1994 449 2050 minister
479 2012 534 2050 nou
563 1997 652 2050 solum
680 1997 803 2052 declarat
827 2006 855 2053 et
881 1998 1029 2070 significat,
1093 2001 1150 2050 155.
1174 1994 1250 2066 Ergo
1276 1993 1346 2048 nihil
1366 1992 1451 2048 habet
1468 1992 1671 2059 Bonamicus,
1694 1994 1771 2065 quod
1793 1995 1823 2050 in
1842 2006 1936 2058 nsi-Qu

194 2081 262 2153 quid
288 2080 352 2145 fiat,
380 2081 430 2136 sed
457 2080 595 2135 absolutio
621 2089 665 2137 est
689 2082 787 2137 efficax
815 2084 951 2153 medium,
979 2103 1029 2157 per
1056 2087 1113 2135 stra
1136 2080 1172 2135 de
1195 2080 1401 2136 consecratione
1423 2079 1550 2134 doctrina
1570 2079 1635 2149 jure
1652 2068 1936 2152 desiderare-posti:

194 2167 270 2239 quod
293 2166 420 2222 Christus
442 2166 551 2222 confert
571 2184 633 2223 vere
651 2170 856 2239 poenitentibus
874 2170 949 2242 quod
967 2190 1028 2243 pro-
1056 2167 1104 2236 sit,
1137 2182 1188 2222 nos
1220 2171 1313 2222 autem
1342 2166 1372 2221 in
1390 2165 1597 2222 consecratione
1626 2163 1774 2222 Pontificis
1803 2162 1936 2254 nnlugg

193 2254 284 2321 misit3
313 2270 365 2309 nec
389 2259 512 2323 potestas
536 2253 656 2308 clavium
678 2254 707 2308 in
731 2256 808 2310 nuda
827 2256 1029 2328 significatione
1055 2252 1252 2320 desideramus,
1273 2257 1370 2322 utpote
1390 2251 1497 2323 Lquod
1513 2255 1646 2320 statuam,
1659 2268 1716 2320 per
1730 2269 1892 2308 sacrasan-
1903 2274 1936 2306 ns

193 2339 333 2404 consistit,
352 2338 401 2395 sed
420 2339 595 2395 annuntiatio
610 2340 659 2395 illa
669 2342 837 2397 remissionis
850 2349 1028 2413 peccatorum
1055 2348 1112 2394 tum
1141 2339 1252 2393 ordinis
1282 2339 1312 2393 in
1339 2338 1436 2392 anim
1460 2340 1618 2394 suadetis
1646 2341 1765 2395 causari
1791 2351 1930 2396 novaram

192 2427 295 2481 virtute
312 2425 432 2496 Spiritus
457 2445 478 2479 s.
498 2425 599 2481 efficax
617 2433 674 2493 est,
697 2428 745 2499 qui
763 2427 840 2483 illam
860 2428 955 2497 offert,
980 2446 1028 2499 ap·
1056 2427 1200 2495 qrsandam
1220 2424 1400 2493 spiritualem
1416 2432 1595 2494 potestatem,
1619 2443 1676 2496 per
1696 2445 1781 2498 quana
1798 2443 1891 2482 cacan

192 2511 279 2583 plicat
296 2517 325 2567 et
341 2511 471 2581 obsignat
487 2526 553 2565 vere
571 2511 778 2581 poenitentibus
796 2520 825 2568 et
842 2513 1027 2585 credentibus;
1056 2514 1109 2565 dos
1133 2512 1184 2574 fias
1206 2511 1310 2565 haidis
1327 2513 1368 2565 ad
1386 2512 1590 2577 conficiendam
1606 2513 1823 2583 cucharistiam,
1849 2512 1892 2568 ita

192 2597 303 2653 iuterim
326 2603 420 2652 manet
449 2597 592 2651 immotum
619 2597 768 2654 discrimen
795 2599 868 2654 inter
893 2600 1029 2656 remissio·
1055 2599 1182 2667 qssidsrn,
1210 2606 1241 2651 ut
1269 2598 1331 2652 sins
1361 2597 1416 2652 illa
1444 2597 1525 2653 asello
1555 2599 1639 2652 mado
1667 2599 1768 2666 confici
1788 2599 1893 2668 possit

193 2701 257 2737 nrm
277 2682 331 2738 Dei
358 2687 387 2737 et
405 2681 570 2746 sacerdotis,
595 2682 669 2738 solus
687 2682 765 2739 Deus
782 2684 898 2738 remittit
913 2693 1029 2755 peccata
1056 2682 1240 2739 Bellarminus
1252 2682 1300 2739 lib.
1312 2690 1336 2739 4.
1350 2683 1385 2738 de
1398 2682 1509 2740 eucher.
1521 2699 1545 2738 c.
1559 2689 1598 2739 16.
1612 2686 1637 2753 5.
1650 2685 1804 2739 secundum
1815 2684 1891 2755 prin·

193 2767 384 2839 principaliter
396 2774 426 2823 st
437 2767 626 2838 αὐτεξουσίως,
644 2775 724 2826 utens
738 2770 881 2826 sacerdote
894 2776 1028 2843 tanquam
1055 2770 1172 2841 cipium:
1205 2770 1243 2823 la
1263 2771 1344 2840 csrjus
1362 2771 1514 2840 potestatis
1533 2777 1689 2840 perpetuas
1711 2771 1824 2840 aarum
1841 2771 1893 2825 ira·

194 2855 319 2909 ministro
344 2861 373 2910 et
392 2871 529 2926 praecone
548 2855 735 2911 remissionem
749 2855 906 2912 hominibus
923 2875 1028 2929 annun-
1053 2858 1195 2927 primatus·
1220 2857 1367 2911 character
1390 2856 1507 2926 quadam
1527 2856 1695 2912 indelebilis.
1731 2854 1812 2912 Idem
1828 2855 1894 2915 libr.

194 2942 295 3011 fiante,
321 2949 354 2997 ut
375 2943 546 2999 ostendimus
570 2950 651 3001 tract.
677 2944 713 3000 de
731 2945 902 3015 poenitentia
924 2948 950 3014 5.
971 2953 1028 3005 112.
1055 2943 1090 2999 de
1123 2958 1238 3000 sacram.
1268 2940 1372 2997 ordinis
1398 2959 1422 2997 c
1450 2947 1491 2998 10.
1516 2944 1542 3011 5.
1578 2942 1642 2998 Jarn
1665 2958 1744 3007 soro,
1772 2942 1809 2997 de
1836 2958 1893 3014 qus

193 3028 232 3082 sic
250 3028 375 3083 minister
390 3029 420 3083 in
438 3029 624 3086 celebratione
642 3030 824 3087 eucharistiae
842 3049 898 3087 non
920 3037 1027 3088 tantum
1054 3028 1190 3101 spirituali
1209 3033 1348 3099 potestate
1366 3031 1539 3084 sacramenta
1554 3027 1713 3083 conferendi
1730 3033 1807 3084 recte
1825 3028 1893 3083 scri·

193 3113 346 3186 significat,
370 3114 510 3171 Christum
531 3134 582 3172 suo
599 3133 714 3188 corpore
731 3122 905 3189 praesentem
922 3120 1028 3186 adesse,
1055 3117 1097 3172 bit
1124 3115 1187 3170 libr.
1213 3120 1236 3170 1.
1267 3115 1303 3171 de
1330 3121 1402 3186 grat
1429 3119 1458 3171 et
1475 3113 1533 3180 lib.
1555 3112 1670 3168 arbitrio
1689 3130 1712 3169 c.
1734 3119 1774 3170 11.
1794 3118 1821 3185 5.
1841 3115 1916 3171 sed·

193 3202 242 3257 sed
260 3200 386 3257 Christus
404 3219 455 3272 per
473 3218 503 3257 os
522 3203 639 3258 ministri
657 3204 773 3259 verbum
789 3204 970 3261 institutionis
986 3224 1027 3262 re
1053 3202 1165 3258 faciles:
1201 3200 1284 3264 Quod
1307 3203 1345 3256 sit
1366 3201 1477 3256 occasa
1500 3209 1526 3254 et
1547 3200 1645 3271 patim
1664 3207 1743 3268 assat
1759 3201 1830 3267 fids,
1860 3209 1891 3256 at

192 3288 272 3359 petit,
290 3305 341 3359 per
359 3289 433 3358 quod
452 3296 567 3345 externa
583 3289 711 3361 symbola
729 3291 851 3362 corporis
872 3297 900 3348 et
917 3293 1029 3364 sangui·
1054 3291 1188 3344 crsdatur
1205 3289 1303 3354 inesse,
1323 3305 1407 3357 quam
1425 3295 1457 3340 at
1473 3289 1539 3357 ipsa
1550 3288 1639 3356 fidens
1656 3286 1726 3343 aliis
1742 3288 1825 3341 rcbsss
1842 3290 1890 3351 fa·

192 3374 236 3428 nis
262 3373 305 3428 sui
334 3373 517 3430 distribuendi
549 3392 655 3446 organa
685 3375 756 3431 facit
780 3393 813 3431 ac
840 3393 891 3448 per
916 3395 1027 3434 manum
1054 3376 1118 3430 ciat.
1159 3378 1187 3431 2·
1217 3373 1301 3437 Quod
1323 3373 1501 3427 ‘emm
1525 3372 1650 3427 minimi
1671 3390 1727 3428 Μ
1750 3373 1844 3428 tolum
1858 3375 1892 3429 sb

193 3460 310 3515 ministri
327 3477 429 3531 panem
448 3460 670 3532 eucharisticum,
690 3463 738 3534 qui
757 3470 800 3519 est
817 3472 951 3520 κοινωνία
969 3483 1027 3521 cor·
1053 3476 1152 3532 cenare
1165 3459 1316 3529 faciendi,
1340 3461 1419 3528 quod
1436 3459 1511 3524 savii
1528 3458 1662 3527 θθθῑθθῖῦ,
1689 3461 1742 3514 Μ
1760 3459 1845 3515 Μ*
1859 3460 1890 3515 3¹⁸

192 3546 282 3616 poris,
307 3551 337 3601 et
361 3547 457 3600 vinum
480 3547 708 3616 eucharisticum,
737 3549 812 3620 quod
836 3556 879 3605 est
895 3558 1027 3607 κοινωνία
1053 3548 1145 3619 specis
1174 3546 1342 3613 corfidon&
1371 3545 1573 3600 mhafflit'ssm
1596 3545 1707 3614 muniri
1731 3547 1774 3599 Μ
1796 3561 1890 3600 wm-

192 3630 349 3702 sanguinis,
376 3631 530 3698 distribuit3
557 3633 667 3687 interim
692 3640 785 3689 tamen
808 3636 884 3691 solua
903 3636 1027 3692 Christus
1053 3634 1218 3702 manno,
1248 3631 1363 3696 docent,
1386 3631 1571 3688 Bellarminus
1596 3630 1645 3686 lib.
1672 3636 1694 3687 1.
1721 3631 1757 3686 de
1775 3647 1890 3689 sacrm.

192 3716 288 3771 divina
315 3734 367 3772 sua
391 3718 494 3772 virtute
514 3725 544 3773 et
560 3719 761 3790 omnipotentia
780 3722 903 3793 eorporis
920 3730 950 3779 et
965 3741 1026 3779 san·
1053 3736 1076 3776 c.
1096 3725 1138 3774 27.
1165 3725 1249 3788 atque
1274 3717 1348 3771 hanc
1371 3716 1554 3773 intentionem
1576 3716 1749 3773 constituunt
1776 3733 1890 3775 cuum

190 3803 283 3875 guinis
308 3804 351 3858 sui
376 3806 405 3859 in
430 3821 516 3860 coena
535 3821 585 3859 nos
607 3805 758 3877 participes
774 3806 849 3863 facit
885 3815 908 3864 3.
926 3810 960 3865 In
976 3811 1026 3866 ba·
1053 3804 1225 3860 sacramenti.
1266 3806 1293 3861 3.
1316 3802 1399 3866 Quod
1421 3803 1512 3858 vtrbt't
1529 3803 1746 3858 emmim&
1763 3803 1890 3858 tribum

191 3888 293 3960 ptismo
318 3890 443 3945 minister
473 3906 529 3944 non
559 3891 648 3945 solum
678 3891 818 3962 significat
841 3901 869 3948 et
894 3895 1025 3965 declarat,
1053 3894 1181 3946 mrtsstem
1198 3892 1343 3960 mundam
1361 3896 1503 3958 mmmm,
1529 3906 1602 3959 quae
1618 3888 1655 3942 ss‘t
1672 3890 1891 3945 commotionis

191 3973 261 4046 quid
287 3974 350 4041 liat,
379 3975 428 4031 sed
454 3992 504 4046 per
528 3976 737 4047 adspersionem
761 3995 852 4049 aquae
869 3980 954 4035 verbo
972 3982 1026 4035 Dei
1054 3979 1180 4048 effectiva
1200 3994 1255 4048 per
1282 3977 1393 4030 medum
1418 3992 1521 4030 casuue
1546 3976 1776 4034 instrumentalis.
1817 3975 1889 4032 Tho·

191 4059 380 4116 sanctificatae
402 4061 505 4118 factam
529 4064 558 4118 in
575 4063 686 4118 nornine
705 4064 810 4136 Patris,
834 4065 898 4120 Filii
917 4072 945 4122 et
966 4067 1026 4139 Spi-
1053 4080 1113 4120 mas
1138 4069 1211 4136 part.
1234 4068 1259 4119 3.
1281 4080 1308 4134 q.
1328 4068 1369 4119 78.
1387 4068 1440 4121 art.
1458 4069 1482 4119 l.
1500 4062 1575 4119 unde
1592 4068 1733 4132 stetunnt,
1759 4064 1890 4119 venans

191 4144 260 4203 ritus
282 4147 372 4201 sancti
396 4147 556 4217 baptizatus
580 4166 645 4205 rere
664 4155 693 4204 et
711 4149 862 4207 efficaciter
881 4168 1027 4224 regenera-
1054 4149 1272 4205 emanationis
1297 4163 1357 4202 csse
1376 4148 1484 4216 partim
1502 4149 1532 4203 in
1549 4150 1709 4218 sacerdus,
1730 4150 1841 4219 partios
1860 4150 1890 4204 ia

191 4237 250 4297 tur,
279 4239 441 4298 renovatur,
464 4233 569 4303 Spiritu
595 4241 692 4291 sancto
710 4237 830 4292 donatur
848 4243 899 4293 etc.
917 4239 1027 4295 interim
1054 4237 1125 4308 ipsis
1159 4235 1259 4289 neec.
1312 4233 1446 4290 5011θί1ιὸ8
1482 4241 1508 4290 4·
1544 4241 1614 4292 sent
1652 4235 1715 4292 dish
1751 4240 1775 4292 8·
1807 4243 1837 4293 ot
1865 4241 1889 4293 ⁹.

190 4324 284 4374 tamen
308 4335 361 4374 nec
384 4336 458 4391 aqua
480 4320 508 4375 in
530 4320 661 4377 virtutem
682 4322 803 4392 Spiritus
820 4329 1027 4393 transmutatur,
1054 4330 1078 4378 1.
1107 4323 1190 4386 Quod
1213 4323 1338 4376 nondum
1362 4322 1434 4375 certi
1459 4329 1523 4376 suast
1548 4325 1584 4377 de
1605 4323 1697 4378 verbis
1718 4323 1890 4390 soranals'bus

190 4420 243 4459 nec
262 4405 436 4477 regeneratio
460 4405 565 4461 viribus
590 4406 707 4462 hominis
731 4408 866 4480 efficitur,
893 4411 943 4467 sed
966 4412 1027 4469 Deo
1054 4408 1280 4466 commoneris.
1315 4406 1499 4464 Bellarmiuua
1518 4408 1566 4466 lib.
1584 4416 1608 4465 4.
1629 4410 1664 4465 de
1682 4409 1888 4466 euchar.c.15.

191 4507 243 4560 per
266 4491 422 4546 ministrum
439 4493 566 4561 operanti
586 4492 616 4547 in
637 4493 755 4548 solidum
778 4495 959 4569 relinquitur3
987 4500 1026 4556 sic
1053 4501 1136 4553 vocat
1159 4494 1212 4551 hoo
1233 4494 1439 4549 croesissimum
1456 4497 1646 4560 mendacium
1672 4513 1735 4551 cum
1752 4497 1783 4550 in
1802 4497 1889 4550 omni

191 4575 221 4631 in
247 4577 433 4634 celebratione
465 4577 648 4634 eucharistiae
678 4580 803 4636 minister
835 4599 890 4637 non
917 4591 1026 4642 tentum
1054 4583 1103 4636 bus
1118 4581 1279 4636 missalibus
1296 4581 1388 4635 literis
1405 4584 1516 4652 marnis
1535 4591 1562 4639 et
1581 4601 1665 4653 saepe
1681 4581 1889 4637 ruhrssasscri·

191 4663 330 4734 significat
353 4662 477 4734 eorporis
498 4668 529 4718 et
550 4664 694 4736 sanguinis
713 4665 816 4726 Christi
834 4671 1027 4738 praesentiam,
1053 4671 1155 4723 bantur
1179 4669 1266 4723 rerba
1283 4655 1516 4740 consecrationis,
1540 4679 1572 4725 ut
1588 4687 1668 4725 nemo
1684 4669 1739 4724 illo
1756 4670 1890 4739 iqncrurs

190 4751 240 4805 sed
262 4766 314 4820 per
337 4748 454 4805 verbum
477 4749 657 4805 institutionis
682 4768 729 4806 ore
752 4752 870 4808 ministri
889 4756 1026 4825 prolatum
1049 4755 1149 4825 pouit.
1192 4753 1282 4824 Atqui
1308 4771 1416 4810 summa
1438 4756 1576 4829 Angelius
1599 4757 1627 4810 in
1650 4755 1724 4812 verb.
1744 4755 1890 4813 eucharist.

191 4843 220 4889 et
265 4855 315 4908 per
359 4835 581 4891 distributionem
625 4841 799 4894 externorum
837 4841 1027 4911 symbolorum
1054 4840 1177 4896 membro
1207 4847 1230 4894 1.
1259 4857 1287 4911 q.
1317 4845 1360 4897 21,
1383 4858 1417 4898 ex
1440 4841 1524 4898 Sento
1551 4839 1690 4909 disputat:
1725 4843 1804 4897 Licet
1829 4842 1890 4896 alia

190 4938 274 4977 manu
301 4923 420 4978 ministri
448 4922 552 4976 factm
578 4921 703 4979 Christus
728 4941 795 4981 rere
816 4925 916 4983 efficax
941 4934 982 4983 est
999 4933 1027 4983 et
1053 4927 1137 4980 verbo
1167 4944 1223 4982 non
1248 4926 1305 4981 sint
1332 4929 1369 4981 ds
1395 4926 1552 4983 subacntia
1579 4928 1693 4990 sorraco
1721 4946 1807 4998 marn
1827 4928 1890 4996 silo,

191 5024 292 5078 corpus
314 5025 348 5065 ec
368 5007 532 5080 sanguinem
552 5024 632 5062 suum
650 5011 917 5068 communicantibus
935 5013 1026 5068 distri·
1054 5013 1105 5066 hoc
1129 5020 1172 5068 est
1191 5031 1292 5084 corpas
1309 5031 1410 5077 measa,
1434 5022 1528 5069 tanuen
1541 5013 1738 5081 presbyterum
1755 5015 1891 5070 Mers

190 5093 265 5163 huit3
290 5093 399 5150 iuterim
421 5101 516 5151 tamen
532 5110 584 5149 neo
601 5099 715 5151 externa
732 5097 860 5167 symbola
879 5099 908 5154 in
927 5088 1229 5171 corpus!soiursmodo
1247 5103 1390 5170 praefata
1411 5099 1496 5155 ruia
1518 5115 1603 5167 asper
1623 5116 1729 5169 passm
1752 5120 1809 5157 non
1828 5119 1891 5158 con·

191 5186 221 5236 et
251 5180 415 5250 sangninem
443 5181 545 5237 Christi
571 5186 806 5247 transmutantur,
838 5201 891 5240 uec
917 5183 1028 5240 Christo
1053 5201 1183 5255 sacrare,
1211 5203 1275 5240 eum
1300 5188 1336 5240 cle
1356 5183 1519 5253 menime
1543 5186 1719 5254 recurratur,
1752 5196 1783 5242 ut
1800 5189 1891 5258 cupri·

191 5283 258 5321 suus
278 5264 365 5319 honor
382 5272 412 5320 st
427 5267 515 5323 virtus
532 5268 636 5338 divina,
655 5286 711 5341 qua
727 5269 788 5325 sola
804 5286 904 5342 corpus
921 5277 951 5327 et
965 5289 1027 5328 ssu·
1053 5278 1167 5326 mantus·
1183 5271 1285 5340 aliqua
1302 5272 1401 5338 mbo,
1420 5284 1455 5324 ss
1469 5269 1569 5338 quihus
1584 5271 1726 5338 pracfm
1742 5275 1828 5328 mbo
1847 5292 1891 5328 so-

191 5353 304 5424 guiaem
330 5368 411 5407 suum
441 5355 599 5423 praeseutia
624 5354 706 5424 issit,
741 5355 882 5413 sdimitur.
929 5357 1029 5429 Neque
1054 5357 1197 5413 cannono
1224 5356 1446 5411 crusnam
1468 5356 1510 5407 ad
1534 5370 1637 5423 corpus
1660 5353 1781 5421 Uicini,
1821 5361 1892 5415 simut
