3998 6024
559 169 562 177 '
666 221 667 227 Ν
772 188 824 244 nn
843 186 1035 245 aeonasm.
1694 197 1754 254 eea

54 364 120 402 nasu
137 346 225 402 inisse
245 346 355 410 seimus,
374 344 424 400 sed
442 344 517 416 qnod
537 348 631 415 partes
649 344 793 399 ministerii
805 343 891 398 eccle·
956 348 1013 399 212.
1048 341 1098 399 Vl.
1126 343 1352 397 Nouatinnomsm
1382 359 1464 396 error
1487 342 1660 412 praecipuus
1688 341 1885 435 eratffiffi

55 433 162 488 sastioi
189 432 242 487 sibi
268 431 454 502 arrogaverit,
486 429 617 485 Coohlaei
645 437 688 484 est
711 429 894 489 mendacium,
921 447 976 482 non
991 446 1050 483 esse
1061 429 1091 481 in
1104 429 1224 482 ccclesia
1235 436 1402 497 potestatem
1415 429 1622 482 reconciliandi
1633 429 1758 482 bominac
1771 446 1882 487 merosus

56 520 133 590 qnod
146 517 330 573 Bellarminus
351 517 403 572 hoe
422 517 482 570 loco
500 516 609 586 repetit,
628 516 675 586 qui
699 516 781 587 longe
794 515 896 571 rectius
923 517 987 569 Deo
1005 516 1062 568 nisi
1074 532 1128 584 per
1147 516 1327 584 baptismum,
1353 523 1453 585 postea
1472 517 1556 568 enam
1574 514 1758 582 addiderunt,
1808 501 1812 512 ¹

57 604 185 670 iecisset,
204 603 228 657 si
245 602 381 658 Jobannis
401 602 500 657 Octavi
519 603 648 672 papissae
667 620 700 657 ex
721 601 825 672 Anglia
844 599 896 654 ori·
922 617 978 652 non
1002 609 1131 668 oportere
1161 602 1316 668 baptizatos
1343 601 1439 668 inunpi
1464 602 1612 653 chrimate
1639 602 1675 652 ab
1701 601 1759 670 cpi·

58 689 275 744 undae·memor
295 689 331 743 ab
353 689 406 743 hac
423 688 563 742 calumnia
581 687 769 742 abstinuisset.
922 703 1006 754 scopo
1025 687 1165 748 referente
1179 686 1354 738 Tbeodcreto
1373 685 1420 741 lib.
1438 690 1465 738 3.
1484 688 1519 738 dc
1536 686 1640 739 basset
1653 687 1720 753 sab.
1733 693 1759 739 st

10 782 44 823 cn
94 781 154 831 211.
190 775 226 832 V.
256 777 379 829 Procius
407 775 566 828 haereticus
595 775 675 841 apud
704 772 896 841 Epiphaniam
924 770 1055 825 Consilio
1074 788 1156 839 papa
1174 773 1255 840 opud
1274 772 1425 824 Eusebium
1443 773 1491 825 lib.
1510 777 1535 827 b.
1554 790 1577 827 c.
1597 774 1642 828 33,
1683 771 1760 834 Quas

11 836 39 877 η’
57 863 168 917 boenes
195 864 237 915 64.
273 861 398 928 dicebat,
428 867 573 928 peccatum
599 860 635 911 in
654 859 762 912 renatis
789 873 898 927 semper
923 857 1060 910 sententio
1074 875 1131 925 pro
1146 858 1247 925 priore
1262 866 1348 925 parte
1366 866 1406 910 est
1430 858 1673 926 Uolsiniensem,
1692 859 1760 925 quia

57 949 168 1014 mnerc,
198 947 451 1015 concupiscentiam
479 945 551 998 enim
578 961 640 998 vere
666 961 724 997 esse
742 952 898 1012 peccatum,
927 943 1061 997 Caluinus
1087 944 1136 996 lib.
1159 948 1182 998 4.
1207 946 1292 999 instit.
1317 962 1339 1001 c,
1366 947 1407 996 19.
1430 941 1458 1015 ξ
1483 947 1521 996 17.
1544 945 1626 1012 dicit,
1651 944 1758 996 nullum

57 1050 109 1087 nec
140 1033 207 1086 tolli
228 1049 285 1100 per
312 1033 492 1101 baptismum,
525 1033 577 1084 sed
602 1031 695 1100 sopiri
718 1044 775 1098 per
805 1030 898 1096 sidem,
925 1044 984 1081 esse
1004 1030 1192 1096 poenitentiae
1223 1038 1427 1082 samantentum
1450 1038 1565 1098 praeter
1588 1030 1762 1098 baptismum,

58 1120 137 1188 qnod
175 1119 249 1171 mem
278 1125 379 1185 postea
412 1118 567 1170 docueremt
597 1116 770 1170 Messabioni
800 1115 898 1167 baere-
924 1130 959 1165 ac
977 1115 1118 1182 improbat
1138 1115 1242 1167 dictum
1260 1115 1435 1182 Hieronymi,
1453 1116 1711 1182 msoclpoenitentiu
1726 1116 1762 1167 sit

57 1204 110 1256 tici
144 1205 226 1272 apisci
257 1203 462 1256 Theodoretum
491 1202 556 1257 libr.
585 1205 609 1255 i.
638 1203 675 1254 ale
702 1201 807 1255 beteret.
837 1200 898 1263 fob.
924 1201 1049 1252 secundo
1066 1208 1132 1268 post
1147 1201 1333 1267 naufrapium
1353 1201 1458 1254 tabula.
1494 1201 1554 1253 Pro
1572 1202 1663 1254 alteru
1678 1209 1762 1269 parte

58 1289 141 1342 Haec
166 1297 207 1342 est
235 1289 376 1357 ipsissimo
407 1289 545 1341 cententio
568 1287 686 1340 Lutberi
713 1287 794 1340 artie.
817 1289 843 1339 2.
874 1294 898 1339 et
926 1295 965 1338 est
994 1285 1115 1339 omnium
1140 1287 1379 1353 Lutberanorum,
1409 1288 1476 1355 quia
1506 1287 1645 1340 bultem
1668 1288 1762 1356 rejicit

58 1378 105 1428 31.
143 1382 226 1444 atque
267 1376 298 1428 in
342 1382 439 1430 asseri.
479 1374 592 1428 illosum
628 1373 793 1439 articulum,
833 1373 898 1425 item
921 1373 1124 1440 poenitentium
1144 1388 1177 1424 en
1195 1390 1308 1426 nunuro
1325 1380 1571 1427 sacramentorum.
1600 1374 1762 1443 Responde·

58 1461 193 1530 Pbiiippi
220 1461 414 1515 Melantbonis
440 1461 470 1512 in
493 1459 550 1514 loc.
571 1477 664 1514 comm.
690 1476 752 1526 cop.
779 1459 814 1510 ds
833 1474 898 1525 pec·
926 1476 1000 1512 mus:
1029 1458 1209 1512 abstersimns
1228 1458 1300 1512 hanc
1318 1458 1410 1512 labem
1429 1458 1601 1514 Novatianae
1618 1459 1762 1517 haereseos

58 1555 125 1600 coto
153 1547 225 1615 arip.
266 1545 490 1616 Respondemus:
527 1550 549 1598 l.
578 1544 675 1599 Procli
702 1543 829 1598 haeresin
859 1542 898 1596 sic
925 1543 1043 1614 spongia
1065 1544 1189 1599 veritatis
1214 1550 1247 1600 tr.
1271 1545 1306 1599 de
1329 1545 1432 1614 poenit
1460 1542 1486 1615 ᾖ.
1515 1550 1555 1600 21.
1599 1544 1762 1616 Hieronymi

59 1631 195 1687 describit
223 1631 381 1687 Methodius
407 1632 482 1702 apud
512 1631 701 1701 Epiphaniam
725 1630 831 1685 haerea
850 1634 898 1683 64:
927 1629 1046 1697 dietum,
1074 1647 1129 1700 quo
1155 1648 1239 1685 sensu
1261 1631 1453 1700 accipiendum
1471 1632 1514 1699 sit,
1533 1633 1708 1702 exposuimus
1728 1640 1761 1689 tr.

59 1718 184 1772 Procius
208 1718 441 1772 resurrectionem
466 1717 581 1782 meson,
603 1716 688 1783 sliat,
712 1717 821 1769 animae
840 1715 898 1768 sinc
927 1717 987 1769 eod.
1012 1712 1038 1789 ᾖ.
1067 1722 1105 1771 13.
1148 1715 1365 1771 Novatianornm
1390 1733 1464 1770 error
1484 1716 1552 1786 init,
1576 1720 1650 1789 qnod
1668 1719 1761 1789 poeni·

59 1820 181 1873 sospem
202 1813 265 1858 ants
284 1805 448 1858 mandatum
467 1803 581 1864 uicisse,
605 1808 705 1869 postea
725 1801 899 1870 incapacia
927 1801 1048 1856 tentibus
1073 1808 1136 1871 post
1160 1801 1327 1871 baptismum
1352 1798 1437 1872 lapsis
1460 1804 1568 1858 veniam
1589 1805 1761 1875 denegarint,

60 1890 202 1943 sinensium
227 1898 253 1942 et
276 1906 418 1943 carcerem
443 1897 468 1941 et
483 1889 603 1956 pedicae
623 1888 777 1955 conjectum
796 1895 821 1939 et
839 1888 900 1939 sine
927 1887 1028 1942 Eueeb.
1061 1886 1122 1939 libr.
1152 1893 1176 1942 6.
1200 1887 1264 1943 hist.
1293 1889 1359 1943 eccl.
1389 1905 1412 1942 e.
1432 1896 1473 1945 33.
1501 1890 1644 1945 variarunt
1670 1897 1763 1946 tamen

60 1992 181 2045 corpore
206 1976 379 2043 impossibiie
406 1991 464 2027 esse
477 1991 607 2042 peccare.
650 1972 724 2035 Quid
748 1988 813 2027 vero
836 1989 898 2025 curn
927 1991 1003 2028 more
1019 1973 1222 2028 haereticorum
1241 1991 1320 2028 suam
1339 1977 1505 2030 senteutiam
1523 1977 1642 2046 saepius.
1669 1978 1762 2040 Quan-

60 2063 117 2116 bae
142 2061 271 2131 opinione
294 2060 373 2116 nobie
398 2059 564 2115 commune?
604 2066 627 2114 2.
646 2059 765 2122 Quando
786 2058 900 2113 Procius
927 2059 1018 2130 doque
1046 2058 1208 2129 simpliciter
1235 2066 1386 2129 negarunt,
1413 2069 1477 2131 post
1504 2060 1672 2131 baptismum
1703 2080 1763 2118 esse

60 2147 148 2214 dixit,
171 2155 318 2216 peccatum
344 2149 373 2199 in
394 2147 502 2200 renatis
524 2146 628 2213 maere,
658 2144 794 2200 intellexit
817 2145 900 2199 idda
926 2144 1113 2215 poenitentiae
1131 2144 1237 2213 locum,
1255 2147 1423 2217 quandoque
1442 2155 1647 2216 concesserunt,
1669 2148 1762 2220 lapsos

59 2232 172 2303 peccati
201 2233 336 2295 dominio,
366 2237 398 2286 nt
423 2238 532 2286 constat
558 2248 592 2286 ex
621 2231 787 2285 refutatione
808 2230 899 2284 Procli
926 2232 963 2285 ad
981 2231 1180 2301 poenitentiam
1198 2232 1381 2288 cohortandos
1399 2250 1475 2300 esse,
1504 2235 1554 2288 sed
1571 2252 1649 2304 spem
1670 2236 1762 2290 remis·

59 2319 139 2389 apud
159 2319 354 2389 Epiphaniam.
393 2318 451 2373 Nos
469 2324 567 2372 sonna
586 2316 717 2380 dicimus,
737 2334 792 2372 non
810 2315 898 2371 solum
926 2317 1009 2372 sionis
1029 2335 1084 2372 non
1101 2335 1120 2372 a
1135 2318 1339 2385 sacerdotibus,
1364 2319 1418 2373 sed
1432 2336 1450 2373 a
1468 2318 1528 2373 Deo
1548 2320 1762 2391 exspectandam

62 2405 175 2476 peccati
201 2412 325 2474 reatum,
351 2406 400 2460 sed
419 2405 502 2460 etiam
521 2403 673 2459 dominium
695 2403 833 2457 arenatis
852 2400 899 2456 ab·
927 2419 1000 2472 esse3
1032 2404 1200 2473 quaudoque
1224 2404 1429 2459 distinctionem
1454 2404 1580 2460 fecerunt
1605 2407 1676 2460 inter
1699 2422 1762 2476 pec·

61 2507 133 2546 esse.
182 2489 366 2545 Bellarminus
399 2491 459 2561 ipse
488 2491 540 2544 hoc
572 2489 700 2560 agnoseit
723 2488 787 2546 libr.
817 2496 840 2544 5.
866 2489 900 2543 de
927 2495 991 2544 cata
1015 2489 1156 2560 manera,
1179 2491 1252 2544 inter
1279 2506 1351 2560 quae
1375 2491 1495 2546 emineat
1518 2492 1621 2546 crimen
1639 2492 1761 2564 abnega·

61 2576 156 2631 smine.
182 2581 254 2647 grat.
280 2595 305 2633 e.
328 2583 374 2632 lo:
411 2578 521 2630 Dicunt
541 2577 745 2637 Praesente«,
772 2577 900 2644 concupi·
927 2575 1009 2630 donis
1027 2576 1057 2629 in
1076 2576 1281 2646 persecutione,
1299 2593 1332 2630 ac
1352 2576 1455 2631 leviora
1474 2583 1503 2631 et
1519 2577 1696 2647 quotidiana,
1715 2578 1762 2632 ho·

61 2663 198 2717 scentiam
216 2665 246 2716 in
262 2663 370 2716 renatis
390 2678 447 2717 esse
463 2670 623 2730 peccatum,
638 2662 703 2715 licet
719 2679 776 2715 non
793 2679 902 2731 semper
927 2677 987 2715 rum
1013 2661 1126 2730 quidem
1150 2661 1337 2717 remissionem
1364 2662 1498 2718 ecclesiae
1516 2663 1646 2718 ministris
1667 2680 1762 2719 conee-

62 2755 170 2816 repnet.
208 2746 289 2802 Prius
315 2746 424 2800 ffisertis
448 2745 540 2800 verbis
567 2747 713 2801 nobiscum
731 2746 812 2802 docet
829 2746 900 2800 Pau·
929 2747 1034 2809 dentes,
1048 2746 1156 2800 illorum
1169 2764 1234 2801 rero
1246 2746 1433 2802 remissionem
1445 2747 1496 2802 soli
1505 2748 1567 2804 Deo
1575 2749 1763 2807 vendicantes.

63 2834 109 2888 lus
133 2840 162 2888 et
185 2851 216 2890 ex
240 2849 273 2887 eo
292 2833 481 2903 Augustinus,
504 2833 642 2902 posterius
660 2833 689 2887 in
706 2832 806 2886 Proclo
825 2832 902 2886 dam-
928 2832 1017 2896 Quam
1036 2830 1123 2887 fuisse
1141 2832 1358 2888 Novatianornm
1377 2832 1503 2888 haeresin
1528 2842 1684 2905 agnoscuru
1699 2836 1764 2906 ipsi·

62 2937 173 2975 murus.
225 2925 249 2974 3.
276 2918 506 2973 Messalianornm
538 2918 665 2973 haeresin
702 2918 742 2973 sic
772 2917 903 2973 describit
929 2924 985 2972 met
1012 2916 1164 2985 Pontificii,
1192 2919 1270 2988 Vega
1296 2918 1358 2974 libr.
1383 2924 1422 2975 13.
1442 2919 1478 2972 de
1497 2920 1588 2989 justif.
1605 2938 1629 2974 c.
1651 2926 1675 2978 2.
1714 2921 1764 2975 Al·

63 3006 229 3077 Alphonsus
241 3004 385 3059 deCastro
399 3003 450 3061 lib.
464 3009 489 3061 3,
507 3003 542 3058 de
560 3004 665 3060 haeres.
679 3005 720 3060 tit.
734 3005 902 3074 baptismus:
929 3003 1052 3072 phonsns
1079 3004 1115 3058 de
1138 3003 1237 3058 Castro
1262 3002 1309 3058 lib.
1336 3009 1375 3059 12.
1398 3004 1460 3059 adv.
1483 3005 1587 3060 haeres.
1608 3006 1651 3059 tit.
1670 3008 1764 3076 poeni·

65 3092 242 3148 Messaiiani
265 3099 371 3145 tantam
391 3091 446 3144 vict
466 3091 622 3144 tribuebant
643 3091 780 3157 orationi,
807 3099 838 3144 ut
857 3091 902 3142 bo·
929 3089 1030 3153 tenua,
1064 3090 1241 3143 Maldonatns
1267 3090 1295 3143 in
1319 3106 1344 3143 c.
1365 3095 1403 3144 14.
1422 3089 1485 3146 Job.
1524 3091 1598 3155 Quid
1618 3109 1682 3147 vein
1700 3110 1763 3148 cum

59 3181 165 3248 ptismo
184 3179 354 3246 deceperant
372 3178 502 3244 dicentes,
519 3175 626 3230 nulium
644 3177 796 3229 militatem
813 3177 902 3245 bapti·
929 3175 1037 3230 haeresi
1062 3175 1120 3231 illa
1135 3175 1215 3231 nobis
1240 3191 1400 3240 commune,
1430 3177 1478 3246 qni
1507 3177 1599 3247 lapsos
1626 3179 1709 3234 etiarn
1736 3180 1764 3234 iu

62 3266 135 3319 satis
162 3280 195 3318 sn
217 3265 356 3332 baptismo
380 3266 528 3331 accedere,
559 3265 610 3316 scd
635 3264 727 3316 solam
749 3264 900 3316 orationem
929 3261 1092 3332 gravissima
1113 3268 1229 3332 peccata
1251 3268 1316 3331 post
1345 3269 1505 3332 susceptum
1531 3261 1701 3333 baptismum
1726 3266 1762 3319 ad
1844 3306 1852 3318 .

62 3352 222 3406 studiosam
247 3353 410 3404 daemonem
432 3350 634 3402 inhabitantem
656 3351 789 3418 effupare.
828 3348 902 3413 Quid
929 3347 1028 3402 seriam
1045 3348 1241 3417 poenitentiam
1260 3349 1357 3403 sedulo
1375 3348 1536 3402 hortamur?
1566 3366 1650 3419 quam
1668 3351 1691 3404 si
1703 3368 1763 3405 rer·

63 3455 213 3495 varocum
232 3436 285 3490 hac
304 3435 533 3490 Messalianorum
548 3435 655 3490 haeresi
669 3436 771 3489 nostris
780 3435 902 3490 ecclesiis
929 3433 985 3501 bis,
1005 3432 1131 3504 gestibus
1151 3439 1180 3488 et
1197 3433 1279 3488 factis
1297 3440 1449 3500 testentur,
1471 3435 1659 3490 consulatione
1677 3453 1762 3491 evan-

64 3522 235 3581 commune?
260 3521 391 3590 dicimus,
413 3521 506 3576 omnia
523 3528 639 3591 peecata
656 3522 686 3575 in
705 3521 843 3591 baptismo
860 3538 901 3576 re·
928 3521 994 3591 gebi
1016 3519 1078 3574 illos
1102 3519 1232 3589 erigimus
1259 3525 1288 3573 et
1307 3526 1484 3590 peccatorum
1501 3521 1688 3576 remissionem
1707 3523 1761 3578 illis

64 3611 139 3666 mitti
165 3627 198 3665 ac
222 3608 339 3679 proinde
361 3615 468 3663 reatum
493 3625 587 3663 eorum
613 3608 686 3673 tolli,
715 3609 783 3678 quin
802 3615 831 3663 et
846 3609 902 3662 rim
928 3607 1125 3661 annuntiamus
1148 3607 1268 3678 August.
1291 3605 1362 3661 conf.
1386 3614 1439 3663 art.
1461 3612 1504 3662 12:
1529 3611 1575 3661 De
1588 3611 1762 3678 poenitentia

64 3696 176 3769 peccati
206 3695 297 3751 adhuc
328 3696 357 3750 in
391 3712 474 3750 carin
504 3695 654 3750 habitantis
681 3695 794 3766 infringi
819 3702 904 3766 atque
929 3695 1028 3747 docent
1048 3697 1171 3760 (nostrae
1190 3692 1350 3761 eeclesiae),
1372 3697 1449 3762 quoa
1466 3696 1557 3765 lapsis
1573 3705 1639 3764 post
1657 3698 1761 3767 baptis·

65 3785 165 3855 minui,
183 3799 256 3855 quae
273 3782 366 3837 omnia
384 3799 434 3837 suo
453 3782 514 3838 loeo
532 3781 644 3836 abunde
657 3781 818 3836 confirmata
830 3787 903 3836 sunt.
929 3799 1003 3834 mum
1021 3781 1185 3849 continpere
1193 3782 1286 3849 possit
1303 3782 1430 3834 remissio
1448 3791 1627 3850 peccatorum
1644 3800 1764 3852 quomm-

66 3870 225 3932 Oassander
244 3869 273 3922 in
290 3867 408 3924 consult
425 3867 502 3922 artic.
523 3874 546 3922 2.
566 3868 709 3923 verissima
728 3868 903 3922 distinctione
930 3885 982 3935 pue
1000 3875 1132 3935 tempore,
1150 3885 1213 3919 cum
1233 3875 1438 3935 conuertuntur,
1459 3876 1487 3921 et
1503 3869 1580 3937 pseud
1592 3871 1711 3924 occhein
1723 3879 1763 3923 ta·

10 3966 51 4011 U·
65 3975 125 4014 rem
150 3963 237 4012 totam
261 3944 397 4025 explieat:
436 3956 470 4008 Si
489 3955 615 4025 peccati,
637 3954 741 4025 inquit,
766 3956 904 4008 rationem
930 3955 1002 4006 libus
1020 3954 1201 4007 redeuntibus
1220 3955 1261 4005 ad
1274 3953 1477 4021 poenitentiam
1496 3955 1698 4009 absolutionem
1714 3959 1764 4010 im·

66 4049 97 4099 in
114 4044 184 4097 vitio
202 4042 256 4095 ilio
275 4049 300 4094 et
317 4041 473 4110 iniquitute,
494 4041 630 4110 lanquore
647 4050 673 4093 et
690 4041 785 4094 morbo
803 4042 903 4094 consti·
927 4039 1032 4108 pertiri
1057 4041 1154 4093 debeat
1180 4045 1233 4095 etc.
1270 4041 1452 4093 Damnonion
1474 4048 1500 4093 et
1521 4043 1689 4105 Nouaesium,
1716 4045 1766 4111 qui

65 4139 146 4193 tuas,
173 4130 219 4182 cui
238 4127 342 4195 spiriu
360 4127 543 4180 remeandum
558 4136 611 4192 est,
635 4143 670 4179 ne
688 4127 805 4181 illicitos
824 4135 904 4180 actus
929 4126 1060 4179 nolebant
1078 4125 1220 4179 wantum
1239 4126 1335 4194 lapsos
1350 4134 1416 4194 post
1432 4127 1599 4194 baptismum
1616 4131 1766 4182 redeuntes

65 4219 180 4285 pipant,
203 4231 260 4267 non
286 4213 379 4280 nupto
402 4220 548 4282 peccatum
569 4214 681 4268 dintur.
725 4213 776 4266 Sin
793 4215 906 4281 pcccati
930 4215 971 4265 aa
987 4212 1198 4281 poenitentiam.
1234 4209 1322 4274 Quem
1340 4228 1458 4268 nrorem
1476 4210 1505 4266 in
1524 4212 1686 4269 Novatianis
1706 4215 1764 4268 Au·

66 4303 207 4356 rationem
232 4301 262 4353 in
286 4300 349 4368 ipsa
374 4302 479 4369 offensa
500 4300 559 4353 Dei
576 4307 603 4353 et
618 4306 712 4362 renue,
736 4300 783 4352 cui
800 4316 833 4352 ec
850 4302 905 4354 ad·
930 4307 1050 4371 gustam
1074 4298 1146 4352 conl.
1169 4298 1272 4352 diserte
1295 4298 1423 4367 damnat,
1447 4298 1524 4352 illum
1543 4299 1728 4354 Bellarminus
1748 4316 1765 4354 a

65 4406 147 4443 narso
165 4403 258 4457 poento
275 4393 301 4439 et
321 4387 466 4439 damnatio
481 4388 639 4455 remandet,
657 4386 740 4439 sitnm
753 4387 905 4455 inteliipas,
930 4385 1010 4440 nobis
1027 4385 1113 4440 foveri
1132 4383 1265 4454 disputat.
1301 4383 1405 4440 Videat
1422 4393 1526 4455 antem,
1544 4403 1579 4441 ne
1590 4387 1619 4441 iu
1631 4386 1767 4442 eeclesias

66 4482 183 4529 nonest
196 4478 343 4542 peccatum
361 4472 391 4524 in
411 4473 591 4537 reponeretis,
609 4474 678 4540 quea
698 4474 756 4525 nisi
770 4473 798 4526 ei
808 4473 904 4526 colun·
929 4471 1072 4526 Romanae
1088 4470 1194 4541 mensio
1212 4469 1429 4526 Novatianorum
1442 4488 1517 4525 error
1529 4471 1620 4526 locum
1631 4472 1763 4528 inveniat.

65 4571 112 4616 tas
130 4559 294 4621 conueniunt,
312 4560 353 4610 ad
366 4566 513 4626 peccatam
531 4577 587 4610 non
606 4560 767 4627 deputatur.
796 4565 819 4614 4.
831 4559 902 4613 Pon·
929 4558 958 4612 Si
977 4559 1050 4611 enim
1070 4562 1204 4627 perpetuo
1222 4556 1407 4611 dubitandum
1420 4557 1454 4611 de
1466 4557 1626 4613 remissione
1637 4567 1763 4630 peccato·

66 4646 147 4703 tificii
183 4643 311 4700 monaehi
343 4644 436 4715 potius
465 4644 550 4699 errori
581 4643 809 4699 Messalianorum
838 4650 903 4699 sunt
928 4662 998 4710 rum,
1017 4643 1154 4715 quomodo
1170 4659 1235 4697 vere
1252 4642 1308 4696 dici
1325 4648 1429 4712 potest,
1449 4643 1523 4715 quod
1543 4644 1571 4698 in
1589 4647 1707 4701 eeclesia
1723 4646 1763 4700 vi·

67 4732 203 4795 involuti,
239 4731 279 4785 sic
308 4730 380 4784 enim
407 4730 503 4785 scribit
525 4730 618 4786 Sixtns
641 4730 769 4786 Senensis
793 4731 854 4786 libr.
878 4737 902 4788 6.
928 4737 995 4802 geat
1012 4736 1136 4801 potestas
1152 4728 1349 4784 reconciliandi
1365 4729 1489 4785 homines
1508 4730 1589 4785 Deo?
1621 4732 1650 4787 Si
1668 4749 1763 4788 recon-

67 4819 197 4876 bibliotb.
224 4822 316 4872 annot.
343 4822 379 4872 3.:
419 4818 563 4869 Aduersus
593 4817 709 4885 ipnauos
745 4820 902 4885 monachos,
930 4815 1034 4871 ciliatio
1057 4815 1105 4870 illa
1130 4821 1207 4869 certa
1229 4823 1287 4883 est,
1310 4815 1435 4869 exsulare
1457 4817 1591 4885 jubeatur
1616 4817 1763 4875 dubitatio.

67 4909 119 4978 qui
144 4913 204 4959 tum
229 4905 259 4957 in
282 4904 391 4970 Africa
420 4919 543 4956 errorem
570 4904 641 4956 bunc
669 4922 689 4956 o
716 4905 904 4959 Messalinnis
930 4902 1077 4958 Noratiani
1097 4901 1134 4956 ob
1154 4900 1408 4972 arrogantissimam
1426 4901 1556 4971 puritatis
1574 4907 1603 4957 et
1619 4903 1764 4958 ametimo-

66 4992 218 5049 muscis
239 4997 349 5044 erratum
369 4990 516 5057 fovebant,
543 4990 718 5055 Aupnstinus
735 4991 849 5061 scripsit
868 4992 903 5045 li·
929 4989 992 5042 niae
1017 4986 1173 5058 opinionem
1197 4986 1362 5042 'dicebantur
1380 4987 1499 5040 Gothori
1518 4995 1589 5044 teste
1605 4990 1765 5060 Augustino

68 5083 148 5134 muns
167 5081 202 5132 de
220 5093 303 5146 opere
317 5075 522 5141 monachorum,
540 5092 594 5143 quo
607 5077 664 5127 tria
672 5076 849 5144 potissimum
858 5080 904 5130 de·
930 5076 965 5130 de
983 5075 1086 5129 haeres.
1107 5092 1130 5128 e.
1150 5079 1190 5128 38.
1213 5078 1330 5143 atquae
1348 5074 1435 5143 major
1452 5080 1546 5144 potest
1564 5076 1764 5146 essepuritstis

66 5173 217 5233 mensum,
232 5165 356 5233 primum
377 5170 406 5215 ut
424 5163 560 5225 monachi,
579 5163 629 5231 qui
645 5162 726 5216 nulio
744 5165 903 5231 cumspelico
930 5168 958 5217 et
975 5159 1175 5216 saucnmoniae
1192 5159 1339 5230 arrogatio,
1361 5176 1444 5230 qnam
1465 5161 1540 5230 quod
1557 5163 1765 5217 monachiPon·

65 5254 193 5323 nepotes,
224 5250 306 5303 nulla
329 5266 398 5301 cntra
424 5249 614 5301 ecclesiastica
637 5258 822 5318 occupantur,
847 5268 903 5304 non
928 5249 1006 5304 tilicii
1028 5246 1196 5317 gloriantur,
1223 5263 1254 5301 se
1275 5263 1330 5299 non
1352 5246 1441 5301 solum
1468 5248 1556 5317 legem
1575 5247 1697 5317 perfecte
1715 5251 1768 5303 im-‘

64 5343 153 5394 ntum
183 5340 244 5391 sine
272 5336 333 5389 ullo
362 5336 459 5387 labore
487 5353 618 5387 manuum
647 5338 806 5403 transipam
836 5339 903 5391 otio·
928 5335 1020 5406 plere,
1050 5334 1099 5388 sed
1129 5333 1211 5387 etiam
1239 5348 1324 5402 opera
1348 5333 1598 5402 supererogationis
1625 5340 1765 5403 praestare

63 5445 127 5482 sum
148 5428 202 5479 en.
583 5440 587 5448 ·
929 5422 1032 5492 posse?
