4004 6022
768 274 821 340 ΒΕ
837 272 1027 341 contestu.
1682 286 1741 351 oet

48 451 123 502 ctat.
142 460 222 518 quem
242 438 382 514 inscripsit
404 438 569 496 Declaratia
590 438 749 505 desectwm
767 439 891 495 uirorum
919 442 991 494 adar
1012 439 1043 494 in
1066 438 1164 492 martie
1183 441 1296 494 adorem
1313 422 1508 503 infelicieeim
1525 439 1758 508 cammlpraeerit'

50 529 309 584 eccleciaeticarum
336 544 369 582 ex
396 526 550 598 juetieeimo
584 526 677 580 dolore
704 525 890 597 conqueritur,
918 534 967 580 etc.
1012 527 1087 580 Hine
1113 524 1173 578 illie
1198 524 1356 595 (episcopiet
1375 526 1465 592 uliud
1491 526 1637 594 apentibue
1665 534 1690 579 et
1717 526 1759 578 in·

52 615 163 669 nullibi
185 613 330 683 epiecopoe
356 613 441 666 bonae
464 621 490 666 et
514 628 597 680 opere
621 629 655 663 ac
674 613 803 665 doctrina
826 628 891 680 pro·
917 622 1064 683 utramque
1088 628 1184 665 aurem
1207 612 1420 681 dormientibus,
1450 629 1518 681 quiae
1536 628 1633 681 prepete
1648 628 1747 681 paece-

56 701 139 755 batae
164 699 246 768 elipi,
272 701 324 752 ced
348 698 472 752 laminae
494 697 627 751 carnalee
646 714 681 750 ac
698 698 892 767 spiritualium
918 703 997 765 bant,
1022 717 1076 752 nan
1098 698 1285 767 paecebantur
1302 713 1399 767 prepee
1418 699 1454 750 ab
1471 699 1525 767 eie,
1550 716 1616 751 nam
1631 699 1749 766 parvuli

57 788 189 855 ipnarae,
215 785 246 838 in
268 785 379 838 clericie
401 784 544 837 dominari
565 783 713 851 crapulam
731 792 757 837 et
776 783 891 837 ebrieta·
916 787 1055 855 petierunt
1073 800 1179 852 panem
1204 791 1230 836 et
1252 801 1308 836 nan
1333 791 1409 851 erut,
1438 785 1488 851 qui
1508 783 1569 836 illie
1589 784 1744 850 franperet.

58 880 127 941 mm,
153 888 210 924 ecee
234 887 281 924 coe
299 870 439 923 aleatoree
458 886 492 922 ae
510 877 669 937 uenatoree,
691 869 791 935 assicia
809 869 892 922 eccle·
918 870 1062 932 *caraem
1080 869 1282 939 turpitudinum
1305 869 1450 937 mandrie,
1474 886 1529 937 qua
1547 869 1672 922 cordium
1690 869 1747 922 col·

58 957 178 1012 ciaetim
192 956 315 1026 pecunia
334 955 460 1023 obtineri,
475 955 624 1022 praelatae
641 957 713 1008 adeo
725 970 783 1007 eeee
797 970 891 1023 euper-
918 957 1003 1020 lucie,
1020 973 1075 1024 qua
1089 962 1167 1024 pate
1184 971 1240 1008 nan
1259 961 1323 1006 eunt
1339 954 1467 1022 foedati,
1497 970 1553 1007 non
1573 955 1700 1023 corrupti
1716 955 1747 1007 in

59 1045 123 1112 bae,
149 1052 179 1095 ut
197 1042 322 1096 laminae
340 1057 369 1095 ee
388 1056 446 1094 eece
464 1041 597 1096 neeciant.
634 1040 748 1109 Equae,
766 1056 849 1092 eanee
867 1046 893 1092 ct
918 1041 1038 1095 eccleeia
1055 1041 1115 1095 Dei
1125 1039 1251 1110 papulae
1268 1047 1293 1092 et
1309 1041 1461 1093 cacerdoet
1483 1039 1519 1092 In
1536 1048 1626 1093 aratra
1639 1040 1748 1108 judicio

58 1146 125 1184 aaa
149 1144 184 1181 ac
209 1127 352 1195 capiaeam
373 1126 517 1189 familiam
532 1126 735 1195 patrimonium
760 1124 893 1178 eccleciae
918 1146 1032 1182 caueam
1048 1144 1160 1197 repono,
1175 1134 1283 1196 patree,
1302 1133 1328 1179 et
1345 1144 1364 1178 a
1380 1126 1542 1178 sanctuaria
1555 1126 1613 1178 Dei
1622 1126 1746 1196 incipite,

59 1215 206 1268 comedere
226 1213 323 1282 potius
348 1229 431 1282 quam
450 1227 594 1279 pauperae
617 1210 736 1279 Cltrieti,
764 1210 893 1280 pladitem
918 1216 945 1268 ei
960 1214 1037 1268 ullue
1053 1214 1113 1281 jam
1121 1213 1225 1282 pudor,
1242 1210 1500 1280 eiullapudicitia,
1517 1211 1615 1264 eiulla
1632 1219 1748 1281 cuperat

60 1300 203 1366 eccleciae,
222 1300 275 1352 ltac
290 1304 330 1351 eat
348 1297 660 1364 excommunicationem,
679 1297 777 1350 leuiter
794 1303 820 1349 et
832 1311 892 1347 cne-
919 1299 1106 1353 beneoiuendl
1118 1298 1162 1352 uel
1177 1312 1241 1366 rpee
1252 1294 1388 1361 uelratia,
1403 1294 1495 1348 einen
1509 1297 1597 1350 libido
1610 1298 1748 1369 effrenata

62 1385 166 1439 delitet·
185 1386 216 1437 in
230 1399 374 1451 pauperae
392 1382 508 1449 vibrari
530 1382 674 1451 epucapae
687 1382 756 1449 plue
776 1397 833 1434 eeee
850 1382 893 1446 of·
919 1394 944 1439 et
956 1385 1102 1447 indomita,
1122 1385 1148 1436 n·
1163 1402 1218 1436 nan
1235 1383 1360 1434 arrdacia
1378 1381 1548 1450 einpularie,
1575 1382 1601 1434 ei
1617 1399 1672 1435 non
1691 1397 1748 1434 ece-

63 1472 173 1535 ficlssltt
186 1471 262 1538 fimi
280 1486 362 1538 (luam
380 1467 486 1521 ouran·
500 1473 551 1521 elt-
584 1467 787 1521 ”Franeiecue
805 1465 893 1520 Belle·
919 1473 964 1525 lue
985 1468 1164 1536 incredibile5
1190 1470 1241 1523 beu
1269 1469 1405 1537 quomoda
1430 1468 1605 1521 obemeratum
1635 1474 1675 1521 eet
1699 1485 1748 1520 au·

66 1557 186 1613 forestus
210 1554 323 1610 Gullue:
353 1554 469 1608 Nulllue
495 1554 569 1607 dabo
591 1554 744 1622 quidquam
770 1553 893 1620 auribru,
919 1557 1001 1610 rum!
1020 1556 1156 1625 quaneada
1174 1554 1383 1608 mutatuecalar
1400 1553 1534 1623 aptimue!
1552 1552 1629 1606 Idem
1648 1551 1748 1606 ibide·

61 1645 116 1695 eed
131 1641 276 1695 veritmm
291 1641 409 1708 inpenue
425 1639 546 1706 fatebor,
565 1639 772 1693 totluerceium
785 1646 811 1691 et
824 1637 893 1690 eali·
921 1643 1044 1713 Legntun
1061 1640 1169 1695 Alberti
1194 1639 1328 1694 Bavnrine
1355 1639 1434 1693 ducis
1459 1639 1488 1692 in
1513 1639 1608 1692 eodem
1632 1638 1748 1692 concilio

62 1737 183 1781 matum
201 1744 315 1780 caueam
334 1741 390 1780 aee
409 1727 544 1778 neminem
559 1732 676 1794 praeter
686 1732 796 1779 naetroe
806 1741 895 1790 raeae,
920 1728 959 1782 sic
975 1726 1096 1798 loquitur
1108 1724 1235 1792 (**oretio
1247 1723 1356 1779 Patavii
1368 1724 1396 1779 in
1409 1723 1492 1778 italie
1505 1730 1545 1780 eet
1558 1723 1748 1794 impreeee**):

61 1823 168 1881 unctae,
188 1813 306 1866 clericae
326 1819 352 1864 et
371 1814 530 1866 eaccrdatee
549 1828 601 1863 eua
620 1811 783 1879 turpieeima
801 1818 827 1862 et
839 1826 894 1862 ece
921 1814 989 1868 Cum
1007 1813 1099 1866 clena
1116 1812 1162 1865 eal
1179 1819 1270 1865 terrae
1288 1827 1347 1864 ecee
1365 1810 1498 1878 debuerit
1510 1813 1575 1880 jam
1591 1827 1656 1863 ocra
1672 1811 1749 1873 infa-

62 1900 238 1954 lcratieeima
258 1900 324 1953 oda.
366 1899 431 1951 Non
455 1914 521 1966 erpa
545 1904 673 1950 aecuecnt
697 1897 785 1950 alium
812 1911 894 1965 quen
920 1907 1013 1953 tantm
1029 1899 1074 1968 net,
1094 1915 1143 1951 nee
1160 1898 1279 1950 adeam
1296 1912 1363 1959 rem,
1381 1898 1520 1966 adquam
1538 1897 1656 1950 manime
1667 1912 1750 1966 opar-

64 2004 165 2056 pmm,
191 1986 249 2038 neci
269 1992 353 2037 eeniet
381 1984 459 2052 ipeoe
483 1999 565 2050 ecque
581 1982 656 2036 ealce
673 1982 854 2048 eaetipandoe
872 1988 896 2033 et
920 1986 1004 2053 tabat,
1028 1984 1119 2051 utilio,
1144 2001 1274 2052 mapnam
1295 1982 1326 2036 in
1349 1984 1424 2036 clera
1447 1984 1560 2052 eulpam
1579 1983 1664 2051 lajas
1681 1983 1755 2035 mali

65 2072 257 2125 emendandae
282 2086 339 2123 ecee
366 2066 544 2124 uwtrintff*
587 2068 695 2122 Auctor
720 2066 783 2121 libri
810 2064 896 2122 Stella
921 2070 1115 2142 (corruptionis
1147 2068 1292 2129 eccleciae)
1327 2071 1448 2135 ocreari,
1486 2085 1578 2122 omnee
1614 2069 1753 2136 capientes

65 2157 230 2213 clericorum
256 2155 322 2210 dicti
345 2154 491 2210 exclamet:
518 2154 683 2207 ODamine
702 2161 834 2222 poetae-ee
855 2152 897 2205 tui
922 2165 1029 2227 aportat
1042 2158 1175 2228 confiteri.
1202 2156 1238 2208 In
1249 2156 1408 2209 miratione
1420 2170 1509 2224 nuper
1521 2155 1626 2218 natta,
1645 2161 1752 2223 quiante

63 2245 168 2297 mutati
183 2250 246 2296 eunt
264 2240 293 2294 in
312 2248 446 2307 taneorce,
468 2240 631 2306 desenearee
651 2241 681 2291 in
694 2239 895 2308 dieeipataree,·
922 2245 1011 2298 omnin
1035 2243 1145 2312 panaria
1164 2240 1279 2310 flagitia
1305 2242 1335 2294 in
1363 2241 1486 2294 maritae
1514 2241 1585 2294 atari
1610 2248 1752 2309 campan-ta

62 2333 114 2401 qui
140 2331 269 2384 deberent
297 2344 355 2380 eeee
380 2326 482 2395 eobrii,
507 2326 632 2394 quotidie
654 2333 718 2378 mint
735 2325 806 2377 ebrii
813 2346 822 2388 ,·
849 2323 898 2393 qui
922 2330 991 2398 nint,
1016 2334 1121 2398 qrcanta
1140 2327 1272 2379 encardia
1291 2334 1317 2379 et
1334 2326 1437 2395 rupina
1456 2326 1627 2395 neplipente‘a
1643 2327 1673 2379 in
1692 2325 1753 2394 qui·

61 2417 200 2488 praelati,
215 2414 320 2484 pnlati5
338 2413 388 2482 qui
400 2412 482 2479 caeti,
499 2410 597 2463 incerti
601 2430 613 2474 ,·
628 2411 678 2478 qui
691 2419 828 2479 paetarce,
847 2411 896 2461 im·
924 2416 1038 2469 budam
1054 2413 1216 2483 proceribus
1229 2429 1275 2466 cere
1290 2412 1469 2465 eccleciarum
1478 2413 1627 2482 praelatu,
1641 2412 1754 2465 aureum

59 2509 193 2570 poetoree
218 2506 269 2554 etc.
305 2497 438 2554 Nicoleue
460 2496 496 2550 de
514 2495 670 2568 Clemengie
688 2495 896 2550 archidiaconue
918 2503 1039 2570 peinana
1058 2517 1092 2552 na
1111 2497 1333 2566 manifestentur,
1347 2498 1536 2565 prohibemur.
1563 2498 1633 2566 Ipea
1646 2514 1752 2551 mamm

64 2586 227 2657 Bejooeneie
255 2591 283 2640 et
309 2584 405 2639 doctor
429 2581 592 2636 Parieieneie
622 2582 760 2653 integrum
788 2580 898 2652 ecripeit
923 2587 1067 2656 turpitudo
1093 2584 1248 2653 efflapitat,
1274 2599 1309 2637 ne
1333 2591 1465 2637 maneant
1482 2584 1588 2637 diutina
1605 2584 1752 2653 immittitu.

64 2673 168 2728 librum
189 2672 224 2726 de
242 2676 371 2741 corrupto
388 2668 519 2723 eccleciae
537 2675 623 2732 etetu,
647 2668 676 2722 in
694 2685 749 2739 quo
766 2667 838 2722 inter
855 2684 897 2721 ce·
923 2673 1012 2742 Atque
1028 2673 1095 2724 baec
1114 2671 1141 2722 ei
1157 2670 1220 2740 quie
1236 2668 1318 2723 uellet
1334 2669 1496 2739 eiprllatim,
1522 2677 1608 2740 prora
1621 2686 1676 2740 per
1695 2686 1753 2723 ecee

14 2755 48 2802 75-
63 2767 128 2815 tere
144 2759 184 2813 eie
202 2758 325 2828 loquitur
341 2775 367 2827 p.
382 2762 428 2811 22:
450 2755 484 2809 Si
500 2756 562 2824 quie
579 2754 662 2808 bodie
677 2754 835 2807 decidium
851 2760 898 2819 eet,
923 2777 968 2812 ree
993 2760 1057 2828 epea
1085 2758 1165 2809 tabet
1192 2764 1273 2825 atque
1300 2757 1444 2825 explorate
1466 2764 1587 2821 constat,
1610 2772 1753 2825 enarrare,

62 2847 93 2900 ei
109 2846 172 2915 quie
191 2862 210 2897 a
227 2845 324 2897 labare
344 2843 504 2909 abhorrens,
525 2841 551 2893 ei
567 2841 630 2909 quie
643 2840 673 2893 in
686 2840 742 2893 otia
757 2839 900 2893 lucariari
925 2845 1009 2899 cantia
1036 2844 1148 2914 piisque
1178 2843 1471 2896 reverendaa'mamm
1499 2851 1612 2912 putenm
1639 2844 1756 2897 amitae

62 2935 170 2996 ualent,
188 2932 230 2984 ad
246 2929 433 2983 nacerdmeum
451 2928 587 2989 coqulab
606 2944 660 2996 quo
679 2934 793 2994 accepto
805 2925 898 2978 dallei
926 2932 1037 2986 omnino
1055 2932 1132 2994 fieret
1150 2929 1301 2996 molentum,
1320 2929 1388 2983 aliie
1404 2946 1470 2983 uero
1482 2930 1533 2998 qui
1543 2930 1634 2983 minue
1645 2928 1757 2999 firmati

63 3036 96 3074 ee
120 3018 221 3072 ceterie
245 3015 437 3069 eacamibne
455 3015 628 3082 uoluptatum
646 3012 828 3066 sectatoribue
847 3013 899 3064 ad·
924 3026 996 3087 nant,
1015 3019 1113 3085 inpane
1129 3016 1373 3085 periculosumque
1390 3017 1590 3086 offendiculum
1604 3017 1755 3086 praebere-

56 3106 167 3177 junpe't,
179 3104 230 3173 qui
245 3104 335 3171 mapie
352 3103 503 3154 menendum
522 3102 685 3169 Epicumem,
703 3117 787 3168 quam
804 3115 899 3152 actuu-
924 3112 970 3157 tur
987 3109 1039 3158 otc.
1075 3102 1110 3156 tet
1129 3109 1238 3173 poetee:
1258 3101 1358 3155 Clercce
1375 3109 1468 3155 naeter
1479 3102 1564 3170 palae
1576 3102 1753 3155 libidinibue-

65 3194 136 3245 dum
159 3189 301 3244 Obrutum
327 3187 446 3241 uiuentee
473 3195 499 3240 et
525 3186 700 3254 cauponulae
726 3185 821 3238 eeduli
841 3185 900 3249 fre·
926 3206 978 3260 qne
999 3189 1140 3258 indulpet,
1166 3206 1200 3240 ae
1216 3187 1300 3256 quaei
1318 3187 1384 3240 uelit
1403 3187 1432 3239 in
1451 3195 1612 3241 contemnem
1634 3187 1691 3240 Dei
1707 3188 1753 3239 bo-

64 3285 231 3349 quentantee
240 3276 378 3344 potanda,
397 3275 613 3341 commeeeando,
629 3273 825 3341 praneitanda,
838 3287 899 3323 can·
925 3277 1080 3344 minumque
1103 3274 1179 3327 amni
1199 3288 1298 3340 penore
1322 3273 1451 3326 ultionem
1474 3289 1503 3325 ee
1528 3281 1687 3342 coopertum
1701 3290 1753 3342 pa·

63 3366 189 3420 vivanda
215 3381 276 3415 cum
300 3363 410 3415 teeeerie
429 3369 453 3414 et
473 3362 540 3429 pila
557 3360 681 3413 ludenda
698 3367 824 3426 tempora
841 3365 900 3410 tata
925 3363 981 3415 tiae
1000 3361 1102 3431 palam
1125 3361 1268 3428 caqnaeci,
1298 3375 1381 3426 quam
1407 3356 1523 3410 minima
1551 3358 1647 3427 aliqua
1668 3359 1699 3411 in
1720 3373 1753 3412 re

64 3457 240 3507 comment.
264 3447 418 3518 Grapelati
427 3461 492 3500 uero
508 3453 533 3498 et
550 3445 684 3498 inebriati
690 3451 829 3514 pupnant,
842 3443 899 3496 cla·
926 3451 1096 3503 emendatum
1116 3444 1311 3501 animadverti.
1350 3444 1384 3497 Ut
1394 3446 1485 3498 cetera
1503 3445 1572 3497 cleri
1588 3443 1666 3513 edio,
1683 3461 1755 3515 quae

64 3544 159 3606 mant,
184 3535 400 3596 tumultuantur,
425 3547 524 3585 namen
541 3531 599 3584 Dei
616 3538 642 3583 tt
661 3537 821 3584 cautionem
837 3547 899 3582 etw-
925 3553 986 3588 cerm
993 3534 1101 3605 popula
1114 3533 1268 3586 communia
1277 3531 1366 3599 labet,
1374 3539 1528 3594 taceantur,
1540 3537 1571 3583 at
1581 3537 1655 3584 certe
1663 3531 1753 3584 libido

64 3643 133 3679 rum
151 3621 351 3692 pollutieeimie
376 3618 460 3672 labile
479 3625 657 3670 minuantur
673 3616 767 3685 eicque
785 3618 899 3668 tandem
925 3621 979 3675 illa
1005 3623 1034 3672 in
1060 3621 1134 3673 clera
1161 3619 1243 3672 nimie
1265 3618 1355 3672 libera
1379 3622 1462 3686 atque
1484 3618 1611 3686 notaria,
1635 3625 1753 3687 propter

64 3709 214 3778 compaeiti
223 3725 256 3761 ec
266 3706 440 3759 meretricum
451 3721 566 3758 auarum
577 3703 765 3771 complexibue
778 3703 820 3755 ad
830 3703 900 3754 dioi-
926 3724 1008 3777 quiam
1027 3707 1053 3758 in
1071 3722 1145 3759 nunc
1156 3704 1303 3774 patieeime
1321 3703 1439 3769 insumit
1456 3710 1503 3772 eet,
1521 3720 1539 3756 a
1555 3703 1638 3773 plebe
1656 3705 1753 3757 irrita·

65 3815 135 3850 num
152 3795 245 3849 altare
259 3792 378 3848 ueniunt.
413 3791 472 3845 Pet
491 3787 672 3844 Ferratieneie
687 3787 715 3841 in
732 3787 812 3845 torm.
832 3795 900 3843 ecnt.
926 3801 1007 3863 taque
1026 3791 1135 3862 papula
1152 3789 1325 3843 alienaeeima
1344 3806 1403 3843 eece
1414 3788 1571 3858 judicatur.
1607 3788 1755 3846 Concludit

66 3881 174 3938 definit.
194 3886 218 3946 ς.
238 3878 287 3933 ced
309 3878 345 3931 ed
364 3891 571 3948 quemcunque:
599 3872 772 3928 Gloriam-um
791 3876 900 3927 animm
925 3879 1045 3939 tandem,
1064 3877 1261 3931 mbnaucndee
1279 3891 1338 3929 eeee
1354 3877 1468 3930 inutilee
1485 3893 1519 3930 ae
1532 3877 1692 3946 flaqitiocee
1709 3894 1754 3929 ea·

67 3978 95 4023 et
114 3968 256 4037 appetitur
267 3973 308 4017 eet
325 3964 420 4017 enimce
436 3979 507 4032 prae
519 3962 617 4015 ceterie
629 3963 658 4012 in
667 3960 795 4029 pecuniie
807 3978 899 4014 cumu-
926 3965 1059 4023 cerdaten⁸
1081 3963 1131 4032 qui
1147 3964 1207 4017 euie
1224 3963 1348 4017 moribue
1367 3963 1537 4032 turpieeimie
1554 3961 1698 4016 eccleciam
1710 3976 1753 4013 oc·

67 4057 168 4111 landie
191 4059 289 4106 tantm
312 4050 483 4103 boueetatem
505 4064 673 4101 communem
693 4055 720 4099 et
731 4048 819 4115 fidem
837 4048 900 4100 Dea
927 4051 1064 4104 lamentor
1082 4050 1244 4117 deformam
1265 4057 1292 4102 et
1308 4066 1361 4102 eua
1379 4049 1492 4102 inecitia
1511 4048 1683 4112 labefactant
1697 4063 1754 4099 non

63 4141 246 4214 premiorum,
264 4155 320 4191 nen
337 4133 508 4190 attendentee
525 4151 576 4187 nec
591 4135 731 4186 audacer
748 4132 826 4186 tonte
844 4151 900 4186 ma·
926 4137 1113 4191 mediocriter.
1160 4134 1229 4190 Cum
1259 4143 1368 4190 oratore
1393 4135 1446 4189 ieta
1472 4133 1607 4187 cementit
1629 4132 1756 4203 Agrippa

67 4229 149 4282 rinna
172 4243 222 4280 nac
243 4223 399 4293 Scriptura
416 4231 473 4276 tam
491 4221 608 4291 divinet,
634 4238 718 4290 quam
736 4221 899 4274 moralibca.
928 4225 963 4279 de
985 4222 1069 4276 venit
1093 4221 1188 4276 ecient.
1214 4236 1276 4291 cep.
1297 4227 1343 4276 bt:
1376 4221 1542 4274 Saeadatee
1558 4219 1641 4272 meelti
1657 4236 1756 4272 eacrae

67 4315 163 4385 Epiec.
180 4312 293 4383 Bipont.
313 4310 342 4364 in
360 4313 428 4365 orut.
444 4324 536 4363 eorem
554 4306 661 4362 aoncilii
679 4305 757 4362 Trid.
776 4306 901 4376 putribus
927 4311 1048 4378 airpinee
1066 4315 1209 4377 etuprant,
1234 4307 1333 4360 vitiant
1351 4306 1467 4373 viduae,
1488 4313 1514 4359 et
1533 4307 1609 4375 quad
1628 4320 1678 4375 eqo
1697 4306 1756 4359 ecio

67 4401 168 4455 habita
191 4398 262 4453 inter
290 4395 345 4450 ulie
368 4395 408 4449 eie
424 4394 563 4465 loquitur:
591 4394 676 4446 Duae
699 4393 767 4447 illae
790 4395 902 4462 eanpui-
929 4405 954 4450 et
972 4395 1048 4464 aidi,
1069 4393 1220 4448 Platonica
1238 4392 1298 4459 lepe
1318 4410 1378 4445 cum
1393 4392 1580 4462 popularibue
1598 4393 1656 4444 eure
1674 4393 1755 4455 femi-

66 4503 172 4556 eupae,
190 4502 261 4554 quae
278 4499 386 4551 temper
404 4481 540 4534 clamant:
559 4481 667 4549 Adfer,
687 4480 787 4547 adfer,
811 4480 902 4534 altem
929 4501 981 4536 nae
998 4494 1154 4534 communae
1167 4479 1342 4548 praetituunt
1359 4485 1384 4531 et
1402 4495 1518 4547 quarm
1536 4479 1645 4531 amineae
1659 4478 1757 4530 debent

67 4582 175 4636 mater,
200 4571 294 4624 altera
317 4568 410 4622 nutrice
436 4569 556 4621 amnium
576 4567 730 4635 malorum,
753 4567 903 4636 cupiditas,
929 4568 1047 4636 lucrari,
1067 4584 1158 4619 eorum
1178 4580 1300 4633 corpora
1319 4564 1480 4633 eacriſseant
1498 4563 1619 4616 diabolo.
1652 4561 1757 4617 ”Pro-

68 4663 195 4730 inquam,
215 4665 241 4710 et
259 4655 383 4724 ambitio,
401 4662 520 4725 utraque
538 4651 638 4706 eubtile
655 4653 768 4715 malum,
786 4660 903 4721 utraque
929 4662 1060 4709 teetuntee
1082 4650 1156 4722 apud
1174 4649 1296 4706 Sleidun.
1320 4649 1369 4704 lib.
1390 4656 1428 4705 11.
1448 4666 1512 4722 pag.
1532 4654 1595 4705 30³:
1619 4648 1758 4712 Qrcernad·

69 4753 208 4801 eecretuam
229 4744 319 4806 eina,
342 4741 432 4811 pcetie
455 4748 481 4792 et
500 4745 652 4791 monstrum
672 4738 761 4805 arbie,
786 4740 851 4791 dum
869 4739 903 4790 ab
929 4742 1041 4794 madum
1067 4737 1152 4791 malie
1174 4738 1283 4790 artibue
1306 4743 1332 4788 et
1356 4735 1508 4789 inbaneetie
1531 4736 1688 4789 rationibus
1702 4751 1758 4804 per

68 4834 117 4900 iic,
135 4837 346 4900 qecaetanquam
362 4829 439 4879 uiuae
457 4832 482 4878 et
494 4825 635 4877 animatae
649 4823 722 4890 lepee
734 4825 813 4892 ecqui
822 4841 904 4893 opar-
928 4827 983 4879 vim
1006 4833 1087 4895 utque
1112 4824 1208 4876 dolum
1233 4823 1274 4874 ad
1297 4822 1437 4889 ejuemadi
1447 4823 1647 4890 praefecturae
1662 4837 1758 4891 peree-

68 4925 179 4986 tucrat,
197 4916 285 4968 virtue
302 4931 336 4967 ac
355 4914 498 4974 doctrina,
519 4910 615 4963 uitium
635 4918 662 4962 et
679 4910 842 4978 ipnarantt'a
860 4926 903 4963 ea·
930 4912 1025 4979 uiant,
1053 4926 1135 4980 pam
1154 4916 1261 4976 tue-pem
1278 4907 1365 4961 eitam
1381 4915 1481 4978 cpont,
1508 4923 1592 4978 quam
1612 4909 1759 4962 illaudatie

68 5024 135 5059 rum
153 5005 214 5057 loca
237 5001 351 5055 eummie
375 4999 545 5053 extolluntur
561 4997 728 5065 lanmibue,
754 4997 902 5066 effecerunt
931 4997 1063 5066 exemplis
1084 4996 1273 5065 praeluceant,
1300 5011 1382 5063 quam
1406 4993 1479 5048 nebel
1502 4995 1548 5048 eui
1570 4995 1692 5050 muneris
1712 4992 1760 5063 sa·

70 5092 203 5157 tanclem,
224 5095 254 5140 ut
271 5084 433 5155 aedificatio
450 5085 481 5139 in
499 5084 726 5149 deetructianem,
752 5082 905 5150 exemplum
931 5083 1020 5146 ciam,
1043 5083 1182 5151 mornado
1207 5096 1274 5132 errae
1292 5080 1366 5148 fidei
1387 5081 1548 5136 commictae
1572 5082 1694 5137 nominee
1713 5101 1760 5139 ne·

69 5176 105 5231 in
119 5175 299 5244 ecaudalum,
319 5191 379 5227 mae
396 5172 426 5224 in
446 5170 647 5240 corruptelam,
667 5169 797 5222 cuetodia
813 5167 905 5237 lepum
931 5169 1040 5238 plipant
1064 5176 1089 5220 et
1116 5168 1145 5220 in
1172 5167 1248 5218 amni
1271 5168 1345 5218 vitae
1369 5169 1493 5236 nequitia
1519 5168 1699 5240 bacchantur,
1726 5172 1761 5227 id

70 5265 105 5316 in
116 5267 286 5329 contemtum,
298 5259 431 5311 eceeritae
445 5276 475 5309 en
487 5256 695 5322 recreationem,
711 5253 907 5307 mieericardia
931 5255 1013 5323 eulpa
1029 5254 1070 5306 eic
1091 5259 1185 5306 natum
1205 5261 1244 5305 eet
1261 5258 1343 5320 atque
1361 5259 1504 5319 tentatum,
1527 5262 1558 5309 ut
1574 5257 1758 5326 explicatione

70 5350 105 5402 in
124 5347 325 5417 impunitatem,
341 5344 435 5414 pictae
448 5345 478 5396 in
488 5345 585 5409 siecum
598 5349 623 5393 et
638 5339 806 5411 bppoceiein,
823 5358 906 5409 prae-
928 5339 1082 5412 peoliciari
1099 5355 1154 5392 nan
1178 5338 1215 5391 eit
1233 5355 1309 5407 apuu.
1344 5339 1446 5395 Antan.
1467 5338 1501 5395 de
1521 5341 1637 5396 Roeellie
1655 5342 1684 5397 in
1703 5362 1759 5402 mo-

72 5435 184 5489 dicatia
201 5435 231 5485 in
250 5431 447 5486 contentionem
465 5435 491 5483 et
508 5429 614 5492 riuum,
625 5429 735 5497 fectum
752 5426 783 5479 in
804 5426 907 5496 turpio-
932 5426 1025 5483 nereb.
1047 5429 1119 5508 peut.
1139 5430 1164 5481 3.
1185 5424 1245 5496 hep.
1266 5429 1313 5481 25:
1342 5426 1490 5480 Notarium
1515 5443 1574 5482 eece
1598 5431 1761 5506 quiritatur,

71 5522 175 5577 cimam
200 5526 352 5574 mercatum
373 5525 470 5586 mqeec,
491 5522 522 5568 ut
538 5532 595 5570 una
610 5515 693 5570 rerba
710 5515 816 5580 dicam,
832 5514 907 5568 uitae
933 5515 1009 5585 quad
1031 5512 1061 5566 in
1082 5510 1225 5566 nonnullie
1244 5511 1376 5583 partibue
1398 5511 1496 5566 clerici
1511 5513 1644 5571 uecedmae
1660 5519 1692 5576 in
1710 5520 1760 5581 la·
