4004 6022
802 180 853 236 DE
870 178 1061 240 amanam
1728 190 1789 250 tte

92 335 148 386 ssd
170 349 243 404 quae
266 343 331 389 suat
356 336 504 392 lominum.
548 336 583 390 Si
605 351 671 405 erpo
695 336 798 390 Petrum
818 336 929 406 primus
957 334 1050 392 dictae
1066 336 1150 410 inque
1168 333 1409 408 comsnguinitste
1425 333 1572 391 dominae
1590 335 1661 391 sitas
1679 335 1790 392 nudem

93 417 205 472 osma
220 420 345 474 sicambe
363 421 399 474 ab
416 423 479 491 ipso
497 423 601 476 electus
612 432 639 476 st
651 423 785 477 eccleciae
797 422 930 493 spirim
957 421 1037 476 uobis
1054 422 1167 493 eripere.
1207 423 1259 476 Uti
1275 423 1348 476 enim
1366 439 1419 476 aaa
1437 422 1629 491 apostolorum
1643 430 1733 490 sonat,
1751 423 1794 476 ibi

92 503 162 557 liter
179 507 344 575 depmatm
370 514 485 560 uocatum
502 516 542 560 est
560 525 578 561 a
596 506 708 562 Christo
729 509 866 574 Satanas,
883 507 933 576 qui
956 508 1108 564 cathedrae
1132 510 1324 578 aponolorum
1344 508 1519 577 praecidant.
1555 508 1683 563 &cauus
1706 513 1787 563 tract.

93 606 128 642 ec
153 593 255 660 affectu
282 592 443 646 &betunia
468 594 651 648 comedebat
678 596 706 648 ei
722 596 819 648 nortis
837 594 931 646 nemra
957 592 991 647 de
1010 594 1109 650 eccles.
1128 613 1154 666 q.
1173 601 1197 651 3.
1218 595 1304 652 conci.
1324 600 1348 649 4.
1370 599 1485 648 conatur
1502 594 1662 659 ostendere,
1682 610 1790 649 succes·

92 678 277 747 supplicium,
299 695 350 732 eur
373 679 450 733 alius
472 680 502 733 in
520 681 578 734 vita
597 680 708 735 Christo
728 681 850 750 amplisu
868 697 930 734 con·
956 678 1060 734 sionem
1086 681 1229 736 doctrinae
1255 680 1425 751 apostolicae
1449 696 1505 734 uon
1528 679 1631 736 habere
1651 682 1741 736 locum
1762 681 1792 734 iu

92 764 202 816 naias
224 782 281 818 nan
304 765 445 818 diceretur
470 783 531 820 vere
557 766 683 820 Satanas
707 774 734 819 et
758 782 813 834 per
837 781 929 819 conoe·
956 772 1050 820 nocua
1074 767 1204 837 ecclesia,
1230 767 1279 822 sed
1306 783 1388 838 quam
1414 766 1508 820 irritus
1532 767 1569 820 sit
1593 767 1645 822 iste
1667 775 1791 837 conatus,

92 864 181 917 quens
203 841 393 905 Antichristus
419 852 463 905 ael
489 854 551 920 ejus
578 854 718 917 vicarius,
742 853 786 906 cel
806 853 931 905 minister
957 851 1044 905 cuivis
1062 859 1157 924 patere
1174 858 1275 924 potest,
1294 854 1342 924 qui
1356 853 1468 907 remotis
1479 852 1626 907 calumniis
1638 853 1792 908 doctrinm

88 936 265 1004 praecipuus
285 937 473 991 Antichristit
508 937 586 992 Idem
606 939 642 993 dc
663 937 930 1008 episcopisetcleri·
956 944 1113 993 nostrarum
1132 939 1326 1008 ecclesiarum,
1352 944 1436 1009 prout
1454 939 1484 992 iu
1503 939 1670 1010 Augustana
1687 939 1791 994 coufes-

92 1021 134 1073 cis
155 1020 297 1077 Rommse
320 1023 454 1078 ecclesiae
478 1023 680 1091 concludimus,
706 1024 781 1095 quod
800 1041 856 1078 non
875 1024 931 1076 sint
957 1024 1032 1079 sione
1049 1025 1228 1096 proponitur,
1250 1024 1483 1094 oum.Scripturis
1500 1025 1585 1079 sacris
1603 1025 1727 1080 conferre
1745 1042 1791 1079 vo·

91 1107 280 1176 apostolorum
298 1124 478 1175 successores,
498 1111 547 1164 sed
567 1109 727 1173 adversarii,
745 1111 848 1180 qnippe
867 1126 929 1163 cum
956 1109 1046 1169 luerit.
1081 1111 1187 1174 Quodsi
1205 1111 1322 1165 localem
1348 1116 1376 1165 et
1393 1110 1565 1180 personalem
1579 1111 1718 1182 quandam
1730 1128 1791 1166 suc·
1805 1098 1825 1129 ³

91 1193 152 1247 vita
173 1199 203 1247 et
226 1195 347 1249 moribus
370 1195 425 1248 illis
449 1196 504 1250 sint
522 1196 706 1250 dissimillimi.
740 1197 839 1264 Neque
858 1195 930 1248 enim
956 1196 1107 1251 cessionem
1132 1197 1263 1250 continua
1287 1201 1316 1249 et
1335 1211 1390 1249 non
1409 1195 1563 1264 interrupta
1581 1196 1651 1251 serie
1670 1195 1706 1250 ab
1725 1212 1791 1266 spo·

91 1288 252 1332 ramorum
271 1281 328 1343 ulti
343 1290 415 1349 sunt,
434 1282 484 1351 qui
502 1290 593 1335 lenem
612 1283 676 1336 loca
694 1289 861 1346 sanctorum,
880 1281 932 1333 ced
955 1281 1033 1336 stolis
1051 1281 1198 1337 deductam
1211 1298 1229 1336 a
1242 1281 1324 1335 nobis
1338 1281 1488 1352 requirant,
1505 1280 1710 1352 respondemus,
1729 1298 1791 1336 suc·

93 1368 143 1432 qui
176 1375 301 1419 mercem
337 1383 425 1434 opera
452 1384 554 1421 eorum
588 1384 650 1437 cap.
685 1366 749 1422 Non
775 1374 817 1422 est
839 1364 929 1420 facile.
955 1367 1106 1422 cessionem
1130 1384 1190 1422 esse
1216 1367 1261 1422 vel
1287 1367 1453 1421 ordinariam
1472 1367 1516 1421 vel
1536 1367 1791 1424 extraordinariam.

93 1450 158 1504 dist.
176 1456 218 1505 40.
237 1467 270 1504 ex
286 1451 457 1521 Hieronymo
475 1469 509 1506 ao
527 1453 659 1524 magister
680 1451 840 1507 Aloiresant
852 1458 930 1505 vates
956 1451 1104 1507 Ordinsria
1116 1452 1253 1508 successio
1266 1458 1333 1506 tuuc
1347 1454 1457 1507 demum
1470 1452 1555 1508 habet
1564 1454 1665 1521 locum,
1679 1454 1791 1524 quaudo

93 1553 128 1591 ex
154 1535 246 1591 insule
270 1536 370 1592 Rhodo
394 1538 469 1592 circa
490 1554 593 1591 anuum
621 1543 693 1593 1391.
712 1544 788 1592 recte
807 1537 929 1609 scripsit:
956 1538 1073 1592 ministri
1096 1538 1229 1594 ecclesiae
1251 1544 1279 1593 et
1302 1537 1368 1593 iidei
1394 1543 1421 1591 et
1440 1537 1492 1593 loci
1510 1538 1617 1593 ratione
1635 1545 1791 1594 antecesso-

95 1623 152 1685 Qus'
173 1640 261 1692 neque
288 1624 396 1678 Chresti
419 1641 506 1693 neque
529 1624 720 1694 apostolorum
746 1640 833 1692 opera
853 1639 930 1676 ecer-
958 1623 1034 1678 sibus
1053 1625 1111 1678 suis
1130 1625 1294 1693 succedunt,
1311 1623 1361 1677 sed
1382 1625 1448 1694 quia
1465 1624 1623 1679 orthodoxis
1634 1624 1792 1696 pastoribus

94 1717 168 1777 cent,
193 1711 255 1777 qast
276 1727 400 1778 unquam
422 1710 478 1762 sibi
495 1710 566 1762 tales
586 1710 699 1777 reliquit
716 1726 887 1762 nmoesmres
904 1717 930 1761 et
957 1710 1125 1780 quandoque
1142 1709 1298 1764 succedunt
1315 1708 1374 1778 lupi
1392 1725 1523 1778 perversa
1535 1710 1665 1771 docentes
1675 1712 1738 1767 Act.
1749 1717 1791 1781 20,

94 1796 240 1849 sicarios.²
275 1805 384 1865 tempus
418 1797 505 1863 icitur
530 1797 690 1864 putationis
715 1797 780 1864 jam
808 1795 929 1849 aduenit.
956 1811 981 1846 v.
1003 1799 1044 1850 211.
1062 1795 1125 1849 ideo
1142 1795 1220 1849 Deus
1238 1794 1266 1847 in
1287 1794 1406 1848 ecclesia
1424 1795 1547 1865 regenda
1561 1812 1617 1849 uon
1629 1797 1718 1851 utitur
1728 1815 1790 1868 per·

96 1887 120 1936 8.
138 1880 267 1951 Denique
290 1881 437 1952 illegitimo
462 1883 619 1953 juramento
646 1880 770 1952 pontifici
794 1887 860 1935 sunt
882 1878 930 1934 ob·
955 1885 1040 1949 petuo
1052 1881 1384 1942 ordinariasucoessione,
1404 1881 1453 1935 sed
1465 1882 1683 1938 extraordinaris
1704 1900 1788 1954 quan-

96 1966 192 2031 stricti,
210 1966 280 2022 adeo
298 1974 330 2020 ut
347 1984 382 2021 ue
399 1966 512 2036 quidem
527 1982 593 2022 vera
611 1973 707 2021 contra
721 1983 822 2036 papam
836 1967 929 2020 dicere
955 1966 1046 2037 doque
1066 1967 1169 2021 excitat
1186 1966 1307 2020 sinceros
1325 1966 1461 2032 doctores,
1479 1982 1530 2036 per
1547 1984 1617 2038 quos
1630 1976 1789 2038 corruptum

94 2052 149 2106 illis
167 2051 331 2122 permissum
350 2051 400 2120 sit,
425 2052 499 2106 unde
521 2052 712 2107 Protestantes
731 2051 928 2106 relaxationem
955 2052 1089 2107 ecclesiae
1112 2059 1215 2107 statum
1239 2050 1371 2107 reformat
1394 2057 1423 2106 et
1439 2052 1518 2117 illos,
1542 2054 1589 2123 qui
1609 2054 1664 2107 loci
1683 2056 1790 2109 ratione

37 2141 80 2184 ¹¹⁸·
95 2138 169 2192 illius
189 2139 348 2209 juramento
367 2138 470 2209 optimo
485 2139 549 2209 jure
565 2138 755 2209 postularunt,
780 2144 929 2208 antequam
955 2139 1066 2193 suntin
1085 2139 1224 2193 ordinaria
1235 2139 1416 2208 successione,
1428 2138 1512 2194 officii
1525 2139 1568 2193 sui
1581 2140 1721 2197 admonet.
1744 2139 1789 2196 Sic
1840 2200 1843 2208 ,

95 2226 217 2296 ipsorum
241 2224 348 2296 judicio
375 2225 404 2279 in
431 2242 515 2279 cause
539 2224 681 2296 religionis
707 2242 738 2279 se
766 2224 929 2278 submittere
955 2241 1018 2279 oum
1036 2225 1080 2279 Eli
1097 2233 1126 2279 et
1143 2225 1228 2295 ipsius
1248 2224 1298 2279 filii
1316 2243 1333 2279 a
1351 2225 1412 2280 Deo
1430 2226 1549 2296 turpiter
1569 2225 1730 2290 deficerent,
1750 2227 1790 2279 in-

94 2311 204 2368 velleut.
231 2312 362 2366 Formula
374 2313 434 2382 ejus
447 2317 538 2366 emtat
556 2330 579 2365 o.
597 2311 665 2381 Ego.
686 2311 720 2364 de
731 2308 929 2379 jurejurando:
954 2311 1072 2380 terrupit
1091 2310 1168 2365 Deus
1186 2311 1353 2365 ordinarium
1365 2311 1441 2374 illam
1454 2311 1631 2365 sacerdotum
1643 2313 1672 2366 iu
1684 2312 1791 2366 ismilia

93 2400 238 2468 Populum
258 2399 403 2452 Rauennae
428 2399 560 2452 eeclesiae
585 2405 611 2450 et
637 2397 752 2464 repedas
769 2402 929 2448 saecolorum
955 2395 1000 2449 Eli
1022 2396 1222 2451 successionem
1248 2403 1277 2450 et
1300 2397 1485 2452 sacerdotium
1509 2397 1538 2451 in
1556 2398 1639 2452 alium
1656 2399 1789 2453 familiam

89 2492 206 2553 patrum
224 2486 344 2555 adjutor
362 2502 410 2538 era
428 2486 470 2536 ad
484 2484 694 2548 defendendum
712 2490 738 2533 et
752 2480 928 2534 retinendum
955 2483 1111 2545 transtulit,
1142 2490 1162 2537 1.
1190 2482 1263 2539 Sam.
1290 2488 1318 2546 2,
1345 2500 1370 2537 v.
1398 2487 1440 2539 30.
1483 2482 1552 2537 Cum
1573 2490 1696 2554 tempore
1715 2486 1790 2556 regis

93 2572 172 2625 saluo
199 2571 300 2626 ordine
318 2588 379 2625 meo
397 2578 497 2624 contra
516 2586 610 2622 omnes
628 2568 759 2622 homines.
796 2566 929 2621 Memorat
955 2568 1051 2622 Achae
1068 2567 1202 2638 templum
1222 2574 1294 2623 esset
1312 2568 1449 2639 pollutum
1470 2573 1499 2623 et
1513 2568 1586 2624 fores
1596 2571 1657 2640 ejus
1668 2571 1789 2635 clausae,

93 2664 186 2712 autem
214 2656 378 2712 secretarius
406 2655 488 2709 Pauli
514 2654 564 2711 IV.
595 2652 735 2725 pontificis
762 2653 791 2706 iu
818 2650 866 2707 lib.
893 2667 929 2704 an
955 2655 1068 2725 insuper
1091 2655 1174 2708 etiam
1200 2670 1322 2708 summus
1341 2655 1470 2708 sacerdos
1488 2654 1570 2711 Urias
1587 2655 1789 2711 idololatricum

94 2742 206 2797 decreta
226 2742 336 2797 concilii
354 2741 480 2795 Trident.
493 2741 550 2795 sint
561 2740 645 2795 aruns
657 2737 819 2808 imperanda
830 2737 877 2791 iol.
888 2743 928 2792 90.
954 2741 1060 2795 cultum
1087 2748 1267 2812 propagaret,
1294 2740 1425 2795 excitavit
1449 2740 1526 2796 Deus
1548 2743 1711 2813 prophetes,
1740 2760 1791 2812 per

94 2828 159 2883 edit
184 2826 311 2884 Piortzh.
335 2826 439 2882 &mae
456 2826 552 2881 haberi
569 2826 716 2881 arctiorem
733 2831 760 2880 et
778 2823 928 2878 auctiorem
955 2842 1024 2897 quos
1050 2825 1156 2881 cultum
1179 2826 1303 2880 divinum
1331 2826 1366 2880 ad
1390 2826 1535 2897 pristinam
1558 2827 1743 2884 sinceritatem
1762 2836 1791 2884 et

92 2912 248 2980 formulam,
262 2914 438 2984 juxtaquam
452 2920 517 2969 ante
532 2913 736 2968 concessionem
749 2911 928 2967 investiturae
954 2914 1142 2985 iutegritatem
1167 2913 1290 2982 reduxit,
1314 2918 1338 2969 2.
1358 2911 1427 2985 Reg.
1449 2919 1494 2983 16,
1519 2932 1544 2967 v.
1568 2921 1608 2970 10.
1646 2919 1670 2969 2.
1690 2915 1790 2971 Chron.

93 2998 216 3070 pontifici
240 3015 271 3053 se
286 2989 467 3071 ⁴obstringere
484 3006 629 3070 coguntur.
664 2998 708 3052 Ea
732 2998 804 3053 enim
822 2998 862 3052 sio
880 2997 928 3052 ha·
956 3004 1003 3062 28,
1031 3017 1057 3055 v.
1084 3005 1124 3055 24.
1155 2999 1184 3053 id
1211 2999 1302 3070 ipsum
1331 2998 1392 3053 aliis
1420 3015 1530 3070 quoquo
1559 3001 1730 3070 temporibus
1759 3003 1788 3056 iu

93 3084 155 3139 bet:
171 3086 235 3152 Epa
254 3087 291 3140 N.
309 3087 457 3155 epe'scapus
476 3087 512 3138 ab
530 3086 584 3139 bac
601 3086 673 3138 bora
690 3093 720 3137 ut
738 3092 823 3138 antea
834 3084 929 3150 fidelis
955 3087 1059 3157 populo
1077 3084 1232 3141 israelitico
1251 3085 1362 3155 saepius
1379 3084 1493 3155 iactum,
1510 3092 1542 3139 ut
1558 3086 1678 3141 Levitici
1696 3104 1788 3144 sacer·

93 3188 143 3224 ero
157 3170 185 3225 S.
198 3172 294 3239 Petra,
313 3178 428 3224 saumae
441 3172 613 3240 apostolicae
627 3171 774 3224 Romanae
796 3170 929 3222 ecclesiae
956 3173 1046 3241 dotes,
1065 3188 1149 3243 penes
1170 3187 1239 3242 quos
1259 3178 1320 3224 erat
1336 3170 1474 3225 ordinaria
1493 3172 1638 3241 successio,
1657 3189 1708 3242 per
1725 3190 1787 3244 pro-

92 3257 262 3326 doms'noque
288 3272 348 3309 mea
368 3273 464 3325 papae
490 3256 605 3326 ejusque
624 3256 829 3309 successoribus
847 3272 928 3308 cano·
955 3257 1053 3328 phetas
1083 3255 1298 3311 extraordinarie
1324 3261 1436 3310 vocatos
1465 3264 1493 3311 et
1516 3257 1613 3312 missos
1638 3259 1786 3329 redargue·

92 3345 154 3397 aios
173 3342 348 3396 intrantibus.
384 3343 450 3394 Non
470 3359 518 3395 ero
535 3359 623 3409 neque
639 3342 669 3393 in
688 3341 821 3405 coratio,
840 3355 928 3409 nsque
955 3351 1050 3399 rentur
1071 3351 1100 3397 et
1122 3342 1250 3396 doctrina
1271 3342 1398 3396 coelestis
1417 3341 1453 3395 ab
1471 3342 1643 3411 idololatriae
1660 3344 1788 3399 sordibus

93 3432 125 3482 in
140 3430 229 3495 lacto,
247 3438 277 3481 ut
295 3429 381 3482 citam
396 3429 503 3496 perdat
521 3435 548 3480 st
565 3427 716 3480 membrum
734 3426 779 3480 uel
796 3428 930 3495 captata
955 3434 1159 3500 repurgaretur.
1202 3427 1248 3482 Sic
1267 3428 1352 3481 Amos
1369 3427 1502 3480 ruborum
1521 3430 1790 3498 mansueriscam

93 3518 173 3570 mala
191 3515 319 3584 captione
341 3515 496 3580 canalium,
514 3514 591 3582 quod
607 3513 676 3565 mibi
693 3521 741 3566 aut
754 3530 808 3581 per
825 3530 862 3575 se,
879 3519 929 3565 aut
956 3516 1051 3569 diviua
1077 3515 1221 3569 vocanone
1247 3514 1338 3566 subito
1360 3512 1502 3581 propbeta
1530 3517 1642 3583 effeetus
1670 3525 1723 3585 est,
1758 3524 1790 3571 nt

90 3620 146 3672 per
169 3603 282 3667 meras,
307 3609 357 3653 aut
378 3617 432 3669 per
449 3602 577 3652 nuntium
594 3598 793 3666 manifestabit,
810 3601 851 3653 ad
868 3600 929 3668 ejus
955 3602 1077 3673 loquitur
1095 3600 1282 3671 Hieronymus
1301 3600 1337 3654 ad
1354 3599 1465 3655 Heliod.
1503 3599 1576 3664 Quid
1596 3602 1671 3672 quod
1689 3601 1790 3658 Erech.

93 3691 228 3742 damnum
240 3687 316 3740 nulli
328 3689 466 3756 pandam.
504 3687 646 3755 Populum
665 3687 823 3738 Romanum
843 3694 871 3739 et
886 3704 928 3740 rc
955 3694 997 3753 44,
1016 3706 1040 3741 v.
1063 3693 1103 3742 12.
1122 3693 1150 3742 et
1167 3686 1256 3741 Ossae
1274 3692 1299 3750 4,
1318 3703 1343 3740 v.
1363 3693 1387 3741 o.
1406 3686 1526 3740 minatur
1544 3686 1680 3741 Dominus
1699 3705 1788 3744 sacer-

92 3775 177 3843 pulas
198 3775 227 3827 S.
245 3773 326 3826 Petri
343 3773 461 3840 aajsaor
478 3787 526 3824 erc
544 3773 585 3824 cd
601 3772 779 3824 retinendum
792 3779 818 3824 et
831 3773 927 3835 desen·
956 3773 1067 3829 dotibus
1077 3772 1217 3840 leviticis,
1237 3772 1311 3843 quod
1329 3777 1443 3842 propter
1461 3772 1644 3828 idololatriam
1662 3788 1709 3829 eos
1722 3774 1790 3830 velit
1801 3780 1838 3829 m
1850 3780 1897 3828 tte.

93 3862 217 3914 mudum
237 3867 336 3912 contra
353 3856 614 3923 omnemlsominem,
631 3857 708 3924 jura,
724 3856 851 3925 bonores,
867 3858 928 3926 pri·
955 3860 1088 3931 repellere
1106 3864 1134 3913 et
1151 3859 1283 3912 inlocum
1297 3857 1419 3927 ipsorum
1432 3855 1499 3912 alios
1512 3858 1688 3914 substituere.
1711 3859 1790 3916 Neve

92 3946 199 4014 sileain
221 3953 247 3999 et
272 3944 462 3997 auctoretatem
485 3943 632 3996 Romanae
658 3944 791 3996 ecclesiae
810 3944 931 3998 Domini
955 3947 1017 4019 quis
1042 3945 1182 4013 obvertat,
1214 3946 1243 3996 iu
1271 3944 1299 3998 V.
1325 3943 1356 3998 Τ.
1382 3944 1560 3997 ordinariam
1589 3946 1788 4000 mactationem

93 4032 187 4086 nostri
199 4047 297 4099 papae
314 4037 339 4082 et
357 4045 547 4082 successorum
565 4030 628 4097 ejus
640 4045 812 4095 conseruare,
832 4032 928 4096 defen·
955 4032 1122 4101 interrumpi
1141 4032 1278 4100 potuisse,
1307 4047 1357 4082 neo
1381 4031 1527 4082 doctrinae
1547 4030 1734 4084 nocuitatem
1752 4032 1789 4084 ei-

94 4121 171 4182 derc,
185 4134 288 4186 aucae
299 4125 326 4170 et
334 4133 500 4186 promouere
509 4117 621 4184 curalo,
642 4116 756 4185 repulus
768 4124 929 4171 sannorum
956 4122 1017 4174 mm
1038 4127 1172 4190 perpetuo
1190 4118 1288 4184 suesce
1314 4115 1506 4183 conjunctam,
1532 4115 1622 4168 aliam
1647 4132 1713 4170 cero
1732 4133 1790 4171 ests

89 4203 929 4275 patrum,demeto,ordinationensententias,dispositiones,
955 4207 1092 4260 rationem
1120 4206 1156 4259 N.
1189 4205 1220 4256 Τ.
1249 4203 1280 4257 in
1308 4219 1363 4272 quo
1392 4203 1505 4272 vipeant
1525 4203 1727 4271 promessiones
1753 4205 1789 4258 dc

93 4293 305 4354 restructiones,
318 4291 496 4359 provinense
517 4299 543 4343 et
560 4292 696 4343 mandata
715 4290 873 4359 apostolica
891 4299 930 4344 to·
953 4299 1092 4362 perpetua
1116 4297 1275 4342 sanctorum
1298 4289 1463 4358 pontificum
1485 4289 1515 4341 in
1541 4291 1607 4342 sede
1630 4289 1791 4358 apostolica

95 4379 132 4432 tis
154 4377 262 4432 uis-ihm
288 4376 439 4430 obeauobo
464 4383 490 4429 et
512 4376 622 4438 facian
641 4376 677 4428 ab
698 4375 822 4429 omnihus
840 4376 930 4430 obsa-
956 4378 1140 4445 successione,
1165 4375 1295 4446 jubemus
1313 4374 1453 4429 evidentia
1472 4380 1501 4430 et
1518 4377 1665 4448 perspicua
1684 4375 1737 4430 hac
1756 4374 1791 4429 de

94 4466 175 4532 cari,
201 4463 373 4530 lunaticos,
400 4461 592 4515 schismaticae
619 4470 645 4514 et
669 4461 787 4515 rebelles
817 4464 929 4516 domino
956 4483 986 4521 re
1009 4479 1025 4517 e
1050 4461 1201 4531 Scriptnris
1225 4459 1310 4514 amris
1332 4461 1450 4531 proferri
1475 4462 1640 4517 testimonia.
1673 4462 1792 4516 Exstant

94 4558 191 4605 nostro
216 4564 313 4618 papae
338 4565 393 4617 pro
414 4564 498 4617 posce
523 4564 680 4617 paseqrsar
703 4555 729 4601 et
753 4549 929 4618 inpraepnabo.
956 4556 1030 4604 certe
1047 4548 1141 4602 tristes
1160 4545 1364 4617 praedictiones
1385 4546 1421 4600 de
1439 4547 1580 4616 apostasia
1601 4547 1791 4619 quadamfers

94 4636 184 4707 Atqui
199 4634 303 4689 talibus
316 4633 482 4704 juramentis
500 4633 537 4686 ed
555 4640 613 4687 tam
633 4649 744 4689 coecam
766 4643 794 4688 et
812 4634 931 4689 illimita·
956 4633 1079 4706 generali
1103 4639 1126 4689 2.
1147 4631 1245 4688 Thess.
1267 4637 1296 4699 2,
1319 4649 1344 4686 v.
1373 4637 1396 4687 3.
1423 4632 1458 4687 de
1483 4633 1597 4704 copiosa
1620 4633 1789 4704 pseudopro·

96 4731 154 4776 tam
171 4720 360 4776 obedientiam
373 4718 492 4790 apostoli
503 4737 560 4773 non
571 4718 686 4774 inerunt
699 4720 784 4774 Petro
798 4720 932 4785 obstricti,
957 4722 1103 4791 phetarum
1121 4719 1205 4773 turba
1219 4716 1319 4771 Matth.
1339 4723 1380 4787 24,
1397 4736 1423 4774 v.
1443 4725 1466 4772 5.
1487 4718 1521 4774 de
1540 4719 1614 4789 lupis
1633 4718 1662 4773 in
1680 4725 1790 4790 aposto·

97 4810 147 4863 sed
156 4807 244 4863 libere
261 4824 324 4861 eum
343 4806 553 4869 admonuerunt,
572 4806 641 4876 quin
659 4811 687 4860 et
698 4805 934 4877 reprehenderunt
957 4808 1046 4861 lorum
1065 4805 1155 4861 locum
1175 4804 1343 4859 successuris
1362 4804 1426 4860 Act.
1446 4810 1493 4873 2⁰,
1513 4822 1539 4862 v.
1559 4810 1600 4863 29.
1620 4806 1792 4862 deecclesia

96 4895 162 4954 Act.
186 4901 224 4956 11,
245 4911 270 4947 v.
292 4899 316 4947 2.
354 4891 417 4947 Gal.
439 4898 463 4958 2,
483 4909 508 4946 v.
532 4897 571 4947 14.
606 4891 681 4960 Ergo
701 4893 824 4965 episcopi
837 4894 932 4949 Ponti·
958 4895 986 4947 in
1010 4892 1185 4949 solitudinem
1209 4889 1334 4962 fugitura
1351 4890 1440 4960 Apoc.
1462 4896 1506 4955 12,
1530 4909 1556 4946 v.
1574 4897 1599 4947 6.
1618 4899 1669 4945 eto.
1707 4897 1735 4947 et
1761 4900 1792 4946 ut

97 4981 155 5036 ficii
174 4997 229 5034 non
247 4987 312 5032 sunt
330 4978 387 5033 veri
405 4977 592 5049 apostolorum
611 4994 793 5034 successores.
958 4980 1065 5051 reliqua
1090 4977 1182 5032 amnia
1202 4976 1290 5031 latere
1310 4976 1460 5046 patiamur,
1490 4976 1557 5046 quid
1576 4975 1611 5031 de
1628 4975 1792 5032 Antichristi

37 5069 61 5128 ,¹¹-
116 5073 193 5123 ’199.
229 5067 386 5120 Mensorum
405 5066 523 5118 tertium.
560 5063 634 5119 Num
653 5063 771 5118 ministri
780 5066 933 5136 evangelici
957 5063 1126 5134 temporibus
1149 5061 1294 5117 dicemus?
1320 5061 1457 5117 Fateutur
1477 5061 1637 5130 adversarii,
1657 5071 1724 5117 tuuc
1743 5065 1791 5116 de-

37 5136 69 5223 }s-
98 5155 155 5208 sint
178 5152 235 5206 veri
260 5150 447 5222 apostolorum
465 5150 659 5203 successuum?
694 5150 834 5205 Pontifieii
854 5169 933 5222 prae-
957 5153 1064 5205 citurus
1083 5166 1176 5202 amoses
1194 5148 1342 5216 relipianic
1363 5149 1536 5202 ceremonias
1552 5148 1697 5218 publicas,
1723 5167 1792 5221 quo·

38 5226 73 5315 {ff
97 5241 186 5295 fracte
198 5239 268 5293 illud
280 5243 393 5308 negant,
407 5237 458 5292 sed
470 5244 618 5307 antequam
631 5236 759 5306 probent,
778 5238 931 5293 doctrinam
958 5236 1039 5291 modo
1058 5235 1144 5306 igitur
1162 5233 1258 5288 localis
1279 5238 1308 5287 et
1325 5239 1439 5287 externa
1458 5235 1507 5287 illu
1524 5235 1661 5289 successio
1673 5235 1793 5306 amplius

37 5338 43 5366 ¹
98 5333 221 5381 nostram
239 5324 275 5378 ab
292 5323 479 5395 apostolorum
497 5323 623 5376 doctrina
636 5323 772 5377 diversam
787 5341 858 5393 esse,
876 5343 931 5379 non
957 5321 1073 5378 habebit
1097 5320 1212 5375 locum?
1242 5318 1375 5373 excitabit
1398 5318 1475 5373 Deus
1501 5322 1572 5374 duos
1598 5329 1681 5374 testes
1703 5323 1794 5393 Apoc.

37 5388 62 5471 ,ν
97 5417 216 5483 possunt
238 5409 419 5464 successionis
443 5406 610 5480 apostolicae
633 5425 696 5463 vere
715 5415 744 5465 et
760 5411 872 5479 proprie
891 5412 931 5466 sic
961 5416 1006 5476 11,
1036 5426 1060 5462 v.
1088 5412 1111 5462 3,
1137 5407 1190 5461 hoc
1210 5411 1252 5461 est
1269 5421 1373 5477 paucos
1391 5404 1488 5460 fideles
1507 5406 1646 5474 doctores,
1672 5407 1721 5480 qui
1737 5426 1793 5464 uon

149 5505 251 5547 &chesdi
264 5504 312 5546 loci.
331 5505 354 5546 V.
1428 5513 1461 5565 29
