3998 6024
845 290 896 346 DE
914 289 1106 348 accenset.
1767 304 1827 364 411

123 441 324 509 solpms'tanus.
341 443 422 496 anteit
441 450 468 498 et
485 443 621 511 Basilius,
639 461 743 500 ausae
761 446 861 501 etalii.
892 447 967 500 Nam
994 446 1128 503 Ebionem
1148 452 1176 503 et
1194 446 1356 504 Corinthum
1375 454 1498 520 tempore
1518 450 1703 520 apostolorum
1722 453 1830 504 exortas

126 525 304 581 Caelestinus
327 529 430 583 musae
455 531 599 586 introitum
619 533 710 600 dedit,
737 531 894 600 Greporius
912 535 968 602 Kp·
994 532 1095 588 reterre
1113 539 1244 603 possunt;
1271 533 1445 602 Photiniani,
1465 533 1692 599 Mahumetistae,
1713 535 1831 606 gentiles

123 613 270 677 dehiscit,
291 612 394 669 Gloria
414 618 444 669 in
464 619 578 672 arches
593 617 862 688 DeoTslespharus,
881 621 967 674 calla·
995 619 1167 675 durationem
1191 620 1350 674 diuturnam
1370 626 1398 675 et
1414 637 1470 674 non
1488 621 1670 691 interruptam
1691 621 1748 675 suis
1765 621 1831 677 hae·

124 699 219 753 tiones
249 699 383 754 Gelasins
409 703 535 772 primus,
565 702 714 772 epistolam
743 712 769 757 st
796 707 966 773 evanpclium
994 704 1110 774 nasibus,
1122 704 1301 776 blasphemiis
1314 712 1342 760 et
1355 705 1517 760 idololatriis
1529 714 1689 776 praetexere
1701 713 1831 777 possunt3

125 785 325 856 Hieronymus,
343 787 473 856 Alleluia
490 795 608 841 sumtum
628 797 668 841 cst
688 806 720 842 ea
737 791 853 844 ecclesia
866 792 967 846 Hiero·
995 790 1159 846 Antichristi
1176 808 1322 862 synagoga
1340 792 1422 862 longo
1440 798 1564 862 tempore
1583 791 1693 846 durarst
1707 799 1735 848 ct
1751 793 1832 847 dura·

125 872 308 941 culpatione,
321 874 474 941 maiolum
491 875 656 928 seconcilio
670 875 785 939 Niceno,
798 886 968 932 mortuarium
995 876 1036 931 bit
1061 894 1149 948 usque
1176 876 1213 931 ad
1240 876 1323 931 finem
1349 876 1453 931 mundi.
1499 877 1649 948 cajetanus
1676 878 1705 932 in
1734 895 1832 936 comm,

125 957 414 1012 commemorationem
431 959 568 1026 Pelupius
585 961 696 1029 incenit,
715 962 778 1015 thus
789 963 848 1016 Leo
863 962 968 1032 teram,
995 969 1019 1019 2.
1045 962 1142 1017 Thess.
1167 967 1197 1018 2:
1225 963 1364 1031 Sequanos
1387 963 1554 1016 antichristi
1579 963 1720 1017 durabunt
1745 981 1833 1034 usaue

126 1043 253 1097 osculum
277 1045 361 1113 pacis
390 1044 571 1099 Innocentius
597 1047 725 1114 primns.
762 1056 793 1101 ut
822 1057 969 1102 caneretur
994 1049 1036 1101 ad
1052 1049 1259 1118 apparitionem
1279 1049 1414 1101 aduentus
1436 1048 1556 1118 Christi,
1583 1049 1743 1119 differentia
1761 1051 1833 1104 enim

127 1147 220 1201 apnus
232 1130 298 1191 Dei,
320 1130 436 1199 Sergius
454 1132 575 1185 institnit
595 1141 644 1185 etc.
675 1134 857 1188 Innocentius
871 1135 968 1189 testim
995 1141 1035 1187 est
1052 1135 1125 1187 inter
1143 1130 1359 1189 consuriuionem
1378 1144 1404 1189 st
1417 1135 1640 1190 destructionem.
1672 1133 1832 1189 Consumtis

125 1216 467 1270 mministantiationem
495 1219 627 1286 sanauit,
653 1235 676 1274 e
693 1218 808 1274 firmiter
823 1220 969 1285 credimus,
994 1219 1154 1288 spiritualis
1179 1227 1233 1289 cst,
1259 1230 1397 1274 consumct
1416 1238 1477 1274 eum
1498 1221 1601 1289 spiritu
1619 1220 1678 1274 oris
1698 1219 1756 1284 stri,
1782 1222 1833 1275 ltac

127 1303 165 1356 de
183 1319 279 1357 summ.
292 1301 369 1360 Trin
384 1309 413 1359 et
426 1303 481 1359 fide
493 1302 593 1360 cathol.
613 1308 737 1374 synodus
752 1307 969 1362 contantiensis
995 1312 1034 1357 est
1054 1305 1158 1374 spiritu
1182 1307 1318 1360 sermonis
1335 1306 1488 1375 ecanpclii,
1511 1307 1560 1359 ubi
1577 1307 1659 1359 multi
1676 1309 1717 1359 ad
1731 1308 1833 1361 uerita

127 1393 365 1456 ποτηριοκλεψίαν
395 1391 544 1460 stabilirit;
583 1393 760 1463 Zepltsrinus
788 1395 909 1465 statuit„
937 1400 970 1448 ut
995 1399 1048 1444 tem
1070 1393 1258 1460 euangelicam
1282 1401 1487 1450 convertentia,
1513 1401 1544 1445 at
1572 1392 1653 1446 multi
1670 1408 1833 1461 perseuera-

127 1492 223 1531 0mnes
250 1475 414 1545 Christiani,
442 1477 490 1547 qui
512 1478 667 1548 pubertatis
691 1496 778 1534 annos
803 1480 968 1552 attigissent,
996 1479 1061 1531 bunt
1088 1495 1174 1547 resque
1200 1481 1241 1532 ad
1267 1481 1416 1533 aduentum
1443 1478 1548 1532 illinisti
1571 1484 1622 1533 etc.
1669 1485 1694 1535 4.
1715 1478 1833 1535 Duratio

126 1562 166 1616 ad
201 1562 342 1617 minimum
371 1564 471 1620 semel>
488 1566 636 1636 quotannis
666 1565 861 1622 eucharistiam
889 1584 969 1639 cape·
995 1580 1051 1617 non
1073 1565 1229 1634 interrupta
1253 1582 1308 1618 non
1333 1571 1376 1619 est
1393 1565 1442 1619 ulli
1463 1565 1597 1620 ecclesiae
1614 1564 1775 1636 particulari
1793 1566 1833 1621 its

127 1655 191 1703 rent
209 1650 255 1704 dic
273 1651 433 1719 praesertim
450 1651 591 1720 paschali;
616 1653 763 1707 Fabianus
781 1653 913 1723 sancivit,
937 1660 969 1709 ut
995 1649 1115 1721 propria,
1134 1657 1166 1703 ut
1184 1651 1220 1705 ab
1239 1668 1273 1705 et
1287 1651 1410 1722 separari
1422 1655 1550 1721 nequeat·
1579 1649 1727 1705 Promittio
1738 1651 1834 1706 divina

127 1735 158 1790 id
176 1742 218 1790 ter
238 1733 329 1805 fieret;
355 1736 537 1791 innocentius
555 1736 616 1792 ΙΙΙ.
635 1743 664 1792 et
682 1741 828 1793 Honorius
845 1757 967 1795 asserva·
995 1741 1050 1803 cst,
1078 1736 1224 1792 ecclesiam
1250 1744 1385 1808 perpetuo
1413 1736 1588 1805 duraturam,
1617 1737 1665 1792 scd
1683 1735 1752 1792 haec
1771 1755 1833 1808 pro·

127 1823 232 1876 tionem
257 1821 440 1879 eucharistiae
465 1823 502 1877 ad
521 1825 726 1895 aegrotantium
746 1821 967 1884 commoditatem
996 1824 1090 1878 missio
1110 1823 1222 1894 proprie
1240 1824 1360 1894 pertinet
1377 1840 1433 1877 non
1451 1824 1487 1878 ad
1505 1823 1576 1877 hanc
1594 1823 1638 1878 vel
1657 1824 1732 1878 iilam
1749 1823 1834 1895 parti·

127 1908 314 1963 smairernnt.
349 1907 394 1963 Sic
416 1926 483 1980 ergo
508 1927 558 1981 per
582 1910 689 1982 aliquot
704 1913 797 1967 secula
813 1914 969 1969 laboratum
995 1909 1115 1967 culmem
1136 1914 1165 1962 et
1183 1908 1320 1963 risibilem
1339 1909 1491 1977 ecclesiam,
1508 1909 1558 1964 scd
1578 1909 1613 1963 ad
1632 1909 1776 1965 ecclesiam
1788 1926 1832 1964 ca-

127 1994 190 2057 fnit,
208 1994 296 2049 donec
315 1995 427 2050 tandem
444 1995 540 2051 infelix
557 1996 605 2051 ille
623 2004 721 2067 partus
738 1999 895 2055 missaticus
915 2001 969 2055 for·
995 1994 1126 2051 tholicam
1145 1995 1309 2061 electorum,
1332 2012 1405 2066 quas
1421 1995 1451 2049 in
1468 2001 1562 2067 petra,
1582 1995 1635 2051 hoc
1653 2002 1696 2050 est
1716 1993 1834 2066 Christo,

128 2086 259 2136 maratus.
997 2081 1114 2136 fundata
1137 2081 1269 2136 adversus
1295 2099 1389 2138 omnes
1420 2080 1570 2137 inferorum
1596 2087 1690 2151 portas
1722 2082 1835 2138 immota

443 2188 463 2199 r
494 2191 653 2199 ---
996 2169 1132 2239 persistet.
1159 2167 1301 2238 Scriptura
1313 2174 1439 2238 testatur,
1452 2169 1596 2225 ecclesiam
1608 2168 1668 2223 fore
1679 2175 1833 2240 aetemam3

996 2253 1045 2308 sed
1063 2254 1191 2325 nuspiam
1209 2254 1292 2322 dicit,
1316 2253 1460 2308 ecclesiam
1484 2269 1544 2307 esse
1562 2254 1598 2306 ad
1617 2258 1723 2308 certum
1742 2253 1834 2309 locum

71 2339 117 2381 aa
381 2320 444 2380 SE
463 2321 485 2382 0
502 2324 527 2381 Τ
545 2323 562 2384 Ι
582 2323 605 2384 0
640 2323 711 2384 ΙΙΙ.
997 2345 1025 2393 et
1051 2339 1087 2393 ad
1116 2344 1220 2395 certam
1244 2343 1355 2410 gentem
1374 2338 1530 2409 alligatam,
1557 2343 1590 2391 ut
1607 2338 1635 2391 in
1655 2338 1705 2393 illa
1722 2339 1788 2395 sede
1806 2345 1835 2396 et

996 2430 1080 2495 gente
1099 2425 1244 2479 duratione
1266 2425 1406 2487 continua,
1424 2428 1560 2494 perpetua
1572 2429 1665 2478 etnon
1677 2425 1834 2497 interrupta

131 2477 200 2542 DE
226 2477 420 2544 TERTIA
449 2478 746 2546 EGOLESIAE
775 2480 915 2546 NOTA
940 2481 969 2545 Α
996 2510 1126 2582 gaudeat.
1141 2510 1284 2564 Ecclesiae
1296 2511 1460 2580 complures,
1473 2514 1505 2563 ut
1516 2507 1701 2578 Antiochena,
1714 2511 1834 2567 Alexan·

132 2578 476 2647 BELLARMINO
520 2581 833 2667 ASSIGNATA,
878 2581 968 2649 DU·
997 2597 1085 2667 duna,
1103 2596 1411 2667 constantinopolitana
1430 2602 1481 2650 etc.
1500 2596 1565 2651 olim
1578 2599 1833 2669 gravespatisban·
1861 2572 1863 2575 ι

131 2681 363 2750 RATIONE
400 2684 651 2752 SOILIOET
683 2685 968 2752 DIUTURNA.
996 2688 1042 2736 tuf
1068 2682 1293 2752 interruptim&
1320 2698 1411 2754 neque
1437 2689 1531 2737 mmen
1558 2682 1651 2737 'mim
1671 2684 1836 2739 diffluebant

997 2785 1058 2823 esse
1084 2784 1165 2824 verae
1184 2768 1325 2825 ecclesiae.
1360 2769 1526 2824 Macedonio
1544 2768 1681 2825 haeretico
1699 2770 1729 2824 in
1747 2769 1834 2825 eccle-

70 2876 118 2905 ιη·
170 2858 228 2909 tto.
264 2852 421 2906 Membrana
438 2855 572 2923 primum.
608 2855 686 2910 Sitne
711 2854 821 2910 duratio
839 2855 971 2910 diuturna
997 2854 1038 2908 sia
1071 2854 1377 2924 Constantinopolitano
1405 2854 1592 2910 succedebant
1624 2854 1776 2927 Gregorius
1807 2862 1836 2911 et

70 2919 160 3008 ,'”,‘„st
184 2955 241 2993 non
262 2937 418 3009 interrupta
443 2956 510 2995 vera
532 2944 561 2994 et
588 2940 711 3011 gannim
733 2940 866 2995 ecclesias
883 2941 970 2995 nom?
996 2941 1144 2998 Nectarius
1166 2941 1289 3011 episcopi
1313 2940 1474 3009 orthodoxi,
1497 2941 1626 2997 Nestorio
1647 2941 1786 2997 haeretico
1805 2942 1834 2996 in

70 3019 117 3060 ⁸³⁸⁸
134 3030 157 3080 1.
177 3022 330 3079 Ecclesiam
347 3032 483 3096 perpetuo
495 3027 609 3081 durasse
620 3032 648 3081 et
661 3033 796 3097 perpetuo
810 3027 970 3081 duraturam
996 3027 1113 3084 ecclesia
1129 3027 1319 3082 Alexandrina
1330 3028 1519 3083 succedebant
1530 3028 1680 3083 Flavianus
1694 3029 1781 3083 etalii
1794 3029 1834 3099 pii

133 3127 207 3179 esse,
237 3118 314 3166 extra
338 3111 552 3168 controversiam
577 3113 722 3183 ponimus3
759 3119 782 3169 1.
808 3114 857 3168 sed
883 3130 917 3168 ex
937 3131 970 3169 eo
997 3113 1129 3186 episcopi.
1165 3113 1291 3168 Romana
1310 3113 1427 3168 ecclesia
1445 3115 1563 3186 antiqua
1580 3114 1750 3185 temporibus
1769 3131 1833 3185 apo·

131 3217 189 3255 non
206 3203 298 3270 potest
316 3197 425 3271 colligi,
444 3200 519 3271 quod
537 3200 648 3254 duratio
665 3200 703 3253 sit
720 3199 843 3271 genuina
862 3205 891 3254 et
907 3216 970 3270 pro·
997 3200 1129 3255 stolorum
1147 3199 1328 3271 propinquior
1345 3200 1521 3272 gravissimas
1539 3216 1623 3270 passa
1640 3207 1682 3255 est
1698 3201 1834 3256 vicissitu-

131 3287 194 3357 pria
212 3284 347 3340 ecclesiae
363 3293 437 3340 nota.
474 3291 497 3341 l.
516 3285 579 3342 Sive
597 3286 670 3340 enim
688 3285 797 3349 duratio
816 3286 971 3356 accipiatur
998 3287 1075 3341 dines
1093 3285 1352 3358 tumagentilibus,
1371 3294 1429 3340 tum
1443 3287 1480 3341 ab
1491 3286 1646 3342 haereticis.
1674 3286 1760 3340 Primi
1772 3288 1834 3358 ejus

131 3380 260 3441 respectu
278 3374 411 3442 temporis
427 3373 592 3442 prodant,
612 3371 670 3428 sive
689 3377 818 3443 respectu
836 3375 971 3442 temporis
996 3373 1118 3444 episcopi
1135 3373 1164 3428 in
1178 3372 1340 3427 solitudines
1352 3371 1529 3443 fugabantur,
1549 3372 1727 3428 Marcellinus
1738 3374 1833 3429 immo·

130 3458 236 3525 saturi,
262 3475 318 3512 non
337 3465 430 3528 potest
447 3477 499 3529 pro
519 3458 640 3531 genuina
660 3465 688 3514 et
706 3459 820 3530 propria
837 3459 971 3514 ecclesiae
997 3459 1073 3514 labat
1096 3458 1193 3525 idolis,
1216 3458 1344 3513 Liberius
1368 3457 1459 3512 factus
1477 3463 1519 3512 est
1535 3459 1670 3529 Annus,
1694 3459 1834 3515 Honorius

130 3551 199 3601 nota
222 3546 319 3616 accipi.
355 3545 384 3602 Si
408 3546 561 3617 accipiatur
584 3553 714 3617 respectu
738 3546 870 3618 temporis
891 3563 971 3617 prae·
997 3545 1184 3601 Monotheleta
1201 3551 1252 3601 etc

132 3632 223 3698 teriti,
240 3632 373 3686 coincidit
391 3648 454 3685 cum
475 3631 656 3702 antiquitate,
675 3632 748 3687 idem
767 3632 854 3704 igitur
872 3633 908 3687 de
927 3648 969 3695 ea,
1033 3639 1090 3688 171.
1126 3631 1271 3696 Quomodo
1295 3647 1360 3686 vero
1376 3632 1476 3702 probat
1493 3632 1690 3702 Bellarminus,
1712 3633 1941 3689 durauerant.

131 3719 208 3790 quod
219 3719 255 3774 de
264 3717 429 3789 antiquitate
442 3716 525 3773 debet
537 3735 596 3774 esse
607 3718 759 3789 judicium3
779 3719 803 3773 si
818 3719 971 3790 accipiatur
996 3735 1058 3773 nem
1075 3718 1234 3772 diuturnam
1252 3734 1304 3773 nec
1323 3734 1446 3790 uuquam
1465 3718 1646 3788 interruptam
1667 3735 1728 3774 esse
1745 3719 1833 3775 eccle·
1845 3701 1922 3791 ,iffi

131 3813 262 3876 respectu
279 3804 410 3874 temporis
428 3804 528 3868 futuri,
554 3806 677 3859 nondum
699 3820 828 3875 praesens
853 3810 908 3873 est,
936 3821 970 3860 ac
995 3804 1053 3859 siae
1075 3804 1191 3860 noum?
1224 3809 1247 3860 1.
1266 3806 1398 3859 Ecclesia
1422 3804 1531 3876 (inquit)
1551 3813 1705 3874 propterea
1728 3806 1833 3860 acuar
1845 3800 1958 3902 212¹·er

133 3891 251 3962 proinde
268 3897 350 3947 nome
363 3890 452 3945 vicem
468 3890 603 3946 sustinere
614 3908 670 3946 non
682 3898 782 3962 potest.
813 3898 838 3949 2.
851 3890 971 3946 Duratio
995 3891 1144 3954 calohae,
1158 3908 1215 3945 non
1227 3891 1317 3944 solum
1329 3892 1398 3960 quia
1408 3907 1516 3960 semper
1528 3891 1594 3956 fuit,
1605 3892 1659 3943 sed
1670 3891 1754 3943 cnam
1764 3892 1832 3960 quia
1845 3905 1970 3946 sensusne

136 3977 269 4030 diuturna
285 3994 341 4030 non
360 3993 469 4048 semper
486 3977 614 4033 murena
631 3977 770 4033 ecclesiae
808 3977 971 4049 Apostolica
995 3994 1104 4046 semper
1122 3978 1175 4030 erit
1186 3978 1273 4047 jacta
1293 3976 1370 4031 sizna
1386 3977 1457 4032 Dan
1474 3982 1500 4038 1,
1519 3992 1545 4029 v.
1562 3981 1603 4030 44.
1619 3991 1737 4043 reanum
1755 3979 1833 4046 quod

133 4063 260 4130 ecclesia,
273 4080 345 4133 quae
357 4067 420 4132 post
430 4063 533 4118 Christi
548 4063 754 4119 adscensionem
767 4081 818 4134 per
826 4062 970 4135 praedica·
995 4065 1025 4117 in
1042 4072 1186 4117 octauum
1203 4081 1259 4117 non
1277 4064 1470 4132 catapultae.
1505 4061 1728 4132 Respondemus:
1749 4070 1770 4117 1.
1788 4078 1831 4118 ec·

132 4150 237 4205 tionem
247 4149 384 4220 evangelii
393 4149 421 4202 in
430 4155 489 4204 toto
498 4157 632 4204 terrarum
642 4151 708 4205 orbe
718 4149 970 4222 colligebatur,non
995 4150 1106 4205 alesiam
1123 4149 1288 4205 catholicam
1301 4154 1436 4219 perpetuo
1450 4148 1610 4202 dmamrsm
1622 4149 1735 4203 minime
1746 4165 1832 4221 nega·

132 4242 245 4308 poterat
262 4236 297 4290 de
316 4235 447 4289 diuturna
465 4235 624 4304 duratione,
650 4236 760 4306 qualem
778 4237 889 4307 quidem
908 4236 970 4292 Bel·
995 4255 1069 4299 mus,
1091 4237 1176 4308 idque
1200 4235 1346 4291 confirmat
1370 4233 1475 4288 dictum
1499 4234 1690 4304 propheticum
1717 4235 1788 4290 Dan.
1807 4240 1833 4302 2,

133 4322 267 4378 larmirus
292 4321 345 4376 hoc
367 4320 429 4376 loco
451 4322 596 4394 intelligit,
618 4322 745 4395 gloriari,
771 4322 858 4378 nihilo
877 4330 969 4378 tamen
996 4343 1021 4379 v.
1041 4330 1084 4380 tt.
1100 4323 1150 4378 sed
1169 4340 1203 4378 ex
1220 4338 1253 4377 eo
1269 4336 1326 4376 non
1342 4325 1436 4391 potest
1454 4320 1562 4389 inferri,
1579 4320 1722 4377 ecclesiam
1731 4319 1832 4378 Roma·
1882 4338 1885 4342 ’

133 4411 224 4464 minus
244 4415 304 4464 erat
322 4424 388 4462 vera
400 4407 527 4463 ecclesia
559 4408 633 4472 Quas
647 4408 676 4462 in
687 4408 765 4463 noris
778 4409 876 4462 insulis
888 4409 969 4464 hodie
995 4426 1059 4463 nem
1077 4425 1138 4463 esse
1157 4424 1251 4463 voram
1268 4407 1344 4461 illam
1355 4405 1519 4461 catholicam
1531 4406 1685 4475 ecclesiam,
1704 4411 1750 4462 cui
1763 4411 1833 4466 tales

130 4496 261 4568 plantant
278 4494 418 4553 ecclesias.
437 4510 487 4548 eac
505 4494 602 4550 itidem
622 4495 657 4551 de
674 4494 821 4549 <imatione
838 4492 970 4547 diuturna
996 4495 1188 4565 promissiones
1208 4493 1244 4547 de
1262 4500 1398 4564 perpetua
1415 4493 1559 4548 duratione
1579 4493 1672 4548 iactae
1685 4494 1749 4562 sint,
1766 4496 1835 4565 quis·

131 4582 246 4655 gloriari
272 4587 420 4652 nequeunt
458 4586 481 4634 3.
502 4580 620 4636 Duratio
643 4581 775 4635 diuturna
796 4598 852 4635 non
870 4595 968 4634 conve
996 4582 1121 4636 &mana
1151 4579 1271 4635 ecclesia
1291 4587 1334 4636 est
1357 4580 1477 4635 ecclesia
1496 4580 1686 4649 particularis,
1716 4579 1834 4636 deficere

130 4672 174 4724 nit
191 4667 325 4723 ccclesiae
342 4666 408 4735 soli,
435 4666 502 4738 quia
520 4668 672 4721 communis
688 4667 730 4721 illi
747 4672 790 4722 est
808 4682 871 4720 cum
889 4681 969 4735 syna·
995 4668 1081 4740 igitur
1098 4673 1190 4739 potest
1206 4667 1342 4722 catholica
1359 4667 1468 4722 interim
1485 4674 1683 4737 permanente,
1702 4671 1735 4721 ut
1750 4682 1832 4738 snpe-

131 4771 208 4827 goga
226 4753 345 4808 Satanae
364 4769 397 4806 ac
415 4750 528 4806 civitate
544 4753 655 4806 diaboli.
684 4751 860 4824 Augustinus
872 4750 970 4822 lions
996 4754 1052 4808 rius
1071 4753 1251 4810 ostendimus.
1287 4758 1311 4808 2.
1330 4752 1395 4806 Pari
1411 4752 1517 4807 ratione
1535 4769 1568 4806 ex
1587 4769 1627 4818 co,
1648 4753 1725 4825 quod
1745 4753 1833 4809 eccle·

131 4839 238 4896 catech.
256 4837 349 4895 rudib.
363 4856 385 4892 c.
405 4843 449 4894 ta:
468 4840 555 4892 Duas
573 4838 708 4903 ciuimtes,
724 4857 784 4893 una
801 4838 970 4908 iniquorum,
996 4840 1038 4895 sia
1050 4839 1186 4895 catholica
1199 4845 1333 4911 perpetuo
1346 4838 1383 4891 sit
1396 4839 1538 4904 duratura,
1555 4855 1612 4893 nou
1622 4845 1716 4911 potest
1729 4839 1833 4907 inferri,

132 4928 229 4982 altera
252 4934 412 4979 sancta-nm
431 4926 467 4977 ab
485 4924 554 4977 inito
572 4925 684 4991 pennis
703 4925 921 4994 humaniusque
940 4925 970 4977 in
996 4927 1071 4997 quod
1093 4925 1181 4980 omnis
1204 4930 1299 4980 coetus
1323 4932 1458 4993 perpetuo
1483 4925 1586 4978 durans
1606 4925 1643 4979 sit
1660 4914 1726 4980 vera
1743 4933 1772 4982 et
1787 4943 1833 4981 ca·

125 5017 216 5084 finem
237 5012 326 5066 seculi
344 5013 553 5080 perducuntur,
575 5027 649 5063 nunc
668 5011 827 5079 pammac
845 5011 970 5080 corpori·
996 5011 1099 5066 tholica
1118 5011 1248 5073 ecclesia,
1270 5009 1338 5081 quia
1354 5027 1502 5082 synagoga
1519 5010 1639 5067 &mnae
1656 5011 1768 5066 durabit
1787 5030 1832 5066 us·

132 5103 195 5169 bus,
214 5101 268 5153 sed
284 5098 472 5152 uoluntatibus
491 5104 657 5165 separatae,
676 5097 705 5148 in
722 5096 769 5149 die
781 5097 891 5163 judicii
906 5115 970 5151 uero
981 5065 986 5150 i
997 5113 1052 5169 que
1069 5096 1105 5151 ad
1125 5095 1219 5149 mundi
1236 5094 1327 5162 finem,
1344 5097 1453 5149 amnia
1471 5112 1534 5150 cum
1551 5096 1625 5151 bono
1636 5097 1740 5152 semine
1751 5104 1835 5154 erunt
1939 5158 1942 5170 ,

132 5189 217 5242 etiam
237 5201 354 5255 carpam
373 5185 559 5253 separandae.
594 5183 673 5238 Idem
689 5182 788 5253 repetit
807 5182 854 5236 lib.
876 5191 916 5240 11.
935 5183 971 5238 de
997 5183 1128 5254 permista
1151 5198 1236 5252 usqne
1254 5184 1295 5235 ad
1313 5190 1419 5250 umpus
1439 5182 1535 5235 meest‘s
1553 5180 1654 5238 Matth.
1674 5188 1721 5247 1³,
1743 5201 1769 5237 v,
1790 5189 1832 5242 39.
1886 5192 1893 5205 “

133 5274 237 5330 Genus.
262 5272 299 5327 ad
322 5271 364 5326 lit.
388 5287 412 5326 c.
440 5276 479 5326 15.
503 5269 550 5324 lib.
572 5276 611 5325 15.
630 5269 664 5324 ds
684 5268 758 5322 civit.
775 5268 837 5324 Dei.
854 5287 879 5328 c.
902 5277 924 5325 1.
940 5270 970 5324 in
992 5273 1096 5339 paleae
1118 5286 1180 5322 cum
1207 5269 1301 5322 tritico
1319 5275 1401 5322 erunt
1417 5267 1568 5338 permixtae
1586 5270 1728 5339 usquead
1745 5272 1833 5326 venti·

132 5366 252 5416 enamat
280 5357 385 5414 Psalm.
402 5362 443 5413 61.
463 5362 515 5412 etc.
551 5355 585 5409 In
596 5354 721 5410 orientali
733 5355 851 5410 ecclesia
862 5357 898 5412 do
910 5357 970 5410 diu·
995 5355 1127 5410 lationem
1148 5354 1178 5408 in
1203 5355 1250 5408 die
1271 5353 1420 5408 novimimo
1437 5353 1560 5408 futuram
1577 5353 1675 5409 Matth.
1694 5362 1725 5424 3,
1745 5375 1772 5414 r.
1792 5363 1833 5414 12.

133 5455 217 5502 mma
243 5445 390 5500 duratione
414 5442 527 5512 gloriari
551 5447 667 5513 possunt
686 5439 856 5511 Nestoriani,
882 5442 970 5513 Euty·
996 5442 1081 5497 laedi
1107 5441 1146 5516 aq
1167 5442 1249 5512 apsis
1270 5441 1301 5496 in
1325 5440 1370 5495 dic
1383 5440 1484 5510 judicii
1502 5440 1612 5497 demum
1628 5443 1835 5513 separabuntur

135 5531 238 5600 chinni,
256 5529 355 5586 muni
375 5533 429 5584 eto.
445 5529 496 5600 qui
514 5528 656 5585 ducturae
674 5526 809 5600 arigium
826 5544 915 5599 usque
932 5528 971 5583 sd
997 5527 1096 5583 Manu
1121 5532 1230 5599 25ηἰ
1247 5528 1291 5585 a.
1321 5525 1523 5582 munimem
1550 5528 1674 5586 mtrem
1696 5528 1833 5589 nonina
