4004 6022
198 159 259 216 4¹8
763 151 885 210 Locus
904 148 1108 208 wcusfflus
1126 149 1326 208 SECUNDUS

198 309 226 360 et
258 305 397 360 salutem?
444 306 573 371 Quodsi
595 306 708 378 quidam
734 306 896 377 superstites
920 306 1033 361 fuemrnt
1058 305 1108 362 lib.
1136 313 1159 363 1.
1186 306 1216 360 in
1246 305 1347 362 Erech.
1376 322 1401 361 c.
1430 305 1508 361 lust*
1557 311 1581 360 t.
1607 303 1755 378 Simplices
1781 303 1895 377 quidam

196 409 261 446 vere
278 391 317 462 pii
335 399 363 446 et
382 393 539 456 credentes,
558 393 655 463 utique
672 393 756 448 etiam
774 401 914 463 superstes
932 392 1034 447 mansit
1060 392 1223 462 Christiani,
1251 391 1405 464 repudiatis
1421 409 1544 449 errorum
1563 393 1705 465 papalium
1723 393 1895 463 corruptelis

198 477 322 542 ecclesia,
342 496 414 549 quae
432 498 486 534 non
507 495 539 533 ex
558 479 743 549 multitudine,
761 479 811 534 scd
830 496 863 534 ex
880 478 938 534 fide
951 477 1032 533 aesti-
1060 478 1214 546 doctrinae,
1242 497 1327 550 quam
1347 496 1380 533 ex
1399 480 1585 548 praelectione
1601 478 1798 550 pericoparnm
1818 495 1896 534 evan·

197 565 307 621 manda.
1059 566 1224 635 gelicarum,
1245 582 1278 619 ex
1295 565 1426 636 Symbolo
1445 565 1645 636 apostolorum,
1665 583 1700 621 er
1718 565 1897 621 meditatione

236 658 292 706 ΠΒ.
330 650 403 714 Quia
420 667 485 706 vero
503 652 624 705 nondum
643 652 791 723 quiescunt
808 650 961 717 Pontificii,
984 649 1033 704 sed
1061 650 1190 705 historiae
1213 650 1349 721 passionis
1371 658 1423 706 cte.
1445 658 1642 721 perceperant,
1666 652 1750 708 unice
1768 650 1897 707 adhaese

198 737 340 808 postulant
367 737 396 790 in
424 736 517 807 specie
544 738 596 792 sibi
621 737 816 805 demonstrari,
842 736 955 808 quinam
981 737 1034 791 sub
1059 744 1138 806 runt,
1158 737 1207 807 qui
1223 736 1289 792 licet
1307 737 1343 790 ob
1360 753 1451 808 papae
1467 738 1643 807 tyrannidem
1660 738 1785 808 publicis
1804 739 1934 794 errori-11

104 834 107 839 ·
198 831 303 893 papatu
322 823 441 892 amplexi
460 822 565 879 fuerint
584 841 676 878 veram
697 823 852 877 doctrinam
872 839 905 877 ac
924 829 1034 877 nostrae
1060 823 1112 877 bus
1134 839 1195 878 sese
1220 829 1276 876 non
1300 831 1503 893 opposuerunt,
1530 830 1624 878 tamen
1645 841 1741 879 veram
1765 824 1850 879 iidem
1870 826 1895 878 in

199 908 333 963 ecclesiae
370 909 474 963 fuerint
507 910 588 978 socii,
625 926 679 980 age
709 910 896 979 obsequamur
924 908 1034 962 illorum
1059 910 1142 964 corde
1167 915 1330 976 tennerunt,
1355 908 1427 963 sicut
1452 909 1535 964 hodie
1553 910 1583 964 in
1601 910 1694 965 medio
1714 920 1824 982 papatu
1841 912 1896 982 qui·

198 994 347 1064 postulato.
392 993 576 1049 Producintus
601 1005 694 1049 autem
717 994 945 1064 primoomnium
965 994 1034 1048 vati·
1059 997 1124 1049 dam
1148 995 1249 1064 latent,
1275 994 1377 1066 quibus
1397 1010 1502 1049 errores
1519 996 1634 1066 papales
1655 996 1818 1051 demeritis
1836 1013 1897 1068 ope·

198 1079 300 1133 oinium
328 1079 520 1150 propheticum
548 1080 621 1136 Dan.
651 1086 696 1144 12,
728 1099 753 1134 v.
779 1087 826 1136 41:
868 1082 931 1135 Hae
955 1081 1034 1134 solae
1060 1099 1130 1145 rum,
1147 1082 1183 1136 de
1200 1081 1322 1151 primatu
1338 1080 1486 1150 pontificis,
1502 1097 1536 1135 ac
1549 1082 1635 1137 moles
1649 1082 1698 1137 illa
1708 1081 1897 1152 traditionum,

197 1166 382 1219 salvabantur
406 1168 440 1220 ds
466 1185 551 1219 mane
576 1167 638 1234 ejas
657 1167 751 1220 Edem
774 1175 799 1218 et
816 1167 904 1220 Moab
928 1173 955 1221 et
973 1168 1034 1237 pri-
1060 1166 1277 1222 ceremonIarum
1295 1182 1328 1221 ac
1344 1166 1571 1237 superstitionum
1587 1184 1621 1221 ex
1634 1168 1729 1224 animo
1744 1168 1898 1240 displicent,

198 1253 293 1305 mirice
313 1253 439 1315 filioram
457 1254 585 1315 Amnson,
605 1251 653 1306 ubi
672 1251 794 1306 Luthero
812 1253 962 1324 interprete
982 1254 1036 1308 tria
1060 1254 1109 1309 sed
1134 1269 1200 1323 prae
1226 1260 1301 1307 metu
1327 1251 1513 1323 inquisitionis
1536 1252 1649 1322 publice
1670 1271 1705 1309 ea
1726 1272 1848 1326 arguere
1868 1271 1897 1309 ac

198 1339 340 1394 hominum
359 1355 463 1408 genera
482 1345 694 1407 enumerantur,
714 1355 785 1409 quae
803 1340 855 1394 snb
873 1340 1036 1395 Antichristi
1061 1339 1193 1395 detestari
1212 1344 1348 1394 verentur.
1384 1338 1483 1393 Fuisse
1502 1345 1594 1394 autern
1613 1340 1696 1395 etiam
1711 1342 1898 1413 superioribus

92 1430 95 1435 ’
198 1424 348 1495 tyrannide
375 1424 412 1479 ad
435 1423 553 1480 salutem
576 1424 632 1479 sint
657 1425 833 1493 conservata,
856 1428 945 1497 primo
963 1446 1035 1480 mor·
1061 1425 1161 1480 seculis
1190 1425 1261 1479 tales
1293 1423 1414 1479 occultos
1439 1423 1543 1480 Christi
1568 1425 1720 1496 discipulos
1751 1428 1898 1482 emendant

198 1519 287 1578 tyras,
319 1511 367 1580 qui
394 1510 587 1581 significantur
613 1529 663 1581 per
689 1511 779 1566 Edem
803 1528 820 1565 a
842 1512 978 1568 rubedine
996 1513 1035 1567 sic
1061 1510 1267 1566 mussitationes
1293 1511 1329 1565 de
1353 1509 1502 1581 tyrannide
1523 1526 1627 1581 papae,
1658 1512 1695 1567 de
1718 1512 1898 1584 indulgentiis

199 1596 320 1665 dictum3
359 1597 480 1652 secundo
509 1597 652 1666 simplices
686 1598 852 1666 Christiani,
881 1598 929 1669 qni
958 1603 1035 1653 extra
1061 1605 1113 1653 etc.
1139 1596 1268 1668 querelae
1293 1596 1328 1651 de
1354 1602 1484 1667 corrupto
1505 1596 1638 1652 ecclesiae
1658 1597 1804 1654 &manae
1827 1606 1897 1654 stetu

199 1684 347 1752 strepitum
365 1682 549 1738 idolomaniae
563 1682 727 1739 Pontificius
748 1684 890 1739 constituti
903 1686 1034 1740 ateneris
1061 1700 1094 1738 ac
1117 1682 1264 1753 repentina
1288 1682 1453 1753 approbatio
1479 1681 1619 1737 docuinae
1637 1701 1688 1753 per
1709 1684 1899 1739 Luthernma

197 1767 355 1839 unguiculis
381 1765 447 1821 fidei
468 1767 642 1824 Christianae
661 1769 818 1825 rudimenta
837 1770 1034 1840 aparentibus
1060 1769 1189 1824 sordibus
1217 1768 1366 1838 papalibus
1391 1774 1567 1839 repurgatas.
1612 1775 1636 1824 3.
1664 1771 1789 1834 Quidam
1811 1771 1896 1826 immi·

164 1845 166 1851 ’
198 1853 459 1924 αεοερωτθςιὼω
477 1853 661 1923 simplicitatis
681 1859 710 1909 et
725 1854 790 1910 fidei
804 1856 963 1925 inculpatae
979 1855 1034 1911 sibi
1061 1863 1144 1911 nentc
1162 1855 1258 1909 mortis
1278 1871 1369 1926 agone
1390 1855 1426 1910 de
1439 1853 1637 1909 insufficientia
1648 1862 1677 1910 et
1688 1856 1898 1928 imperfectione

198 1958 258 1996 esse
275 1940 351 2010 passi
369 1939 489 2006 fuerunt,
506 1938 551 1996 vel
570 1946 644 1995 certc
665 1940 718 1996 sub
736 1940 820 1996 finem
836 1936 910 1996 vitae
923 1943 1034 2012 abjecta
1060 1959 1175 2012 operum
1202 1960 1220 1996 a
1243 1941 1357 2013 propria
1379 1939 1548 1996 conscientia
1573 1939 1693 1995 convicti
1718 1947 1809 2014 atque
1833 1943 1899 1998 inte

197 2027 372 2099 propriorum
396 2027 556 2081 meritorum
573 2025 677 2102 fiducia
695 2027 724 2082 in
741 2045 796 2082 uno
816 2027 917 2083 Christi
936 2029 1034 2084 merito
1060 2028 1117 2081 rius
1140 2045 1191 2098 per
1215 2026 1349 2098 Spiritum
1373 2034 1501 2082 sanctum
1523 2026 1742 2082 consolationum
1760 2029 1898 2100 evangeli·

197 2131 307 2168 omnem
333 2130 410 2183 spem
435 2112 533 2168 salutis
557 2113 742 2182 collocarunt,
771 2114 819 2185 qui
842 2114 1035 2186 significantur
1060 2131 1155 2170 carum
1173 2113 1307 2169 admoniti
1326 2113 1439 2183 abjecta
1456 2113 1630 2183 propriorum
1648 2114 1813 2169 meritorum
1831 2115 1897 2170 fidu·

197 2217 248 2270 per
271 2199 368 2264 Moab,
393 2200 468 2271 quod
493 2205 536 2254 est
560 2216 578 2253 a
595 2206 689 2269 patrs3
716 2200 797 2254 tertio
821 2202 962 2270 infantes,
986 2204 1033 2275 qui
1060 2199 1104 2253 eia
1126 2199 1163 2254 ad
1190 2199 1302 2254 unicum
1326 2197 1429 2254 Christi
1455 2197 1582 2252 meritum
1604 2217 1671 2254 vera
1690 2198 1748 2254 tide
1766 2201 1897 2273 confuge

196 2305 248 2358 pcr
270 2286 438 2357 baptismum
460 2287 549 2340 renati
574 2286 652 2357 prius
669 2287 698 2339 in
716 2286 786 2340 vivis
804 2305 865 2343 esse
884 2288 1034 2353 desierunt,
1060 2292 1139 2354 runt,
1167 2286 1214 2357 qui
1242 2287 1265 2339 si
1289 2285 1333 2340 rel
1358 2285 1474 2340 maxime
1498 2285 1613 2357 papales
1636 2286 1774 2356 quosdam
1793 2305 1898 2344 errores

198 2381 349 2445 antequam
387 2373 556 2427 idolomania
588 2371 737 2427 Pontificia
767 2374 891 2444 ipsorum
923 2374 1034 2452 *animas
1059 2371 1151 2426 adhuc
1187 2371 1307 2442 amplexi
1342 2379 1420 2436 sunt,
1457 2377 1551 2427 tamen
1589 2372 1801 2429 fundamentum
1836 2374 1899 2430 fidei

198 2459 414 2529 contaminaret,
440 2459 488 2530 qui
508 2459 674 2515 denotantur
691 2475 742 2530 per
760 2459 896 2529 primitias
914 2459 1034 2515 filiorum
1060 2457 1300 2529 apprehendentes
1315 2458 1413 2513 salvati
1428 2464 1494 2513 sunt
1511 2459 1591 2529 quasi
1608 2459 1779 2531 perignem,
1796 2462 1898 2516 ausus

197 2547 333 2616 Ammon,
357 2547 433 2618 quod
456 2551 499 2600 est
516 2545 637 2617 populus
655 2562 733 2600 meus
750 2546 887 2616 proprius.
924 2546 960 2600 Ι).
979 2546 1033 2602 Ce-
1060 2544 1166 2599 scilicet
1187 2561 1311 2599 errorum
1336 2544 1445 2615 stipulis
1470 2544 1654 2600 tentationum
1671 2550 1699 2601 et
1716 2547 1810 2601 crucis
1828 2549 1898 2618 igne

197 2650 295 2687 snerus
320 2634 348 2686 in
369 2632 500 2704 praelect.
525 2633 583 2687 suis
609 2631 638 2686 in
662 2632 734 2687 Dan.
751 2632 835 2702 paulo
852 2632 934 2687 aliter
950 2633 1032 2688 inter·
1059 2628 1123 2684 Huc
1160 2629 1300 2699 pertinent
1330 2629 1438 2700 piarum
1469 2629 1579 2684 illarum
1609 2647 1722 2701 precum
1753 2632 1899 2703 formulae,

197 2725 331 2790 pretatur.
374 2718 446 2783 Quia
468 2717 541 2771 enini
569 2717 729 2783 Edomitae,
757 2717 896 2773 Moabitae
919 2725 948 2773 et
966 2719 1032 2772 Am·
1059 2732 1132 2786 quae
1159 2722 1269 2772 exstem
1296 2717 1325 2771 in
1348 2716 1468 2773 Hortulo
1494 2717 1616 2788 animae,
1643 2719 1672 2772 in
1691 2720 1843 2791 Anselmo,
1870 2722 1899 2776 in

199 2804 320 2859 monitae
344 2804 457 2859 fuerunt
474 2804 625 2872 contempti
642 2802 738 2872 popuii
756 2804 882 2875 adeoque
902 2805 1034 2861 Israelitis
1060 2801 1197 2857 embardo
1226 2809 1298 2858 ets.
1328 2820 1398 2875 quas
1429 2802 1600 2859 moribundis
1631 2806 1788 2875 praelectas
1814 2808 1899 2864 fuine

200 2889 408 2953 abominabiles,
429 2889 512 2944 Deut.
532 2894 578 2954 23,
598 2907 624 2944 v.
645 2895 667 2942 l.
686 2888 749 2942 ideo
766 2890 879 2954 statuit,
905 2907 955 2959 per
973 2891 1034 2945 illos
1060 2888 1174 2943 historia
1203 2889 1338 2944 ecclesiae
1366 2895 1493 2946 nemun.
1541 2888 1680 2960 Casparus
1709 2892 1897 2966 Ulenbergius

199 2976 367 3050 generaliter
399 2992 481 3030 seusu
513 2973 630 3044 mystico
660 2973 813 3044 significari
839 2977 979 3047 abjectum
1007 2985 1035 3032 et
1060 2975 1089 3029 in
1107 2974 1178 3029 libro
1197 2991 1279 3046 quem
1296 2973 1384 3030 edidit
1404 2991 1478 3030 anno
1501 2981 1575 3033 1589.
1595 2975 1648 3031 hoc
1666 2977 1762 3034 titulo:
1790 2981 1900 3052 Vipau

200 3069 368 3118 contemtum
392 3060 516 3116 fidelium
539 3067 662 3129 coetum,
688 3061 736 3132 qui
761 3061 880 3119 mirabili
897 3063 952 3119 Dei
971 3081 1032 3136 pro·
1060 3063 1134 3114 duae
1165 3078 1282 3129 caesae,
1320 3080 1370 3116 car
1399 3062 1440 3116 ad
1470 3061 1631 3119 Catholicae
1657 3065 1694 3118 sit
1722 3068 1897 3121 redeundum

199 3149 322 3204 ridentis
346 3155 374 3202 et
398 3147 569 3219 protectione
587 3146 640 3202 sub
660 3148 751 3203 medio
768 3157 875 3219 papatu
892 3168 1033 3206 conserva·
1059 3149 1166 3202 relictis
1186 3148 1422 3217 Ecanqelicoram
1442 3150 1587 3204 erroribus
1606 3166 1692 3206 causa
1714 3158 1756 3208 14.
1774 3154 1815 3208 sic
1834 3154 1896 3211 scri·

199 3242 244 3291 tus
266 3241 322 3304 est,
348 3250 417 3306 quos
441 3233 481 3288 illi
505 3233 682 3288 nominarunt
698 3233 867 3305 hamelinus,
895 3237 967 3293 sicut
983 3239 1032 3294 Ju·
1060 3234 1113 3290 bit:
1151 3236 1268 3290 Invenio
1312 3251 1362 3305 eqo
1397 3235 1501 3290 librum
1531 3239 1671 3304 quendam
1702 3239 1734 3292 in
1764 3241 1896 3295 amaria

199 3323 262 3378 daei
280 3321 420 3377 Christum
444 3323 559 3391 ejusque
582 3319 733 3391 discipulos
749 3321 887 3378 vocabant
907 3324 1033 3379 Samari-
1056 3321 1223 3390 parochiali
1245 3320 1378 3374 occimiae
1400 3329 1514 3376 nostrae
1538 3322 1731 3391 (Coloniensis)
1761 3329 1896 3397 scriptmn

199 3418 287 3463 tarsos.
334 3407 463 3463 Ceterum
488 3413 520 3462 ut
544 3406 665 3462 brevitas
688 3406 738 3461 illa
762 3409 852 3478 magis
872 3410 1033 3481 explicetur,
1059 3425 1133 3462 anno
1162 3407 1264 3462 salutis
1298 3409 1375 3460 1475.
1406 3424 1461 3475 qao
1492 3424 1602 3479 semper
1634 3411 1670 3462 ah
1703 3428 1735 3465 eo
1764 3420 1895 3483 tmepore,

199 3495 302 3550 diserte
320 3494 446 3562 dicimus,
464 3500 522 3548 tum
540 3499 618 3548 extra
637 3492 781 3548 ecclesiam
797 3493 959 3567 Romanam,
975 3503 1033 3552 tum
1059 3494 1192 3548 nimirum
1212 3495 1248 3547 ab
1266 3495 1349 3547 annis
1369 3501 1477 3548 centmn
1497 3502 1523 3548 et
1543 3495 1679 3564 amplias,
1697 3497 1728 3550 in
1746 3499 1896 3554 nisitamls’e

199 3583 228 3634 in
256 3581 318 3649 ipsa
346 3578 465 3634 ccclesia
490 3579 615 3644 Romana
639 3579 734 3649 papali
760 3582 908 3650 tyrannide
937 3601 1034 3654 pressa
1060 3589 1086 3634 ct
1103 3582 1145 3634 ad
1162 3587 1278 3634 morum
1291 3581 1506 3649 praeparandis
1523 3582 1646 3649 aspretis
1663 3584 1710 3636 asi
1725 3600 1831 3643 menas.
1860 3586 1895 3641 In

198 3669 390 3721 conservatum
408 3664 493 3719 fuisse
510 3663 571 3719 Deo
590 3682 684 3721 semen
701 3673 829 3722 sanctum
848 3686 882 3722 ac
899 3670 1033 3740 populum
1060 3685 1091 3722 eo
1126 3667 1302 3736 quaestiones
1340 3667 1450 3736 aliquot
1485 3668 1667 3736 reperiantur
1702 3670 1733 3723 in
1770 3672 1894 3741 unquam

197 3751 319 3819 fidelem,
345 3751 419 3820 quod
443 3750 662 3805 demonstramus
687 3753 814 3821 sequenti
837 3754 978 3811 hominum
997 3759 1032 3812 ad
1063 3752 1276 3818 (impartitam,
1298 3753 1394 3823 quala
1412 3769 1448 3807 θα
1468 3761 1526 3807 Μ
1546 3754 1620 3822 full,
1640 3772 1806 3826 mmm,
1825 3778 1893 3830 tw

199 3853 293 3892 veram
312 3835 457 3891 ecclesiam
476 3835 671 3906 pertinentium
689 3840 903 3896 enumeratione.
944 3851 966 3899 1.
986 3844 1032 3899 In-
1060 3841 1141 3908 ajunt
1164 3842 1205 3894 D.
1224 3840 1388 3894 Anselmum
1407 3840 1514 3907 secuse
1537 3843 1743 3909 proponendas
1763 3844 1826 3899 illis
1849 3848 1892 3902 ho

160 3948 162 3953 >
198 3923 291 3978 fantes
321 3921 458 3992 baptizati
488 3927 554 3976 sunt
582 3938 647 3993 pars
676 3924 811 3981 ecclesiae
833 3945 889 3982 non
911 3931 1031 3987 minima.
1059 3927 1191 3992 minibus,
1216 3927 1267 3996 qai
1289 3930 1330 3981 asi
1351 3933 1467 3982 monem
1489 3927 1615 3990 feliciter
1638 3928 1797 3984 obeundam
1811 3950 1893 4002 pras·

199 4008 264 4063 Jam
284 4023 349 4062 vero
373 4005 502 4077 baptismi
525 4016 727 4064 sacramentum
750 4013 842 4082 quoad
865 4015 1031 4072 snbstantia-
1055 4019 1206 4083 parantur.
1246 4012 1375 4068 Ceteram
1394 4029 1444 4067 eac
1465 4012 1643 4081 quaestiones
1658 4015 1893 4071 totamhnmnnas

198 4094 238 4150 lia
262 4095 315 4152 sub
337 4100 444 4164 papatu
472 4094 574 4147 mansit
598 4093 753 4167 integrum,
779 4099 894 4168 proinde
912 4102 1032 4158 infantes
1059 4099 1161 4153 salutis
1190 4100 1343 4169 rationem,
1375 4101 1502 4169 adeoque
1529 4099 1688 4154 thesaurum
1717 4109 1742 4154 et
1767 4104 1893 4158 andrum

198 4199 248 4253 per
267 4180 337 4235 illud
352 4196 416 4234 vere
433 4178 549 4235 fuerumt
565 4183 721 4253 regenerati
741 4201 775 4239 ac
795 4184 845 4240 filii
862 4187 932 4256 Dei,
950 4207 1031 4244 mem·
1060 4185 1270 4240 Christianismi
1304 4186 1389 4254 quaesi
1420 4186 1497 4240 brevi
1524 4186 1639 4254 pupillo
1666 4188 1891 4257 complectantur.

198 4268 249 4324 bra
268 4284 350 4322 serae
374 4265 507 4323 ecclesiae
533 4272 562 4321 et
586 4267 701 4324 heredes
722 4270 797 4328 vitae
821 4279 950 4330 aeternae
968 4294 1030 4330 con·
1058 4273 1145 4326 Lubet
1174 4288 1241 4327 sero
1269 4275 1410 4341 quaedam
1440 4288 1473 4325 es
1502 4272 1563 4327 illis
1595 4273 1648 4326 hoe
1673 4272 1735 4328 loco
1762 4276 1890 4330 inseras

197 4354 301 4423 stituti3
331 4353 407 4424 atqui
431 4352 540 4408 illorum
566 4354 673 4425 aliquot
695 4358 835 4427 myriades
862 4359 891 4415 in
911 4360 1030 4417 iniantili
1057 4358 1206 4412 Postrema
1229 4359 1302 4413 inter
1325 4376 1373 4414 eas
1398 4358 1573 4427 qrsaestienes
1595 4358 1665 4412 haec
1689 4367 1744 4413 est:
1785 4364 1894 4426 Cresia

196 4448 288 4497 aetate
319 4439 462 4508 obierunt,
499 4447 648 4511 antequam
676 4445 880 4514 profunditates
910 4448 1031 4505 Samuae
1057 4454 1083 4498 la
1118 4463 1173 4500 non
1199 4462 1284 4515 posse
1317 4445 1428 4500 salvari
1457 4446 1514 4499 nasi
1538 4462 1594 4515 per
1621 4453 1736 4500 mortem
1768 4447 1893 4502 Christ!

197 4526 390 4597 intelligerent.
433 4525 603 4582 *tintinna
629 4547 679 4600 per
707 4541 910 4589 sacramentum
941 4535 1029 4591 initia·
1057 4533 1221 4603 Respondet
1247 4532 1387 4599 infirmas:
1419 4531 1510 4586 etiam.
1556 4531 1629 4586 Tam
1656 4531 1704 4586 illi
1730 4532 1791 4588 dic:
1833 4537 1893 4604 Ape

197 4612 279 4667 tionis
300 4612 383 4667 etiam
399 4612 436 4669 ab
454 4611 562 4683 impuro
582 4614 731 4671 ministerio
749 4628 955 4691 regenerantur,
976 4640 1031 4678 non
1057 4637 1138 4688 erpo,
1155 4621 1221 4672 darn
1238 4625 1365 4688 nrperest
1383 4618 1414 4671 in
1431 4625 1456 4671 te
1474 4617 1584 4685 anima,
1607 4618 1637 4670 ia
1656 4617 1710 4671 hae
1725 4619 1792 4673 sola
1806 4629 1892 4675 morte

196 4717 277 4755 secus
303 4717 337 4754 ac
365 4698 492 4754 adultera
519 4701 643 4755 nondum
670 4702 817 4773 repudiata
836 4707 909 4777 parit
931 4709 1031 4764 manto
1051 4707 1190 4775 fiduciam
1213 4713 1291 4759 taam
1307 4705 1455 4775 consedes,
1480 4705 1510 4758 in
1529 4705 1612 4759 nulla
1629 4705 1692 4759 alia
1708 4720 1741 4759 re
1759 4707 1894 4773 Muciam

196 4786 313 4856 liberos;
339 4787 379 4840 ita
401 4785 533 4856 quamdiu
551 4786 670 4843 ecclesis
688 4788 798 4860 impura
815 4793 1030 4851 matrimoniales
1056 4792 1139 4857 habs,
1171 4792 1236 4846 hair
1259 4791 1345 4845 morti
1368 4798 1394 4846 te
1418 4799 1505 4845 totam
1528 4790 1678 4853 committe,
1707 4791 1761 4845 hac
1786 4793 1851 4848 eela
1867 4799 1896 4847 te

195 4873 319 4942 tabulas,
344 4879 376 4928 ut
397 4872 572 4944 Augustinus
597 4874 644 4929 lib.
664 4880 689 4932 t.
709 4875 743 4930 de
761 4877 842 4947 symb
870 4880 906 4936 ad
924 4882 1029 4938 catech.
1056 4887 1143 4934 totum
1167 4886 1292 4948 contsqe,
1316 4885 1403 4932 totam
1426 4877 1548 4932 immisce
1568 4884 1594 4930 te
1615 4877 1646 4930 in
1662 4877 1717 4931 hac
1734 4887 1838 4949 morte,
1863 4881 1893 4933 in

195 4976 219 5014 c.
241 4966 264 5015 2.
287 4960 425 5028 nominat,
448 4960 479 5012 id
503 4967 546 5015 est
571 4961 686 5017 verbum
709 4979 772 5018 cum
791 4965 852 5034 ejus
869 4967 968 5038 sigillis
987 4986 1029 5024 sa·
1055 4966 1108 5019 hac
1134 4972 1220 5020 morte
1248 4972 1333 5019 totam
1359 4972 1385 5019 te
1411 4963 1533 5032 involve,
1564 4970 1590 5016 st
1605 4963 1632 5016 si
1651 4964 1793 5020 Dominam
1813 4967 1896 5021 Deae

194 5047 356 5116 oramentis,
385 5064 403 5100 a
417 5036 529 5117 'sponso
557 5047 667 5103 Christo
694 5049 814 5121 obtinet,
845 5054 951 5109 tamdiu
975 5055 1028 5125 ipsi
1056 5059 1082 5106 te
1107 5052 1228 5106 soluerit
1245 5052 1398 5121 judicare,
1424 5051 1487 5105 dic:
1527 5051 1668 5116 Domine,
1695 5059 1812 5107 mertem
1831 5055 1892 5107 Do·

194 5139 340 5203 regenerat
363 5132 434 5187 filios
460 5150 493 5187 ac
516 5132 604 5204 filias,
631 5142 662 5190 ut
686 5137 857 5194 deecclesia
874 5138 1029 5196 Israiilitica
1054 5138 1125 5193 mini
1146 5140 1237 5194 nostri
1259 5139 1331 5194 Jesn
1354 5137 1463 5193 Christi
1487 5135 1591 5206 objicio
1614 5137 1687 5191 inter
1710 5155 1753 5192 me
1772 5147 1798 5193 et
1815 5148 1893 5194 tuum

194 5216 259 5271 lieet
276 5219 449 5275 idololatriae
467 5220 749 5280 deditissimaEsech.
770 5231 812 5295 23,
831 5244 855 5278 v.
873 5226 1029 5282 radicitus
1046 5226 1206 5297 judiciam,
1234 5226 1320 5282 aliter
1349 5233 1438 5281 tecam
1467 5243 1522 5280 non
1552 5226 1689 5278 conando
1718 5229 1771 5281 etc.
1819 5225 1896 5283 Vnde

194 5302 294 5361 Erech.
323 5312 368 5375 16,
392 5325 417 5362 v.
443 5313 484 5364 20.
511 5308 586 5378 quod
608 5310 762 5380 exemplum
779 5311 862 5367 ctiam
880 5313 917 5367 ad
933 5312 1027 5367 haers-
1054 5313 1229 5384 quaestiones
1246 5314 1308 5369 illas
1326 5313 1434 5385 integre
1451 5311 1609 5383 propositas
1625 5311 1701 5384 apud
1720 5310 1777 5367 Dn.
1794 5313 1892 5368 Chem-

193 5387 261 5443 ticss
290 5392 420 5448 eeclesias
445 5394 474 5448 in
502 5394 537 5452 N.
564 5394 597 5448 T.
625 5397 815 5453 accommodat
842 5397 1027 5468 Hieronymus
1052 5399 1157 5456 niciam
1184 5408 1249 5456 tom.
1285 5407 1307 5456 t.
1338 5417 1424 5456 exam.
1458 5399 1493 5454 de
1516 5398 1660 5468 justificat
1688 5395 1717 5469 ξ.
1757 5399 1892 5459 Ventum
