<?xml version="1.0" encoding="UTF-8"?>
<!DOCTYPE html PUBLIC "-//W3C//DTD XHTML 1.0 Transitional//EN"
    "http://www.w3.org/TR/xhtml1/DTD/xhtml1-transitional.dtd">
<html xmlns="http://www.w3.org/1999/xhtml" xml:lang="en" lang="en">
 <head>
  <title>
</title>
<meta http-equiv="Content-Type" content="text/html;charset=utf-8" />
  <meta name='ocr-system' content='tesseract 3.04.00' />
  <meta name='ocr-capabilities' content='ocr_page ocr_carea ocr_par ocr_line ocrx_word'/>
</head>
<body>
  <div class='ocr_page' id='page_1' title='image "./locitheologicit03gerhgoog_0306.png"; bbox 0 0 4004 6022; ppageno 0'>
   <div class='ocr_carea' id='block_1_1' title="bbox 809 337 1780 412">
    <p class='ocr_par' dir='ltr' id='par_1_1' title="bbox 809 337 1780 412">
     <span class='ocr_line' id='line_1_1' title="bbox 809 337 1780 412; baseline 0.005 -19"><span class='ocrx_word' id='word_1_1' title='bbox 809 337 861 394; x_wconf 79' lang='lat' dir='ltr'><strong>DE</strong></span> <span class='ocrx_word' id='word_1_2' title='bbox 880 337 1072 399; x_wconf 71' lang='lat' dir='ltr'><strong>nccmsla</strong></span> <span class='ocrx_word' id='word_1_3' title='bbox 1720 354 1780 412; x_wconf 78' lang='lat'><strong>295</strong></span> 
     </span>
    </p>
   </div>
   <div class='ocr_carea' id='block_1_2' title="bbox 76 490 1782 568">
    <p class='ocr_par' dir='ltr' id='par_1_2' title="bbox 76 490 1782 568">
     <span class='ocr_line' id='line_1_2' title="bbox 76 490 1782 568; baseline 0.008 -24"><span class='ocrx_word' id='word_1_4' title='bbox 76 490 216 560; x_wconf 89' lang='lat' dir='ltr'><strong>ptismum</strong></span> <span class='ocrx_word' id='word_1_5' title='bbox 233 495 299 544; x_wconf 84' lang='lat' dir='ltr'><strong>actu</strong></span> <span class='ocrx_word' id='word_1_6' title='bbox 318 491 642 563; x_wconf 85' lang='lat' dir='ltr'><strong>nondumsusceperunt</strong></span> <span class='ocrx_word' id='word_1_7' title='bbox 671 493 845 565; x_wconf 73' lang='lat' dir='ltr'><strong>Argumenta</strong></span> <span class='ocrx_word' id='word_1_8' title='bbox 858 511 920 550; x_wconf 89' lang='lat' dir='ltr'><strong>seu·</strong></span> <span class='ocrx_word' id='word_1_9' title='bbox 950 493 1082 550; x_wconf 73' lang='lat' dir='ltr'><strong>ducendis</strong></span> <span class='ocrx_word' id='word_1_10' title='bbox 1115 495 1168 550; x_wconf 90' lang='lat' dir='ltr'><strong>erit</strong></span> <span class='ocrx_word' id='word_1_11' title='bbox 1200 494 1380 552; x_wconf 75' lang='lat' dir='ltr'><strong>mmfestius.</strong></span> <span class='ocrx_word' id='word_1_12' title='bbox 1433 502 1457 551; x_wconf 80' lang='lat'><strong>2.</strong></span> <span class='ocrx_word' id='word_1_13' title='bbox 1481 496 1528 553; x_wconf 90' lang='lat' dir='ltr'><strong>Sie</strong></span> <span class='ocrx_word' id='word_1_14' title='bbox 1558 498 1643 568; x_wconf 84' lang='lat' dir='ltr'><strong>igitur</strong></span> <span class='ocrx_word' id='word_1_15' title='bbox 1672 501 1782 558; x_wconf 86' lang='lat' dir='ltr'><strong>conclu-</strong></span> 
     </span>
    </p>
   </div>
   <div class='ocr_carea' id='block_1_3' title="bbox 76 577 1888 5674">
    <p class='ocr_par' dir='ltr' id='par_1_3' title="bbox 76 577 1888 5674">
     <span class='ocr_line' id='line_1_3' title="bbox 78 577 1845 653; baseline 0.005 -20"><span class='ocrx_word' id='word_1_16' title='bbox 78 577 189 633; x_wconf 81' lang='lat' dir='ltr'><strong>tentiac</strong></span> <span class='ocrx_word' id='word_1_17' title='bbox 205 582 316 632; x_wconf 88' lang='lat' dir='ltr'><strong>nostrae</strong></span> <span class='ocrx_word' id='word_1_18' title='bbox 326 577 436 647; x_wconf 89' lang='lat' dir='ltr'><strong>potiora</strong></span> <span class='ocrx_word' id='word_1_19' title='bbox 449 579 519 634; x_wconf 90' lang='lat' dir='ltr'><strong>haec</strong></span> <span class='ocrx_word' id='word_1_20' title='bbox 532 585 612 634; x_wconf 90' lang='lat' dir='ltr'><strong>sunt:</strong></span> <span class='ocrx_word' id='word_1_21' title='bbox 633 586 655 636; x_wconf 85' lang='lat'><strong>1.</strong></span> <span class='ocrx_word' id='word_1_22' title='bbox 668 583 759 634; x_wconf 78' lang='lat' dir='ltr'><strong>Extra</strong></span> <span class='ocrx_word' id='word_1_23' title='bbox 773 581 919 634; x_wconf 68' lang='lat' dir='ltr'><strong>ecekeiam</strong></span> <span class='ocrx_word' id='word_1_24' title='bbox 947 581 1050 635; x_wconf 87' lang='lat' dir='ltr'><strong>dimus:</strong></span> <span class='ocrx_word' id='word_1_25' title='bbox 1077 581 1242 653; x_wconf 83' lang='lat' dir='ltr'><strong>Quicunque</strong></span> <span class='ocrx_word' id='word_1_26' title='bbox 1265 589 1330 637; x_wconf 90' lang='lat' dir='ltr'><strong>sunt</strong></span> <span class='ocrx_word' id='word_1_27' title='bbox 1347 583 1470 638; x_wconf 90' lang='lat' dir='ltr'><strong>membra</strong></span> <span class='ocrx_word' id='word_1_28' title='bbox 1487 582 1597 653; x_wconf 77' lang='lat' dir='ltr'>Christi,</span> <span class='ocrx_word' id='word_1_29' title='bbox 1615 591 1681 639; x_wconf 92' lang='lat' dir='ltr'><strong>sunt</strong></span> <span class='ocrx_word' id='word_1_30' title='bbox 1697 587 1781 645; x_wconf 89' lang='lat' dir='ltr'><strong>etiam</strong></span> <span class='ocrx_word' id='word_1_31' title='bbox 1842 611 1845 620; x_wconf 87' lang='grc'><strong><em>·</em></strong></span> 
     </span>
     <span class='ocr_line' id='line_1_4' title="bbox 78 664 1780 741; baseline 0.005 -24"><span class='ocrx_word' id='word_1_32' title='bbox 78 682 140 718; x_wconf 77' lang='grc' dir='ltr'>ιιοιι</span> <span class='ocrx_word' id='word_1_33' title='bbox 158 671 200 718; x_wconf 81' lang='lat' dir='ltr'><strong>est</strong></span> <span class='ocrx_word' id='word_1_34' title='bbox 217 664 306 731; x_wconf 77' lang='lat' dir='ltr'><strong>adae,</strong></span> <span class='ocrx_word' id='word_1_35' title='bbox 324 665 398 735; x_wconf 93' lang='lat' dir='ltr'><strong>quod</strong></span> <span class='ocrx_word' id='word_1_36' title='bbox 418 665 527 722; x_wconf 79' lang='lat' dir='ltr'><strong>axioma</strong></span> <span class='ocrx_word' id='word_1_37' title='bbox 543 666 627 722; x_wconf 90' lang='lat' dir='ltr'><strong>etiam</strong></span> <span class='ocrx_word' id='word_1_38' title='bbox 644 666 808 720; x_wconf 83' lang='lat' dir='ltr'><strong>adversariis</strong></span> <span class='ocrx_word' id='word_1_39' title='bbox 822 683 920 737; x_wconf 89' lang='lat' dir='ltr'><strong>perpe-</strong></span> <span class='ocrx_word' id='word_1_40' title='bbox 946 666 1069 721; x_wconf 89' lang='lat' dir='ltr'><strong>membra</strong></span> <span class='ocrx_word' id='word_1_41' title='bbox 1087 667 1233 735; x_wconf 78' lang='lat' dir='ltr'><strong>ecelesiae3</strong></span> <span class='ocrx_word' id='word_1_42' title='bbox 1254 669 1324 723; x_wconf 91' lang='lat' dir='ltr'><strong>ratio</strong></span> <span class='ocrx_word' id='word_1_43' title='bbox 1345 673 1388 722; x_wconf 91' lang='lat' dir='ltr'><strong>est</strong></span> <span class='ocrx_word' id='word_1_44' title='bbox 1404 667 1559 738; x_wconf 79' lang='lat' dir='ltr'><strong>manifesta,</strong></span> <span class='ocrx_word' id='word_1_45' title='bbox 1579 670 1645 741; x_wconf 89' lang='lat' dir='ltr'><strong>quia</strong></span> <span class='ocrx_word' id='word_1_46' title='bbox 1661 673 1780 731; x_wconf 86' lang='lat' dir='ltr'><strong>ecclesia</strong></span> 
     </span>
     <span class='ocr_line' id='line_1_5' title="bbox 78 750 1780 829; baseline 0.006 -25"><span class='ocrx_word' id='word_1_47' title='bbox 78 759 131 804; x_wconf 89' lang='lat' dir='ltr'><strong>tuo</strong></span> <span class='ocrx_word' id='word_1_48' title='bbox 156 750 186 804; x_wconf 93' lang='lat' dir='ltr'><strong>in</strong></span> <span class='ocrx_word' id='word_1_49' title='bbox 210 765 265 804; x_wconf 81' lang='lat' dir='ltr'><strong>ore</strong></span> <span class='ocrx_word' id='word_1_50' title='bbox 298 751 339 805; x_wconf 85' lang='lat' dir='ltr'><strong>At</strong></span> <span class='ocrx_word' id='word_1_51' title='bbox 365 752 570 821; x_wconf 88' lang='lat' dir='ltr'><strong>catechumeni,</strong></span> <span class='ocrx_word' id='word_1_52' title='bbox 597 754 621 808; x_wconf 90' lang='lat' dir='ltr'><strong>si</strong></span> <span class='ocrx_word' id='word_1_53' title='bbox 644 769 711 809; x_wconf 82' lang='lat' dir='ltr'><strong>vera</strong></span> <span class='ocrx_word' id='word_1_54' title='bbox 726 752 782 808; x_wconf 90' lang='lat' dir='ltr'><strong>fide</strong></span> <span class='ocrx_word' id='word_1_55' title='bbox 800 752 919 823; x_wconf 90' lang='lat' dir='ltr'><strong>praediti</strong></span> <span class='ocrx_word' id='word_1_56' title='bbox 947 759 989 807; x_wconf 90' lang='lat' dir='ltr'><strong>cst</strong></span> <span class='ocrx_word' id='word_1_57' title='bbox 1005 769 1105 822; x_wconf 76' lang='lat' dir='ltr'><strong>corpur</strong></span> <span class='ocrx_word' id='word_1_58' title='bbox 1123 752 1281 824; x_wconf 82' lang='lat' dir='ltr'><strong>mysticum,</strong></span> <span class='ocrx_word' id='word_1_59' title='bbox 1299 755 1379 824; x_wconf 91' lang='lat' dir='ltr'><strong>cujus</strong></span> <span class='ocrx_word' id='word_1_60' title='bbox 1392 759 1478 824; x_wconf 86' lang='lat' dir='ltr'><strong>caput</strong></span> <span class='ocrx_word' id='word_1_61' title='bbox 1492 753 1681 823; x_wconf 86' lang='lat' dir='ltr'><strong>eetChristus,</strong></span> <span class='ocrx_word' id='word_1_62' title='bbox 1700 764 1780 829; x_wconf 88' lang='lat' dir='ltr'><strong>quot·</strong></span> 
     </span>
     <span class='ocr_line' id='line_1_6' title="bbox 79 837 1780 914; baseline 0.005 -23"><span class='ocrx_word' id='word_1_63' title='bbox 79 843 162 903; x_wconf 89' lang='lat' dir='ltr'><strong>sunt,</strong></span> <span class='ocrx_word' id='word_1_64' title='bbox 192 837 291 892; x_wconf 89' lang='lat' dir='ltr'><strong>salutis</strong></span> <span class='ocrx_word' id='word_1_65' title='bbox 318 837 390 893; x_wconf 89' lang='lat' dir='ltr'><strong>fiunt</strong></span> <span class='ocrx_word' id='word_1_66' title='bbox 417 839 581 910; x_wconf 75' lang='lat' dir='ltr'><strong>participes,</strong></span> <span class='ocrx_word' id='word_1_67' title='bbox 612 840 635 893; x_wconf 91' lang='lat' dir='ltr'><strong>si</strong></span> <span class='ocrx_word' id='word_1_68' title='bbox 659 839 704 895; x_wconf 86' lang='lat' dir='ltr'><strong>vel</strong></span> <span class='ocrx_word' id='word_1_69' title='bbox 722 839 841 893; x_wconf 72' lang='lat' dir='ltr'><strong>marium</strong></span> <span class='ocrx_word' id='word_1_70' title='bbox 861 837 920 894; x_wconf 85' lang='lat' dir='ltr'><strong>sine</strong></span> <span class='ocrx_word' id='word_1_71' title='bbox 946 845 1015 909; x_wconf 90' lang='lat' dir='ltr'><strong>quot</strong></span> <span class='ocrx_word' id='word_1_72' title='bbox 1030 839 1117 910; x_wconf 88' lang='lat' dir='ltr'><strong>igitur</strong></span> <span class='ocrx_word' id='word_1_73' title='bbox 1136 845 1201 894; x_wconf 89' lang='lat' dir='ltr'><strong>sunt</strong></span> <span class='ocrx_word' id='word_1_74' title='bbox 1214 839 1399 895; x_wconf 88' lang='lat' dir='ltr'><strong>membrasub</strong></span> <span class='ocrx_word' id='word_1_75' title='bbox 1413 840 1523 897; x_wconf 89' lang='lat' dir='ltr'><strong>Christo</strong></span> <span class='ocrx_word' id='word_1_76' title='bbox 1535 841 1669 898; x_wconf 89' lang='lat' dir='ltr'><strong>ecclesiae</strong></span> <span class='ocrx_word' id='word_1_77' title='bbox 1679 845 1780 914; x_wconf 87' lang='lat' dir='ltr'><strong>eapite,</strong></span> 
     </span>
     <span class='ocr_line' id='line_1_7' title="bbox 81 923 1779 1001; baseline 0.005 -23"><span class='ocrx_word' id='word_1_78' title='bbox 81 923 222 992; x_wconf 89' lang='lat' dir='ltr'><strong>baptismo</strong></span> <span class='ocrx_word' id='word_1_79' title='bbox 243 940 277 979; x_wconf 87' lang='lat' dir='ltr'><strong>ex</strong></span> <span class='ocrx_word' id='word_1_80' title='bbox 300 923 354 978; x_wconf 89' lang='lat' dir='ltr'><strong>hac</strong></span> <span class='ocrx_word' id='word_1_81' title='bbox 372 924 430 979; x_wconf 88' lang='lat' dir='ltr'><strong>vita</strong></span> <span class='ocrx_word' id='word_1_82' title='bbox 453 926 597 980; x_wconf 91' lang='lat' dir='ltr'><strong>decedant.</strong></span> <span class='ocrx_word' id='word_1_83' title='bbox 633 924 708 995; x_wconf 83' lang='lat' dir='ltr'><strong>Ergo</strong></span> <span class='ocrx_word' id='word_1_84' title='bbox 728 924 920 979; x_wconf 89' lang='lat' dir='ltr'><strong>catechumeni</strong></span> <span class='ocrx_word' id='word_1_85' title='bbox 945 925 986 979; x_wconf 92' lang='lat' dir='ltr'><strong>illi</strong></span> <span class='ocrx_word' id='word_1_86' title='bbox 1012 926 1096 981; x_wconf 91' lang='lat' dir='ltr'><strong>etiam</strong></span> <span class='ocrx_word' id='word_1_87' title='bbox 1119 931 1183 979; x_wconf 93' lang='lat' dir='ltr'><strong>sunt</strong></span> <span class='ocrx_word' id='word_1_88' title='bbox 1203 925 1328 980; x_wconf 85' lang='lat' dir='ltr'><strong>membra</strong></span> <span class='ocrx_word' id='word_1_89' title='bbox 1347 925 1376 979; x_wconf 89' lang='lat' dir='ltr'><strong>in</strong></span> <span class='ocrx_word' id='word_1_90' title='bbox 1397 927 1512 997; x_wconf 85' lang='lat' dir='ltr'><strong>mystico</strong></span> <span class='ocrx_word' id='word_1_91' title='bbox 1532 927 1635 984; x_wconf 75' lang='lat' dir='ltr'><strong>Christi</strong></span> <span class='ocrx_word' id='word_1_92' title='bbox 1656 947 1779 1001; x_wconf 84' lang='lat' dir='ltr'><strong>corpore.</strong></span> 
     </span>
     <span class='ocr_line' id='line_1_8' title="bbox 80 1007 1873 1086; baseline 0.005 -24"><span class='ocrx_word' id='word_1_93' title='bbox 80 1025 150 1064; x_wconf 79' lang='lat' dir='ltr'><strong>vera</strong></span> <span class='ocrx_word' id='word_1_94' title='bbox 174 1007 230 1063; x_wconf 91' lang='lat' dir='ltr'><strong>fide</strong></span> <span class='ocrx_word' id='word_1_95' title='bbox 249 1009 358 1065; x_wconf 82' lang='lat' dir='ltr'><strong>interna</strong></span> <span class='ocrx_word' id='word_1_96' title='bbox 375 1011 493 1081; x_wconf 87' lang='lat' dir='ltr'><strong>praediti</strong></span> <span class='ocrx_word' id='word_1_97' title='bbox 512 1012 635 1067; x_wconf 90' lang='lat' dir='ltr'><strong>nondum</strong></span> <span class='ocrx_word' id='word_1_98' title='bbox 653 1017 718 1065; x_wconf 89' lang='lat' dir='ltr'><strong>sunt</strong></span> <span class='ocrx_word' id='word_1_99' title='bbox 735 1017 814 1065; x_wconf 84' lang='lat' dir='ltr'><strong>extra</strong></span> <span class='ocrx_word' id='word_1_100' title='bbox 832 1009 919 1066; x_wconf 88' lang='lat' dir='ltr'><strong>eccle·</strong></span> <span class='ocrx_word' id='word_1_101' title='bbox 946 1010 1143 1067; x_wconf 86' lang='lat' dir='ltr'><strong>Catechumeni</strong></span> <span class='ocrx_word' id='word_1_102' title='bbox 1164 1010 1260 1066; x_wconf 79' lang='lat' dir='ltr'><strong>fideles</strong></span> <span class='ocrx_word' id='word_1_103' title='bbox 1276 1019 1339 1066; x_wconf 92' lang='lat' dir='ltr'><strong>sunt</strong></span> <span class='ocrx_word' id='word_1_104' title='bbox 1352 1013 1475 1068; x_wconf 86' lang='lat' dir='ltr'><strong>membra</strong></span> <span class='ocrx_word' id='word_1_105' title='bbox 1488 1012 1603 1078; x_wconf 83' lang='lat' dir='ltr'><strong>Christi,</strong></span> <span class='ocrx_word' id='word_1_106' title='bbox 1623 1014 1689 1086; x_wconf 87' lang='lat' dir='ltr'><strong>quia</strong></span> <span class='ocrx_word' id='word_1_107' title='bbox 1707 1017 1780 1072; x_wconf 88' lang='lat' dir='ltr'><strong>Seri·</strong></span> <span class='ocrx_word' id='word_1_108' title='bbox 1792 1028 1827 1070; x_wconf 78' lang='lat' dir='ltr'><strong>n</strong></span> <span class='ocrx_word' id='word_1_109' title='bbox 1839 1028 1873 1071; x_wconf 77' lang='lat' dir='ltr'><strong>et</strong></span> 
     </span>
     <span class='ocr_line' id='line_1_9' title="bbox 80 1096 1781 1171; baseline 0.004 -21"><span class='ocrx_word' id='word_1_110' title='bbox 80 1096 161 1151; x_wconf 85' lang='lat' dir='ltr'><strong>siam.</strong></span> <span class='ocrx_word' id='word_1_111' title='bbox 203 1096 387 1151; x_wconf 88' lang='lat' dir='ltr'><strong>Bellarminus</strong></span> <span class='ocrx_word' id='word_1_112' title='bbox 420 1097 581 1167; x_wconf 85' lang='lat' dir='ltr'><strong>respondet,</strong></span> <span class='ocrx_word' id='word_1_113' title='bbox 615 1105 758 1152; x_wconf 78' lang='lat' dir='ltr'><strong>auctorem</strong></span> <span class='ocrx_word' id='word_1_114' title='bbox 786 1097 855 1150; x_wconf 78' lang='lat' dir='ltr'><strong>libri</strong></span> <span class='ocrx_word' id='word_1_115' title='bbox 883 1099 919 1151; x_wconf 85' lang='lat' dir='ltr'><strong>de</strong></span> <span class='ocrx_word' id='word_1_116' title='bbox 945 1104 1029 1168; x_wconf 90' lang='lat' dir='ltr'><strong>ptura</strong></span> <span class='ocrx_word' id='word_1_117' title='bbox 1058 1097 1123 1152; x_wconf 90' lang='lat' dir='ltr'><strong>fidei</strong></span> <span class='ocrx_word' id='word_1_118' title='bbox 1148 1097 1253 1168; x_wconf 76' lang='lat' dir='ltr'><strong>passim</strong></span> <span class='ocrx_word' id='word_1_119' title='bbox 1275 1099 1329 1153; x_wconf 89' lang='lat' dir='ltr'><strong>hoe</strong></span> <span class='ocrx_word' id='word_1_120' title='bbox 1354 1098 1463 1167; x_wconf 86' lang='lat' dir='ltr'><strong>tribuit,</strong></span> <span class='ocrx_word' id='word_1_121' title='bbox 1493 1100 1569 1171; x_wconf 92' lang='lat' dir='ltr'><strong>quod</strong></span> <span class='ocrx_word' id='word_1_122' title='bbox 1593 1099 1702 1156; x_wconf 86' lang='lat' dir='ltr'><strong>Christo</strong></span> <span class='ocrx_word' id='word_1_123' title='bbox 1729 1119 1781 1157; x_wconf 89' lang='lat' dir='ltr'><strong>noe</strong></span> 
     </span>
     <span class='ocr_line' id='line_1_10' title="bbox 80 1182 1781 1255; baseline 0.005 -19"><span class='ocrx_word' id='word_1_124' title='bbox 80 1182 180 1236; x_wconf 72' lang='lat' dir='ltr'><strong>eccles.</strong></span> <span class='ocrx_word' id='word_1_125' title='bbox 198 1183 383 1250; x_wconf 70' lang='grc' dir='ltr'>ἀορωιιιιιιιι.</span> <span class='ocrx_word' id='word_1_126' title='bbox 403 1200 466 1252; x_wconf 79' lang='lat' dir='ltr'><strong>cap.</strong></span> <span class='ocrx_word' id='word_1_127' title='bbox 487 1187 527 1240; x_wconf 69' lang='lat'><strong>74.</strong></span> <span class='ocrx_word' id='word_1_128' title='bbox 546 1192 681 1251; x_wconf 81' lang='lat' dir='ltr'><strong>statuere,</strong></span> <span class='ocrx_word' id='word_1_129' title='bbox 698 1185 776 1251; x_wconf 80' lang='lat' dir='ltr'><strong>quod</strong></span> <span class='ocrx_word' id='word_1_130' title='bbox 792 1183 918 1236; x_wconf 80' lang='lat' dir='ltr'><strong>catechu-</strong></span> <span class='ocrx_word' id='word_1_131' title='bbox 945 1183 1063 1246; x_wconf 83' lang='lat' dir='ltr'><strong>inserat,</strong></span> <span class='ocrx_word' id='word_1_132' title='bbox 1094 1189 1127 1238; x_wconf 97' lang='grc' dir='ltr'><strong>ιιι</strong></span> <span class='ocrx_word' id='word_1_133' title='bbox 1156 1183 1285 1254; x_wconf 84' lang='lat' dir='ltr'><strong>palmites</strong></span> <span class='ocrx_word' id='word_1_134' title='bbox 1306 1183 1356 1238; x_wconf 86' lang='lat' dir='ltr'><strong>riti</strong></span> <span class='ocrx_word' id='word_1_135' title='bbox 1381 1182 1527 1255; x_wconf 75' lang='lat' dir='ltr'><strong>eidemque</strong></span> <span class='ocrx_word' id='word_1_136' title='bbox 1551 1201 1601 1241; x_wconf 92' lang='lat' dir='ltr'><strong>nos</strong></span> <span class='ocrx_word' id='word_1_137' title='bbox 1628 1187 1781 1245; x_wconf 80' lang='lat' dir='ltr'><strong>arctissime</strong></span> 
     </span>
     <span class='ocr_line' id='line_1_11' title="bbox 79 1268 1781 1341; baseline 0.004 -16"><span class='ocrx_word' id='word_1_138' title='bbox 79 1270 158 1325; x_wconf 74' lang='lat' dir='ltr'><strong>cresi</strong></span> <span class='ocrx_word' id='word_1_139' title='bbox 176 1287 231 1323; x_wconf 78' lang='lat' dir='ltr'><strong>eon</strong></span> <span class='ocrx_word' id='word_1_140' title='bbox 249 1269 408 1337; x_wconf 68' lang='lat' dir='ltr'><strong>sanaem,</strong></span> <span class='ocrx_word' id='word_1_141' title='bbox 430 1269 480 1324; x_wconf 91' lang='lat' dir='ltr'><strong>sed</strong></span> <span class='ocrx_word' id='word_1_142' title='bbox 499 1268 609 1324; x_wconf 88' lang='lat' dir='ltr'><strong>interim</strong></span> <span class='ocrx_word' id='word_1_143' title='bbox 627 1269 745 1337; x_wconf 86' lang='lat' dir='ltr'><strong>fatetur,</strong></span> <span class='ocrx_word' id='word_1_144' title='bbox 766 1269 838 1322; x_wconf 76' lang='lat' dir='ltr'><strong>tanc</strong></span> <span class='ocrx_word' id='word_1_145' title='bbox 858 1268 917 1338; x_wconf 84' lang='lat' dir='ltr'><strong>opi-</strong></span> <span class='ocrx_word' id='word_1_146' title='bbox 946 1270 1107 1341; x_wconf 87' lang='lat' dir='ltr'><strong>conjungat,</strong></span> <span class='ocrx_word' id='word_1_147' title='bbox 1123 1270 1223 1326; x_wconf 82' lang='lat' dir='ltr'><strong>Johan</strong></span> <span class='ocrx_word' id='word_1_148' title='bbox 1247 1277 1286 1340; x_wconf 85' lang='lat'><strong>15,</strong></span> <span class='ocrx_word' id='word_1_149' title='bbox 1304 1287 1330 1327; x_wconf 85' lang='lat' dir='ltr'><strong>v.</strong></span> <span class='ocrx_word' id='word_1_150' title='bbox 1349 1277 1374 1326; x_wconf 88' lang='lat'><strong>5.</strong></span> <span class='ocrx_word' id='word_1_151' title='bbox 1403 1270 1519 1326; x_wconf 88' lang='lat' dir='ltr'><strong>Roman.</strong></span> <span class='ocrx_word' id='word_1_152' title='bbox 1542 1278 1567 1340; x_wconf 84' lang='lat'><strong>6,</strong></span> <span class='ocrx_word' id='word_1_153' title='bbox 1584 1290 1609 1329; x_wconf 85' lang='lat' dir='ltr'><strong>r.</strong></span> <span class='ocrx_word' id='word_1_154' title='bbox 1628 1279 1651 1328; x_wconf 86' lang='lat'><strong>5.</strong></span> <span class='ocrx_word' id='word_1_155' title='bbox 1677 1271 1740 1331; x_wconf 84' lang='lat' dir='ltr'><strong>Gal</strong></span> <span class='ocrx_word' id='word_1_156' title='bbox 1754 1280 1781 1341; x_wconf 78' lang='lat'><strong>2,</strong></span> 
     </span>
     <span class='ocr_line' id='line_1_12' title="bbox 79 1355 1781 1429; baseline 0.002 -18"><span class='ocrx_word' id='word_1_157' title='bbox 79 1360 195 1412; x_wconf 73' lang='grc' dir='ltr'>τιὶοιιιιιι</span> <span class='ocrx_word' id='word_1_158' title='bbox 213 1373 274 1410; x_wconf 76' lang='lat' dir='ltr'><strong>esee</strong></span> <span class='ocrx_word' id='word_1_159' title='bbox 291 1357 376 1409; x_wconf 77' lang='lat' dir='ltr'><strong>nimie</strong></span> <span class='ocrx_word' id='word_1_160' title='bbox 396 1356 511 1426; x_wconf 81' lang='lat' dir='ltr'><strong>duram,</strong></span> <span class='ocrx_word' id='word_1_161' title='bbox 535 1374 599 1412; x_wconf 90' lang='lat' dir='ltr'><strong>cum</strong></span> <span class='ocrx_word' id='word_1_162' title='bbox 618 1356 783 1412; x_wconf 76' lang='lat' dir='ltr'><strong>Ambrosius</strong></span> <span class='ocrx_word' id='word_1_163' title='bbox 801 1357 831 1411; x_wconf 93' lang='lat' dir='ltr'><strong>in</strong></span> <span class='ocrx_word' id='word_1_164' title='bbox 848 1362 918 1411; x_wconf 91' lang='lat' dir='ltr'><strong>orat.</strong></span> <span class='ocrx_word' id='word_1_165' title='bbox 945 1373 971 1412; x_wconf 83' lang='lat' dir='ltr'><strong>v.</strong></span> <span class='ocrx_word' id='word_1_166' title='bbox 990 1361 1032 1411; x_wconf 79' lang='grc'><strong>20.</strong></span> <span class='ocrx_word' id='word_1_167' title='bbox 1052 1360 1105 1412; x_wconf 83' lang='grc' dir='ltr'>ιιι.</span> <span class='ocrx_word' id='word_1_168' title='bbox 1125 1372 1176 1410; x_wconf 89' lang='lat' dir='ltr'><strong>nec</strong></span> <span class='ocrx_word' id='word_1_169' title='bbox 1193 1362 1285 1426; x_wconf 91' lang='lat' dir='ltr'><strong>potest</strong></span> <span class='ocrx_word' id='word_1_170' title='bbox 1303 1355 1488 1411; x_wconf 89' lang='lat' dir='ltr'><strong>Bellarminus</strong></span> <span class='ocrx_word' id='word_1_171' title='bbox 1507 1356 1560 1412; x_wconf 93' lang='lat' dir='ltr'><strong>hoc</strong></span> <span class='ocrx_word' id='word_1_172' title='bbox 1578 1357 1699 1427; x_wconf 79' lang='lat' dir='ltr'><strong>diffiteri,</strong></span> <span class='ocrx_word' id='word_1_173' title='bbox 1716 1377 1781 1429; x_wconf 84' lang='lat' dir='ltr'><strong>cum</strong></span> 
     </span>
     <span class='ocr_line' id='line_1_13' title="bbox 81 1441 1781 1516; baseline 0.001 -18"><span class='ocrx_word' id='word_1_174' title='bbox 81 1445 119 1499; x_wconf 88' lang='lat' dir='ltr'><strong>de</strong></span> <span class='ocrx_word' id='word_1_175' title='bbox 138 1443 218 1498; x_wconf 91' lang='lat' dir='ltr'><strong>obitu</strong></span> <span class='ocrx_word' id='word_1_176' title='bbox 237 1441 427 1498; x_wconf 88' lang='lat' dir='ltr'><strong>Valentiniani</strong></span> <span class='ocrx_word' id='word_1_177' title='bbox 446 1443 556 1499; x_wconf 82' lang='lat' dir='ltr'><strong>disertis</strong></span> <span class='ocrx_word' id='word_1_178' title='bbox 574 1443 665 1499; x_wconf 89' lang='lat' dir='ltr'><strong>verbis</strong></span> <span class='ocrx_word' id='word_1_179' title='bbox 689 1442 821 1508; x_wconf 80' lang='lat' dir='ltr'><strong>affimat,</strong></span> <span class='ocrx_word' id='word_1_180' title='bbox 846 1450 918 1497; x_wconf 86' lang='lat' dir='ltr'><strong>cate-</strong></span> <span class='ocrx_word' id='word_1_181' title='bbox 945 1442 975 1496; x_wconf 96' lang='lat' dir='ltr'><strong>in</strong></span> <span class='ocrx_word' id='word_1_182' title='bbox 992 1441 1084 1512; x_wconf 88' lang='lat' dir='ltr'><strong>capite</strong></span> <span class='ocrx_word' id='word_1_183' title='bbox 1102 1442 1288 1511; x_wconf 88' lang='lat' dir='ltr'><strong>praecedente</strong></span> <span class='ocrx_word' id='word_1_184' title='bbox 1306 1449 1420 1510; x_wconf 89' lang='lat' dir='ltr'><strong>asserat,</strong></span> <span class='ocrx_word' id='word_1_185' title='bbox 1439 1442 1501 1498; x_wconf 88' lang='lat' dir='ltr'><strong>illos</strong></span> <span class='ocrx_word' id='word_1_186' title='bbox 1519 1443 1566 1514; x_wconf 93' lang='lat' dir='ltr'><strong>qui</strong></span> <span class='ocrx_word' id='word_1_187' title='bbox 1586 1444 1702 1499; x_wconf 89' lang='lat' dir='ltr'><strong>internis</strong></span> <span class='ocrx_word' id='word_1_188' title='bbox 1718 1444 1781 1516; x_wconf 89' lang='lat' dir='ltr'><strong>Spi-</strong></span> 
     </span>
     <span class='ocr_line' id='line_1_14' title="bbox 80 1527 1781 1602; baseline 0.001 -17"><span class='ocrx_word' id='word_1_189' title='bbox 80 1532 231 1585; x_wconf 77' lang='lat' dir='ltr'><strong>cbameeoe</strong></span> <span class='ocrx_word' id='word_1_190' title='bbox 254 1545 337 1599; x_wconf 82' lang='lat' dir='ltr'><strong>posse</strong></span> <span class='ocrx_word' id='word_1_191' title='bbox 362 1530 484 1593; x_wconf 68' lang='lat' dir='ltr'><strong>advari,</strong></span> <span class='ocrx_word' id='word_1_192' title='bbox 515 1531 550 1584; x_wconf 90' lang='lat' dir='ltr'><strong>de</strong></span> <span class='ocrx_word' id='word_1_193' title='bbox 576 1548 692 1600; x_wconf 91' lang='lat' dir='ltr'><strong>quorum</strong></span> <span class='ocrx_word' id='word_1_194' title='bbox 717 1546 831 1585; x_wconf 89' lang='lat' dir='ltr'><strong>numero</strong></span> <span class='ocrx_word' id='word_1_195' title='bbox 859 1536 919 1585; x_wconf 87' lang='lat' dir='ltr'><strong>erat</strong></span> <span class='ocrx_word' id='word_1_196' title='bbox 945 1527 1014 1583; x_wconf 91' lang='lat' dir='ltr'><strong>ritus</strong></span> <span class='ocrx_word' id='word_1_197' title='bbox 1033 1528 1124 1583; x_wconf 88' lang='lat' dir='ltr'><strong>sancti</strong></span> <span class='ocrx_word' id='word_1_198' title='bbox 1144 1528 1232 1595; x_wconf 90' lang='lat' dir='ltr'><strong>donis,</strong></span> <span class='ocrx_word' id='word_1_199' title='bbox 1252 1527 1316 1597; x_wconf 90' lang='lat' dir='ltr'><strong>fide,</strong></span> <span class='ocrx_word' id='word_1_200' title='bbox 1336 1545 1386 1598; x_wconf 90' lang='lat' dir='ltr'><strong>spe</strong></span> <span class='ocrx_word' id='word_1_201' title='bbox 1404 1534 1433 1583; x_wconf 90' lang='lat' dir='ltr'><strong>et</strong></span> <span class='ocrx_word' id='word_1_202' title='bbox 1451 1529 1566 1584; x_wconf 88' lang='lat' dir='ltr'><strong>caritate</strong></span> <span class='ocrx_word' id='word_1_203' title='bbox 1577 1529 1695 1600; x_wconf 89' lang='lat' dir='ltr'><strong>praediti</strong></span> <span class='ocrx_word' id='word_1_204' title='bbox 1707 1537 1781 1602; x_wconf 76' lang='lat' dir='ltr'><strong>suunt,</strong></span> 
     </span>
     <span class='ocr_line' id='line_1_15' title="bbox 79 1614 1783 1688; baseline -0.001 -14"><span class='ocrx_word' id='word_1_205' title='bbox 79 1616 304 1685; x_wconf 79' lang='lat' dir='ltr'><strong>Valentinianus,</strong></span> <span class='ocrx_word' id='word_1_206' title='bbox 323 1634 386 1671; x_wconf 91' lang='lat' dir='ltr'><strong>eum</strong></span> <span class='ocrx_word' id='word_1_207' title='bbox 404 1634 437 1671; x_wconf 87' lang='lat' dir='ltr'><strong>ex</strong></span> <span class='ocrx_word' id='word_1_208' title='bbox 453 1616 507 1672; x_wconf 90' lang='lat' dir='ltr'><strong>hae</strong></span> <span class='ocrx_word' id='word_1_209' title='bbox 525 1617 583 1671; x_wconf 80' lang='lat' dir='ltr'><strong>rita</strong></span> <span class='ocrx_word' id='word_1_210' title='bbox 601 1618 740 1688; x_wconf 81' lang='lat' dir='ltr'><strong>migraret.</strong></span> <span class='ocrx_word' id='word_1_211' title='bbox 776 1617 833 1673; x_wconf 91' lang='lat' dir='ltr'><strong>Cur</strong></span> <span class='ocrx_word' id='word_1_212' title='bbox 851 1632 917 1688; x_wconf 85' lang='lat' dir='ltr'><strong>ergo</strong></span> <span class='ocrx_word' id='word_1_213' title='bbox 945 1632 1005 1670; x_wconf 88' lang='lat' dir='ltr'><strong>csse</strong></span> <span class='ocrx_word' id='word_1_214' title='bbox 1021 1614 1138 1670; x_wconf 77' lang='lat' dir='ltr'><strong>interim</strong></span> <span class='ocrx_word' id='word_1_215' title='bbox 1158 1615 1261 1670; x_wconf 89' lang='lat' dir='ltr'><strong>Christi</strong></span> <span class='ocrx_word' id='word_1_216' title='bbox 1279 1614 1365 1686; x_wconf 90' lang='lat' dir='ltr'><strong>capiti</strong></span> <span class='ocrx_word' id='word_1_217' title='bbox 1376 1615 1478 1670; x_wconf 87' lang='lat' dir='ltr'><strong>unitos.</strong></span> <span class='ocrx_word' id='word_1_218' title='bbox 1506 1615 1581 1687; x_wconf 86' lang='lat' dir='ltr'><strong>Ergo</strong></span> <span class='ocrx_word' id='word_1_219' title='bbox 1593 1617 1783 1673; x_wconf 88' lang='lat' dir='ltr'><strong>catechumeni</strong></span> 
     </span>
     <span class='ocr_line' id='line_1_16' title="bbox 79 1701 1784 1775; baseline -0.001 -15"><span class='ocrx_word' id='word_1_220' title='bbox 79 1710 223 1760; x_wconf 77' lang='lat' dir='ltr'><strong>auctorem</strong></span> <span class='ocrx_word' id='word_1_221' title='bbox 253 1702 331 1755; x_wconf 88' lang='lat' dir='ltr'><strong>illum</strong></span> <span class='ocrx_word' id='word_1_222' title='bbox 357 1702 496 1757; x_wconf 83' lang='lat' dir='ltr'><strong>adduxit?</strong></span> <span class='ocrx_word' id='word_1_223' title='bbox 534 1702 678 1773; x_wconf 84' lang='lat' dir='ltr'><strong>Scriptura</strong></span> <span class='ocrx_word' id='word_1_224' title='bbox 707 1708 783 1758; x_wconf 88' lang='lat' dir='ltr'><strong>certe</strong></span> <span class='ocrx_word' id='word_1_225' title='bbox 815 1702 918 1773; x_wconf 89' lang='lat' dir='ltr'><strong>ubique</strong></span> <span class='ocrx_word' id='word_1_226' title='bbox 945 1702 1042 1756; x_wconf 88' lang='lat' dir='ltr'><strong>fideles</strong></span> <span class='ocrx_word' id='word_1_227' title='bbox 1065 1709 1130 1756; x_wconf 93' lang='lat' dir='ltr'><strong>sunt</strong></span> <span class='ocrx_word' id='word_1_228' title='bbox 1148 1701 1273 1757; x_wconf 90' lang='lat' dir='ltr'><strong>membra</strong></span> <span class='ocrx_word' id='word_1_229' title='bbox 1292 1702 1433 1759; x_wconf 85' lang='lat' dir='ltr'><strong>ecclesiae.</strong></span> <span class='ocrx_word' id='word_1_230' title='bbox 1470 1702 1528 1759; x_wconf 87' lang='lat' dir='ltr'><strong>Nee</strong></span> <span class='ocrx_word' id='word_1_231' title='bbox 1547 1702 1663 1774; x_wconf 81' lang='lat' dir='ltr'><strong>cogitari</strong></span> <span class='ocrx_word' id='word_1_232' title='bbox 1682 1709 1784 1775; x_wconf 75' lang='lat' dir='ltr'><strong>potent,</strong></span> 
     </span>
     <span class='ocr_line' id='line_1_17' title="bbox 79 1786 1783 1860; baseline 0.001 -15"><span class='ocrx_word' id='word_1_233' title='bbox 79 1808 176 1852; x_wconf 85' lang='lat' dir='ltr'><strong>reram</strong></span> <span class='ocrx_word' id='word_1_234' title='bbox 203 1789 288 1843; x_wconf 88' lang='lat' dir='ltr'><strong>fidem</strong></span> <span class='ocrx_word' id='word_1_235' title='bbox 315 1794 343 1843; x_wconf 90' lang='grc' dir='ltr'><strong>ιι</strong></span> <span class='ocrx_word' id='word_1_236' title='bbox 370 1790 488 1845; x_wconf 87' lang='lat' dir='ltr'><strong>salutem</strong></span> <span class='ocrx_word' id='word_1_237' title='bbox 511 1796 648 1860; x_wconf 91' lang='lat' dir='ltr'><strong>perpetuo</strong></span> <span class='ocrx_word' id='word_1_238' title='bbox 673 1806 746 1844; x_wconf 87' lang='lat' dir='ltr'><strong>nexu</strong></span> <span class='ocrx_word' id='word_1_239' title='bbox 764 1789 918 1860; x_wconf 77' lang='lat' dir='ltr'><strong>conjungit,</strong></span> <span class='ocrx_word' id='word_1_240' title='bbox 945 1787 1158 1844; x_wconf 84' lang='lat' dir='ltr'><strong>catechumenos</strong></span> <span class='ocrx_word' id='word_1_241' title='bbox 1181 1786 1278 1844; x_wconf 89' lang='lat' dir='ltr'><strong>fideles</strong></span> <span class='ocrx_word' id='word_1_242' title='bbox 1296 1795 1360 1843; x_wconf 85' lang='lat' dir='ltr'><strong>voto</strong></span> <span class='ocrx_word' id='word_1_243' title='bbox 1379 1789 1516 1843; x_wconf 82' lang='lat' dir='ltr'><strong>duntaxat</strong></span> <span class='ocrx_word' id='word_1_244' title='bbox 1534 1793 1563 1844; x_wconf 91' lang='lat' dir='ltr'><strong>et</strong></span> <span class='ocrx_word' id='word_1_245' title='bbox 1581 1790 1706 1860; x_wconf 87' lang='lat' dir='ltr'><strong>potentia</strong></span> <span class='ocrx_word' id='word_1_246' title='bbox 1723 1808 1783 1847; x_wconf 86' lang='lat' dir='ltr'><strong>esse</strong></span> 
     </span>
     <span class='ocr_line' id='line_1_18' title="bbox 79 1873 1783 1946; baseline -0.001 -12"><span class='ocrx_word' id='word_1_247' title='bbox 79 1885 115 1934; x_wconf 90' lang='lat' dir='ltr'><strong>ut</strong></span> <span class='ocrx_word' id='word_1_248' title='bbox 141 1876 225 1944; x_wconf 90' lang='lat' dir='ltr'><strong>alibi,</strong></span> <span class='ocrx_word' id='word_1_249' title='bbox 252 1876 282 1929; x_wconf 92' lang='lat' dir='ltr'><strong>in</strong></span> <span class='ocrx_word' id='word_1_250' title='bbox 308 1875 471 1946; x_wconf 85' lang='lat' dir='ltr'><strong>quaestione</strong></span> <span class='ocrx_word' id='word_1_251' title='bbox 495 1876 602 1932; x_wconf 85' lang='lat' dir='ltr'><strong>scilicet</strong></span> <span class='ocrx_word' id='word_1_252' title='bbox 625 1876 660 1931; x_wconf 91' lang='lat' dir='ltr'><strong>de</strong></span> <span class='ocrx_word' id='word_1_253' title='bbox 677 1875 831 1931; x_wconf 84' lang='lat' dir='ltr'><strong>infantibus</strong></span> <span class='ocrx_word' id='word_1_254' title='bbox 850 1893 918 1930; x_wconf 90' lang='lat' dir='ltr'><strong>non·</strong></span> <span class='ocrx_word' id='word_1_255' title='bbox 945 1873 1050 1930; x_wconf 86' lang='lat' dir='ltr'><strong>Christi</strong></span> <span class='ocrx_word' id='word_1_256' title='bbox 1075 1875 1213 1942; x_wconf 90' lang='lat' dir='ltr'><strong>membra,</strong></span> <span class='ocrx_word' id='word_1_257' title='bbox 1239 1874 1305 1946; x_wconf 88' lang='lat' dir='ltr'><strong>quia</strong></span> <span class='ocrx_word' id='word_1_258' title='bbox 1322 1874 1430 1928; x_wconf 90' lang='lat' dir='ltr'><strong>nullum</strong></span> <span class='ocrx_word' id='word_1_259' title='bbox 1446 1875 1600 1930; x_wconf 90' lang='lat' dir='ltr'><strong>membrum</strong></span> <span class='ocrx_word' id='word_1_260' title='bbox 1617 1875 1699 1945; x_wconf 84' lang='lat' dir='ltr'><strong>vivit,</strong></span> <span class='ocrx_word' id='word_1_261' title='bbox 1724 1877 1783 1932; x_wconf 92' lang='lat' dir='ltr'><strong>ani·</strong></span> 
     </span>
     <span class='ocr_line' id='line_1_19' title="bbox 79 1960 1783 2034; baseline 0.001 -16"><span class='ocrx_word' id='word_1_262' title='bbox 79 1962 246 2034; x_wconf 79' lang='lat' dir='ltr'><strong>baptizatis,</strong></span> <span class='ocrx_word' id='word_1_263' title='bbox 274 1962 384 2031; x_wconf 87' lang='lat' dir='ltr'><strong>plenius</strong></span> <span class='ocrx_word' id='word_1_264' title='bbox 409 1963 463 2017; x_wconf 80' lang='lat' dir='ltr'><strong>fuit</strong></span> <span class='ocrx_word' id='word_1_265' title='bbox 483 1970 632 2018; x_wconf 88' lang='lat' dir='ltr'><strong>ostensum.</strong></span> <span class='ocrx_word' id='word_1_266' title='bbox 667 1964 793 2018; x_wconf 87' lang='lat' dir='ltr'><strong>Addueit</strong></span> <span class='ocrx_word' id='word_1_267' title='bbox 814 1963 919 2017; x_wconf 91' lang='lat' dir='ltr'><strong>Bellar·</strong></span> <span class='ocrx_word' id='word_1_268' title='bbox 946 1966 1036 2015; x_wconf 91' lang='lat' dir='ltr'><strong>matur</strong></span> <span class='ocrx_word' id='word_1_269' title='bbox 1060 1977 1093 2015; x_wconf 90' lang='lat' dir='ltr'><strong>ac</strong></span> <span class='ocrx_word' id='word_1_270' title='bbox 1113 1965 1252 2026; x_wconf 80' lang='lat' dir='ltr'><strong>moretm,</strong></span> <span class='ocrx_word' id='word_1_271' title='bbox 1277 1960 1330 2015; x_wconf 90' lang='lat' dir='ltr'><strong>nisi</strong></span> <span class='ocrx_word' id='word_1_272' title='bbox 1350 1967 1415 2016; x_wconf 88' lang='lat' dir='ltr'><strong>actu</strong></span> <span class='ocrx_word' id='word_1_273' title='bbox 1435 1968 1464 2016; x_wconf 91' lang='lat' dir='ltr'><strong>et</strong></span> <span class='ocrx_word' id='word_1_274' title='bbox 1481 1978 1512 2017; x_wconf 90' lang='lat' dir='ltr'><strong>re</strong></span> <span class='ocrx_word' id='word_1_275' title='bbox 1529 1961 1592 2032; x_wconf 93' lang='lat' dir='ltr'><strong>ipsa</strong></span> <span class='ocrx_word' id='word_1_276' title='bbox 1608 1978 1672 2016; x_wconf 87' lang='lat' dir='ltr'><strong>eum</strong></span> <span class='ocrx_word' id='word_1_277' title='bbox 1691 1963 1783 2034; x_wconf 85' lang='lat' dir='ltr'><strong>capite</strong></span> 
     </span>
     <span class='ocr_line' id='line_1_20' title="bbox 78 2046 1782 2120; baseline -0.001 -14"><span class='ocrx_word' id='word_1_278' title='bbox 78 2051 173 2106; x_wconf 85' lang='lat' dir='ltr'><strong>minus</strong></span> <span class='ocrx_word' id='word_1_279' title='bbox 199 2048 320 2104; x_wconf 89' lang='lat' dir='ltr'><strong>secundo</strong></span> <span class='ocrx_word' id='word_1_280' title='bbox 345 2050 405 2104; x_wconf 87' lang='lat' dir='ltr'><strong>loco</strong></span> <span class='ocrx_word' id='word_1_281' title='bbox 431 2049 636 2120; x_wconf 87' lang='lat' dir='ltr'><strong>responsionem</strong></span> <span class='ocrx_word' id='word_1_282' title='bbox 658 2049 817 2105; x_wconf 85' lang='lat' dir='ltr'><strong>Melchioris</strong></span> <span class='ocrx_word' id='word_1_283' title='bbox 842 2049 919 2114; x_wconf 87' lang='lat' dir='ltr'><strong>Cani,</strong></span> <span class='ocrx_word' id='word_1_284' title='bbox 946 2049 1131 2119; x_wconf 84' lang='lat' dir='ltr'><strong>conjungatur</strong></span> <span class='ocrx_word' id='word_1_285' title='bbox 1156 2051 1185 2101; x_wconf 91' lang='grc' dir='ltr'><strong>ιι</strong></span> <span class='ocrx_word' id='word_1_286' title='bbox 1209 2046 1246 2102; x_wconf 86' lang='lat' dir='ltr'><strong>ab</strong></span> <span class='ocrx_word' id='word_1_287' title='bbox 1270 2047 1319 2101; x_wconf 92' lang='lat' dir='ltr'><strong>illo</strong></span> <span class='ocrx_word' id='word_1_288' title='bbox 1341 2064 1453 2102; x_wconf 80' lang='lat' dir='ltr'><strong>sensum</strong></span> <span class='ocrx_word' id='word_1_289' title='bbox 1478 2064 1512 2102; x_wconf 91' lang='lat' dir='ltr'><strong>ac</strong></span> <span class='ocrx_word' id='word_1_290' title='bbox 1533 2054 1639 2103; x_wconf 89' lang='lat' dir='ltr'><strong>motum</strong></span> <span class='ocrx_word' id='word_1_291' title='bbox 1656 2049 1782 2118; x_wconf 72' lang='lat' dir='ltr'><strong>hauriat3</strong></span> 
     </span>
     <span class='ocr_line' id='line_1_21' title="bbox 79 2132 1782 2205; baseline -0.001 -13"><span class='ocrx_word' id='word_1_292' title='bbox 79 2138 294 2192; x_wconf 77' lang='lat' dir='ltr'><strong>catechumenos</strong></span> <span class='ocrx_word' id='word_1_293' title='bbox 312 2137 377 2189; x_wconf 80' lang='lat' dir='ltr'><strong>licet</strong></span> <span class='ocrx_word' id='word_1_294' title='bbox 395 2153 451 2189; x_wconf 78' lang='lat' dir='ltr'><strong>uos</strong></span> <span class='ocrx_word' id='word_1_295' title='bbox 470 2137 526 2190; x_wconf 80' lang='lat' dir='ltr'><strong>siat</strong></span> <span class='ocrx_word' id='word_1_296' title='bbox 545 2139 581 2190; x_wconf 83' lang='lat' dir='ltr'><strong>de</strong></span> <span class='ocrx_word' id='word_1_297' title='bbox 599 2137 733 2204; x_wconf 73' lang='lat' dir='ltr'><strong>ecelesia,</strong></span> <span class='ocrx_word' id='word_1_298' title='bbox 758 2152 830 2205; x_wconf 80' lang='lat' dir='ltr'><strong>quoe</strong></span> <span class='ocrx_word' id='word_1_299' title='bbox 848 2152 919 2204; x_wconf 82' lang='lat' dir='ltr'><strong>pro·</strong></span> <span class='ocrx_word' id='word_1_300' title='bbox 946 2133 1039 2187; x_wconf 90' lang='lat' dir='ltr'><strong>nullus</strong></span> <span class='ocrx_word' id='word_1_301' title='bbox 1067 2133 1174 2203; x_wconf 89' lang='lat' dir='ltr'><strong>palmes</strong></span> <span class='ocrx_word' id='word_1_302' title='bbox 1198 2150 1312 2187; x_wconf 88' lang='lat' dir='ltr'><strong>succum</strong></span> <span class='ocrx_word' id='word_1_303' title='bbox 1334 2132 1475 2187; x_wconf 84' lang='lat' dir='ltr'><strong>vivificum</strong></span> <span class='ocrx_word' id='word_1_304' title='bbox 1498 2132 1586 2188; x_wconf 90' lang='lat' dir='ltr'><strong>trahit</strong></span> <span class='ocrx_word' id='word_1_305' title='bbox 1608 2140 1636 2191; x_wconf 85' lang='lat' dir='ltr'><strong>et</strong></span> <span class='ocrx_word' id='word_1_306' title='bbox 1659 2133 1782 2191; x_wconf 88' lang='lat' dir='ltr'><strong>fructum</strong></span> 
     </span>
     <span class='ocr_line' id='line_1_22' title="bbox 76 2218 1783 2294; baseline 0 -18"><span class='ocrx_word' id='word_1_307' title='bbox 76 2225 144 2294; x_wconf 81' lang='lat' dir='ltr'><strong>prie</strong></span> <span class='ocrx_word' id='word_1_308' title='bbox 162 2223 269 2276; x_wconf 72' lang='grc' dir='ltr'>ιιίιιιιιι·</span> <span class='ocrx_word' id='word_1_309' title='bbox 287 2221 458 2289; x_wconf 77' lang='lat' dir='ltr'><strong>Cbrietiana,</strong></span> <span class='ocrx_word' id='word_1_310' title='bbox 479 2230 571 2276; x_wconf 80' lang='lat' dir='ltr'><strong>tamea</strong></span> <span class='ocrx_word' id='word_1_311' title='bbox 583 2225 690 2277; x_wconf 68' lang='lat' dir='ltr'><strong>asnede</strong></span> <span class='ocrx_word' id='word_1_312' title='bbox 703 2222 832 2288; x_wconf 80' lang='lat' dir='ltr'><strong>eeclesia,</strong></span> <span class='ocrx_word' id='word_1_313' title='bbox 846 2238 918 2290; x_wconf 78' lang='lat' dir='ltr'><strong>quae</strong></span> <span class='ocrx_word' id='word_1_314' title='bbox 946 2218 1051 2290; x_wconf 85' lang='lat' dir='ltr'><strong>profert</strong></span> <span class='ocrx_word' id='word_1_315' title='bbox 1077 2219 1131 2273; x_wconf 93' lang='lat' dir='ltr'><strong>nisi</strong></span> <span class='ocrx_word' id='word_1_316' title='bbox 1154 2224 1220 2274; x_wconf 87' lang='lat' dir='ltr'><strong>actu</strong></span> <span class='ocrx_word' id='word_1_317' title='bbox 1246 2224 1273 2273; x_wconf 91' lang='lat' dir='ltr'><strong>et</strong></span> <span class='ocrx_word' id='word_1_318' title='bbox 1299 2236 1329 2273; x_wconf 90' lang='lat' dir='ltr'><strong>re</strong></span> <span class='ocrx_word' id='word_1_319' title='bbox 1353 2218 1416 2289; x_wconf 90' lang='lat' dir='ltr'><strong>ipsa</strong></span> <span class='ocrx_word' id='word_1_320' title='bbox 1435 2219 1472 2273; x_wconf 90' lang='lat' dir='ltr'><strong>sit</strong></span> <span class='ocrx_word' id='word_1_321' title='bbox 1496 2220 1526 2272; x_wconf 93' lang='lat' dir='ltr'><strong>in</strong></span> <span class='ocrx_word' id='word_1_322' title='bbox 1543 2225 1613 2287; x_wconf 77' lang='lat' dir='ltr'><strong>vite3</strong></span> <span class='ocrx_word' id='word_1_323' title='bbox 1637 2222 1783 2290; x_wconf 84' lang='lat' dir='ltr'><strong>jamvero</strong></span> 
     </span>
     <span class='ocr_line' id='line_1_23' title="bbox 80 2303 1782 2379; baseline -0.002 -14"><span class='ocrx_word' id='word_1_324' title='bbox 80 2309 293 2379; x_wconf 76' lang='lat' dir='ltr'><strong>comprehendit</strong></span> <span class='ocrx_word' id='word_1_325' title='bbox 313 2325 406 2362; x_wconf 81' lang='lat' dir='ltr'><strong>omnes</strong></span> <span class='ocrx_word' id='word_1_326' title='bbox 419 2310 524 2378; x_wconf 67' lang='lat' dir='ltr'><strong>fideles</strong></span> <span class='ocrx_word' id='word_1_327' title='bbox 536 2310 573 2362; x_wconf 81' lang='lat' dir='ltr'><strong>ab</strong></span> <span class='ocrx_word' id='word_1_328' title='bbox 584 2310 658 2364; x_wconf 81' lang='lat' dir='ltr'><strong>Abel</strong></span> <span class='ocrx_word' id='word_1_329' title='bbox 669 2311 809 2378; x_wconf 75' lang='lat' dir='ltr'><strong>mqaead</strong></span> <span class='ocrx_word' id='word_1_330' title='bbox 821 2309 921 2361; x_wconf 78' lang='lat' dir='ltr'><strong>mundi</strong></span> <span class='ocrx_word' id='word_1_331' title='bbox 946 2304 1136 2360; x_wconf 84' lang='lat' dir='ltr'><strong>catechumeni</strong></span> <span class='ocrx_word' id='word_1_332' title='bbox 1159 2304 1257 2359; x_wconf 87' lang='lat' dir='ltr'><strong>fideles</strong></span> <span class='ocrx_word' id='word_1_333' title='bbox 1283 2308 1417 2375; x_wconf 85' lang='lat' dir='ltr'><strong>reguntur</strong></span> <span class='ocrx_word' id='word_1_334' title='bbox 1439 2309 1468 2358; x_wconf 89' lang='lat' dir='ltr'><strong>et</strong></span> <span class='ocrx_word' id='word_1_335' title='bbox 1491 2303 1665 2360; x_wconf 83' lang='lat' dir='ltr'><strong>vivificantur</strong></span> <span class='ocrx_word' id='word_1_336' title='bbox 1685 2322 1703 2361; x_wconf 85' lang='lat' dir='ltr'><strong>a</strong></span> <span class='ocrx_word' id='word_1_337' title='bbox 1721 2306 1782 2377; x_wconf 84' lang='lat' dir='ltr'><strong>Spi-</strong></span> 
     </span>
     <span class='ocr_line' id='line_1_24' title="bbox 81 2389 1782 2464; baseline -0.002 -12"><span class='ocrx_word' id='word_1_338' title='bbox 81 2396 353 2461; x_wconf 75' lang='lat' dir='ltr'><strong>commmats&#39;ooem,</strong></span> <span class='ocrx_word' id='word_1_339' title='bbox 372 2396 490 2463; x_wconf 78' lang='lat' dir='ltr'><strong>ideoque</strong></span> <span class='ocrx_word' id='word_1_340' title='bbox 508 2413 555 2449; x_wconf 85' lang='lat' dir='ltr'><strong>eos</strong></span> <span class='ocrx_word' id='word_1_341' title='bbox 572 2396 683 2450; x_wconf 65' lang='lat' dir='ltr'><strong>calceri</strong></span> <span class='ocrx_word' id='word_1_342' title='bbox 697 2412 790 2464; x_wconf 81' lang='lat' dir='ltr'><strong>poree.</strong></span> <span class='ocrx_word' id='word_1_343' title='bbox 814 2395 855 2450; x_wconf 83' lang='lat' dir='ltr'><strong>At</strong></span> <span class='ocrx_word' id='word_1_344' title='bbox 867 2394 919 2451; x_wconf 90' lang='lat' dir='ltr'><strong>hoe</strong></span> <span class='ocrx_word' id='word_1_345' title='bbox 945 2391 1001 2445; x_wconf 87' lang='lat' dir='ltr'><strong>ritu</strong></span> <span class='ocrx_word' id='word_1_346' title='bbox 1023 2397 1119 2446; x_wconf 87' lang='lat' dir='ltr'><strong>sancto</strong></span> <span class='ocrx_word' id='word_1_347' title='bbox 1142 2407 1176 2447; x_wconf 90' lang='lat' dir='ltr'><strong>ac</strong></span> <span class='ocrx_word' id='word_1_348' title='bbox 1196 2391 1342 2462; x_wconf 87' lang='lat' dir='ltr'><strong>proferunt</strong></span> <span class='ocrx_word' id='word_1_349' title='bbox 1364 2389 1472 2446; x_wconf 88' lang='lat' dir='ltr'><strong>fruetus</strong></span> <span class='ocrx_word' id='word_1_350' title='bbox 1498 2391 1632 2447; x_wconf 91' lang='lat' dir='ltr'><strong>bonorum</strong></span> <span class='ocrx_word' id='word_1_351' title='bbox 1659 2409 1782 2463; x_wconf 91' lang='lat' dir='ltr'><strong>opernm,</strong></span> 
     </span>
     <span class='ocr_line' id='line_1_25' title="bbox 80 2477 1784 2556; baseline -0.003 -16"><span class='ocrx_word' id='word_1_352' title='bbox 80 2486 176 2556; x_wconf 92' lang='lat' dir='ltr'><strong>ipsum</strong></span> <span class='ocrx_word' id='word_1_353' title='bbox 192 2483 276 2539; x_wconf 89' lang='lat' dir='ltr'><strong>etiam</strong></span> <span class='ocrx_word' id='word_1_354' title='bbox 294 2498 344 2537; x_wconf 85' lang='lat' dir='ltr'><strong>noe</strong></span> <span class='ocrx_word' id='word_1_355' title='bbox 363 2481 489 2546; x_wconf 85' lang='lat' dir='ltr'><strong>dicimus,</strong></span> <span class='ocrx_word' id='word_1_356' title='bbox 507 2481 612 2537; x_wconf 88' lang='lat' dir='ltr'><strong>scilicet</strong></span> <span class='ocrx_word' id='word_1_357' title='bbox 629 2480 840 2537; x_wconf 79' lang='lat' dir='ltr'><strong>catechumenos</strong></span> <span class='ocrx_word' id='word_1_358' title='bbox 852 2480 919 2537; x_wconf 80' lang='lat' dir='ltr'><strong>fide</strong></span> <span class='ocrx_word' id='word_1_359' title='bbox 946 2495 1012 2548; x_wconf 91' lang='lat' dir='ltr'><strong>ergo</strong></span> <span class='ocrx_word' id='word_1_360' title='bbox 1029 2496 1059 2532; x_wconf 87' lang='lat' dir='ltr'><strong>re</strong></span> <span class='ocrx_word' id='word_1_361' title='bbox 1078 2478 1141 2548; x_wconf 90' lang='lat' dir='ltr'><strong>ipsa</strong></span> <span class='ocrx_word' id='word_1_362' title='bbox 1163 2485 1192 2533; x_wconf 91' lang='lat' dir='ltr'><strong>et</strong></span> <span class='ocrx_word' id='word_1_363' title='bbox 1210 2485 1276 2533; x_wconf 91' lang='lat' dir='ltr'><strong>actu</strong></span> <span class='ocrx_word' id='word_1_364' title='bbox 1295 2483 1360 2532; x_wconf 92' lang='lat' dir='ltr'><strong>sunt</strong></span> <span class='ocrx_word' id='word_1_365' title='bbox 1378 2477 1482 2533; x_wconf 88' lang='lat' dir='ltr'><strong>Christi</strong></span> <span class='ocrx_word' id='word_1_366' title='bbox 1499 2479 1636 2542; x_wconf 89' lang='lat' dir='ltr'><strong>membra,</strong></span> <span class='ocrx_word' id='word_1_367' title='bbox 1654 2479 1699 2534; x_wconf 92' lang='lat' dir='ltr'><strong>cui</strong></span> <span class='ocrx_word' id='word_1_368' title='bbox 1717 2485 1784 2535; x_wconf 89' lang='lat' dir='ltr'><strong>actu</strong></span> 
     </span>
     <span class='ocr_line' id='line_1_26' title="bbox 82 2564 1783 2640; baseline -0.002 -15"><span class='ocrx_word' id='word_1_369' title='bbox 82 2572 124 2628; x_wconf 86' lang='lat' dir='ltr'><strong>les</strong></span> <span class='ocrx_word' id='word_1_370' title='bbox 150 2586 210 2625; x_wconf 80' lang='lat' dir='ltr'><strong>esse</strong></span> <span class='ocrx_word' id='word_1_371' title='bbox 237 2570 273 2624; x_wconf 90' lang='lat' dir='ltr'><strong>de</strong></span> <span class='ocrx_word' id='word_1_372' title='bbox 299 2568 416 2624; x_wconf 86' lang='lat' dir='ltr'><strong>eeclesia</strong></span> <span class='ocrx_word' id='word_1_373' title='bbox 435 2567 588 2634; x_wconf 85' lang='lat' dir='ltr'><strong>catholiea,</strong></span> <span class='ocrx_word' id='word_1_374' title='bbox 616 2584 689 2637; x_wconf 90' lang='lat' dir='ltr'><strong>quae</strong></span> <span class='ocrx_word' id='word_1_375' title='bbox 712 2567 920 2640; x_wconf 89' lang='lat' dir='ltr'><strong>comprehendit</strong></span> <span class='ocrx_word' id='word_1_376' title='bbox 947 2571 974 2622; x_wconf 93' lang='grc' dir='ltr'><strong>ιι</strong></span> <span class='ocrx_word' id='word_1_377' title='bbox 994 2582 1025 2619; x_wconf 92' lang='lat' dir='ltr'><strong>re</strong></span> <span class='ocrx_word' id='word_1_378' title='bbox 1048 2566 1110 2636; x_wconf 87' lang='lat' dir='ltr'><strong>ipsa</strong></span> <span class='ocrx_word' id='word_1_379' title='bbox 1135 2565 1229 2621; x_wconf 88' lang='lat' dir='ltr'><strong>inserti</strong></span> <span class='ocrx_word' id='word_1_380' title='bbox 1255 2570 1321 2620; x_wconf 91' lang='lat' dir='ltr'><strong>sunt</strong></span> <span class='ocrx_word' id='word_1_381' title='bbox 1345 2564 1417 2620; x_wconf 88' lang='lat' dir='ltr'><strong>sicut</strong></span> <span class='ocrx_word' id='word_1_382' title='bbox 1439 2564 1569 2636; x_wconf 75' lang='lat' dir='ltr'><strong>palmites</strong></span> <span class='ocrx_word' id='word_1_383' title='bbox 1587 2566 1646 2622; x_wconf 88' lang='lat' dir='ltr'><strong>riti.</strong></span> <span class='ocrx_word' id='word_1_384' title='bbox 1683 2572 1706 2622; x_wconf 80' lang='grc'><strong>3.</strong></span> <span class='ocrx_word' id='word_1_385' title='bbox 1729 2566 1783 2631; x_wconf 82' lang='lat' dir='ltr'><strong>Qui</strong></span> 
     </span>
     <span class='ocr_line' id='line_1_27' title="bbox 82 2651 1784 2726; baseline -0.002 -13"><span class='ocrx_word' id='word_1_386' title='bbox 82 2673 178 2713; x_wconf 85' lang='lat' dir='ltr'><strong>omnea</strong></span> <span class='ocrx_word' id='word_1_387' title='bbox 204 2672 264 2722; x_wconf 84' lang='lat' dir='ltr'><strong>eos,</strong></span> <span class='ocrx_word' id='word_1_388' title='bbox 288 2655 337 2726; x_wconf 91' lang='lat' dir='ltr'><strong>qni</strong></span> <span class='ocrx_word' id='word_1_389' title='bbox 354 2655 499 2709; x_wconf 84' lang='lat' dir='ltr'><strong>salvantur</strong></span> <span class='ocrx_word' id='word_1_390' title='bbox 515 2654 553 2708; x_wconf 92' lang='lat' dir='ltr'><strong>ab</strong></span> <span class='ocrx_word' id='word_1_391' title='bbox 569 2654 644 2709; x_wconf 83' lang='lat' dir='ltr'><strong>Abel</strong></span> <span class='ocrx_word' id='word_1_392' title='bbox 661 2670 749 2725; x_wconf 89' lang='lat' dir='ltr'><strong>usque</strong></span> <span class='ocrx_word' id='word_1_393' title='bbox 768 2653 805 2708; x_wconf 92' lang='lat' dir='ltr'><strong>ad</strong></span> <span class='ocrx_word' id='word_1_394' title='bbox 824 2655 920 2711; x_wconf 91' lang='lat' dir='ltr'><strong>mundi</strong></span> <span class='ocrx_word' id='word_1_395' title='bbox 946 2659 1011 2707; x_wconf 92' lang='lat' dir='ltr'><strong>sunt</strong></span> <span class='ocrx_word' id='word_1_396' title='bbox 1035 2651 1084 2706; x_wconf 88' lang='lat' dir='ltr'><strong>fifii</strong></span> <span class='ocrx_word' id='word_1_397' title='bbox 1101 2651 1170 2721; x_wconf 90' lang='lat' dir='ltr'><strong>Dei,</strong></span> <span class='ocrx_word' id='word_1_398' title='bbox 1195 2651 1280 2706; x_wconf 88' lang='lat' dir='ltr'><strong>iidem</strong></span> <span class='ocrx_word' id='word_1_399' title='bbox 1297 2651 1382 2707; x_wconf 87' lang='lat' dir='ltr'><strong>etiam</strong></span> <span class='ocrx_word' id='word_1_400' title='bbox 1399 2657 1465 2707; x_wconf 91' lang='lat' dir='ltr'><strong>sunt</strong></span> <span class='ocrx_word' id='word_1_401' title='bbox 1482 2651 1532 2706; x_wconf 89' lang='lat' dir='ltr'><strong>filii</strong></span> <span class='ocrx_word' id='word_1_402' title='bbox 1551 2651 1695 2720; x_wconf 89' lang='lat' dir='ltr'><strong>ecclesiae,</strong></span> <span class='ocrx_word' id='word_1_403' title='bbox 1718 2653 1784 2725; x_wconf 88' lang='lat' dir='ltr'><strong>quia</strong></span> 
     </span>
     <span class='ocr_line' id='line_1_28' title="bbox 82 2737 1782 2813; baseline -0.002 -15"><span class='ocrx_word' id='word_1_404' title='bbox 82 2744 181 2812; x_wconf 71' lang='lat' dir='ltr'><strong>finem,</strong></span> <span class='ocrx_word' id='word_1_405' title='bbox 208 2742 237 2796; x_wconf 91' lang='lat' dir='ltr'><strong>in</strong></span> <span class='ocrx_word' id='word_1_406' title='bbox 255 2758 288 2797; x_wconf 90' lang='lat' dir='ltr'><strong>ee</strong></span> <span class='ocrx_word' id='word_1_407' title='bbox 307 2758 372 2797; x_wconf 84' lang='lat' dir='ltr'><strong>vero</strong></span> <span class='ocrx_word' id='word_1_408' title='bbox 391 2741 567 2797; x_wconf 88' lang='lat' dir='ltr'><strong>dissentimus</strong></span> <span class='ocrx_word' id='word_1_409' title='bbox 585 2756 603 2795; x_wconf 88' lang='lat' dir='ltr'><strong>a</strong></span> <span class='ocrx_word' id='word_1_410' title='bbox 621 2741 712 2804; x_wconf 86' lang='lat' dir='ltr'><strong>Cano,</strong></span> <span class='ocrx_word' id='word_1_411' title='bbox 733 2741 809 2813; x_wconf 92' lang='lat' dir='ltr'><strong>quod</strong></span> <span class='ocrx_word' id='word_1_412' title='bbox 826 2747 919 2813; x_wconf 88' lang='lat' dir='ltr'><strong>negat,</strong></span> <span class='ocrx_word' id='word_1_413' title='bbox 944 2739 974 2793; x_wconf 90' lang='lat' dir='ltr'><strong>in</strong></span> <span class='ocrx_word' id='word_1_414' title='bbox 993 2738 1130 2810; x_wconf 84' lang='lat' dir='ltr'><strong>spirituali</strong></span> <span class='ocrx_word' id='word_1_415' title='bbox 1147 2737 1356 2809; x_wconf 86' lang='lat' dir='ltr'><strong>regeneratione</strong></span> <span class='ocrx_word' id='word_1_416' title='bbox 1367 2737 1460 2795; x_wconf 88' lang='lat' dir='ltr'><strong>Deum</strong></span> <span class='ocrx_word' id='word_1_417' title='bbox 1477 2738 1653 2810; x_wconf 77' lang='lat' dir='ltr'><strong>agnoscimus</strong></span> <span class='ocrx_word' id='word_1_418' title='bbox 1665 2744 1782 2809; x_wconf 92' lang='lat' dir='ltr'><strong>patrem,</strong></span> 
     </span>
     <span class='ocr_line' id='line_1_29' title="bbox 82 2824 1784 2899; baseline 0 -18"><span class='ocrx_word' id='word_1_419' title='bbox 82 2831 156 2883; x_wconf 77' lang='lat' dir='ltr'><strong>lanc</strong></span> <span class='ocrx_word' id='word_1_420' title='bbox 175 2844 234 2882; x_wconf 80' lang='lat' dir='ltr'><strong>esse</strong></span> <span class='ocrx_word' id='word_1_421' title='bbox 254 2828 618 2892; x_wconf 69' lang='grc' dir='ltr'>Οιιιιιίαηαιιιιιιιιιίαιιι,</span> <span class='ocrx_word' id='word_1_422' title='bbox 637 2827 805 2899; x_wconf 85' lang='lat' dir='ltr'><strong>quinetiam</strong></span> <span class='ocrx_word' id='word_1_423' title='bbox 819 2828 919 2884; x_wconf 83' lang='lat' dir='ltr'><strong>veteris</strong></span> <span class='ocrx_word' id='word_1_424' title='bbox 945 2825 1090 2881; x_wconf 89' lang='lat' dir='ltr'><strong>ecelesiam</strong></span> <span class='ocrx_word' id='word_1_425' title='bbox 1116 2842 1181 2881; x_wconf 82' lang='lat' dir='ltr'><strong>vero</strong></span> <span class='ocrx_word' id='word_1_426' title='bbox 1207 2831 1340 2890; x_wconf 89' lang='lat' dir='ltr'><strong>matrem,</strong></span> <span class='ocrx_word' id='word_1_427' title='bbox 1367 2824 1433 2880; x_wconf 91' lang='lat' dir='ltr'><strong>inde</strong></span> <span class='ocrx_word' id='word_1_428' title='bbox 1457 2824 1599 2896; x_wconf 84' lang='lat' dir='ltr'><strong>apostolus</strong></span> <span class='ocrx_word' id='word_1_429' title='bbox 1622 2825 1784 2896; x_wconf 90' lang='lat' dir='ltr'><strong>pronuntiat</strong></span> 
     </span>
     <span class='ocr_line' id='line_1_30' title="bbox 81 2911 1867 2986; baseline -0.003 -14"><span class='ocrx_word' id='word_1_430' title='bbox 81 2916 241 2972; x_wconf 88' lang='lat' dir='ltr'><strong>testamenti</strong></span> <span class='ocrx_word' id='word_1_431' title='bbox 267 2914 400 2982; x_wconf 86' lang='lat' dir='ltr'><strong>ecclesia,</strong></span> <span class='ocrx_word' id='word_1_432' title='bbox 423 2914 447 2969; x_wconf 94' lang='lat' dir='ltr'><strong>si</strong></span> <span class='ocrx_word' id='word_1_433' title='bbox 467 2931 524 2969; x_wconf 90' lang='lat' dir='ltr'><strong>rem</strong></span> <span class='ocrx_word' id='word_1_434' title='bbox 542 2914 632 2986; x_wconf 88' lang='lat' dir='ltr'><strong>ipsam</strong></span> <span class='ocrx_word' id='word_1_435' title='bbox 651 2918 778 2985; x_wconf 87' lang='lat' dir='ltr'><strong>spectare</strong></span> <span class='ocrx_word' id='word_1_436' title='bbox 794 2915 920 2982; x_wconf 79' lang='lat' dir='ltr'><strong>velimus,</strong></span> <span class='ocrx_word' id='word_1_437' title='bbox 946 2911 1039 2968; x_wconf 82' lang='lat' dir='ltr'><strong>Galat</strong></span> <span class='ocrx_word' id='word_1_438' title='bbox 1059 2919 1090 2981; x_wconf 88' lang='grc'><strong>4,</strong></span> <span class='ocrx_word' id='word_1_439' title='bbox 1115 2930 1141 2968; x_wconf 85' lang='lat' dir='ltr'><strong>v.</strong></span> <span class='ocrx_word' id='word_1_440' title='bbox 1160 2916 1200 2968; x_wconf 80' lang='lat'><strong>26.</strong></span> <span class='ocrx_word' id='word_1_441' title='bbox 1225 2911 1310 2965; x_wconf 81' lang='lat' dir='ltr'><strong>illam</strong></span> <span class='ocrx_word' id='word_1_442' title='bbox 1327 2928 1399 2981; x_wconf 66' lang='grc' dir='ltr'>ςιιιι</span> <span class='ocrx_word' id='word_1_443' title='bbox 1416 2929 1528 2967; x_wconf 79' lang='lat' dir='ltr'><strong>auream</strong></span> <span class='ocrx_word' id='word_1_444' title='bbox 1546 2919 1600 2976; x_wconf 83' lang='lat' dir='ltr'><strong>eet,</strong></span> <span class='ocrx_word' id='word_1_445' title='bbox 1623 2912 1784 2966; x_wconf 77' lang='lat' dir='ltr'><strong>Jemeolem</strong></span> <span class='ocrx_word' id='word_1_446' title='bbox 1863 2960 1867 2967; x_wconf 90' lang='lat'><strong>.</strong></span> 
     </span>
     <span class='ocr_line' id='line_1_31' title="bbox 82 2999 1783 3071; baseline -0.003 -13"><span class='ocrx_word' id='word_1_447' title='bbox 82 3003 137 3058; x_wconf 80' lang='lat' dir='ltr'><strong>fuit</strong></span> <span class='ocrx_word' id='word_1_448' title='bbox 155 3000 314 3056; x_wconf 77' lang='lat' dir='ltr'><strong>Christiana</strong></span> <span class='ocrx_word' id='word_1_449' title='bbox 334 3000 467 3064; x_wconf 86' lang='lat' dir='ltr'><strong>ecclesia,</strong></span> <span class='ocrx_word' id='word_1_450' title='bbox 496 3018 560 3055; x_wconf 90' lang='lat' dir='ltr'><strong>cum</strong></span> <span class='ocrx_word' id='word_1_451' title='bbox 577 3001 652 3056; x_wconf 91' lang='lat' dir='ltr'><strong>illius</strong></span> <span class='ocrx_word' id='word_1_452' title='bbox 670 3007 757 3071; x_wconf 90' lang='lat' dir='ltr'><strong>caput</strong></span> <span class='ocrx_word' id='word_1_453' title='bbox 773 3001 870 3057; x_wconf 92' lang='lat' dir='ltr'><strong>itidem</strong></span> <span class='ocrx_word' id='word_1_454' title='bbox 889 3008 921 3056; x_wconf 92' lang='lat' dir='ltr'><strong>ut</strong></span> <span class='ocrx_word' id='word_1_455' title='bbox 947 3016 1005 3054; x_wconf 80' lang='lat' dir='ltr'><strong>ease</strong></span> <span class='ocrx_word' id='word_1_456' title='bbox 1021 3008 1137 3054; x_wconf 83' lang='lat' dir='ltr'><strong>matrem</strong></span> <span class='ocrx_word' id='word_1_457' title='bbox 1156 3000 1278 3053; x_wconf 78' lang='lat' dir='ltr'><strong>omnium</strong></span> <span class='ocrx_word' id='word_1_458' title='bbox 1295 3007 1436 3068; x_wconf 74' lang='lat' dir='ltr'><strong>nostram,</strong></span> <span class='ocrx_word' id='word_1_459' title='bbox 1463 2999 1571 3053; x_wconf 89' lang='lat' dir='ltr'><strong>seilicet</strong></span> <span class='ocrx_word' id='word_1_460' title='bbox 1588 3015 1653 3055; x_wconf 84' lang='lat' dir='ltr'><strong>rere</strong></span> <span class='ocrx_word' id='word_1_461' title='bbox 1671 2999 1783 3054; x_wconf 88' lang='lat' dir='ltr'><strong>creden-</strong></span> 
     </span>
     <span class='ocr_line' id='line_1_32' title="bbox 83 3083 1783 3156; baseline -0.003 -11"><span class='ocrx_word' id='word_1_462' title='bbox 83 3087 216 3145; x_wconf 86' lang='lat' dir='ltr'><strong>ecclesiae</strong></span> <span class='ocrx_word' id='word_1_463' title='bbox 233 3088 268 3143; x_wconf 84' lang='lat' dir='ltr'><strong>N.</strong></span> <span class='ocrx_word' id='word_1_464' title='bbox 287 3088 319 3143; x_wconf 90' lang='grc' dir='ltr'><strong>Τ.</strong></span> <span class='ocrx_word' id='word_1_465' title='bbox 339 3087 424 3142; x_wconf 86' lang='lat' dir='ltr'><strong>fuerit</strong></span> <span class='ocrx_word' id='word_1_466' title='bbox 444 3086 578 3153; x_wconf 87' lang='lat' dir='ltr'><strong>Christus,</strong></span> <span class='ocrx_word' id='word_1_467' title='bbox 596 3103 659 3140; x_wconf 89' lang='lat' dir='ltr'><strong>cnm</strong></span> <span class='ocrx_word' id='word_1_468' title='bbox 677 3087 716 3156; x_wconf 93' lang='lat' dir='ltr'><strong>pii</strong></span> <span class='ocrx_word' id='word_1_469' title='bbox 728 3086 764 3143; x_wconf 94' lang='lat' dir='ltr'><strong>V.</strong></span> <span class='ocrx_word' id='word_1_470' title='bbox 776 3086 809 3143; x_wconf 88' lang='lat' dir='ltr'><strong>T.</strong></span> <span class='ocrx_word' id='word_1_471' title='bbox 824 3087 920 3141; x_wconf 90' lang='lat' dir='ltr'><strong>itidem</strong></span> <span class='ocrx_word' id='word_1_472' title='bbox 946 3087 1024 3143; x_wconf 91' lang='lat' dir='ltr'><strong>tium.</strong></span> <span class='ocrx_word' id='word_1_473' title='bbox 1064 3086 1130 3141; x_wconf 80' lang='lat' dir='ltr'><strong>dam</strong></span> <span class='ocrx_word' id='word_1_474' title='bbox 1152 3102 1218 3141; x_wconf 82' lang='lat' dir='ltr'><strong>vero</strong></span> <span class='ocrx_word' id='word_1_475' title='bbox 1244 3084 1434 3141; x_wconf 89' lang='lat' dir='ltr'><strong>catechumeni</strong></span> <span class='ocrx_word' id='word_1_476' title='bbox 1454 3083 1551 3140; x_wconf 89' lang='lat' dir='ltr'><strong>fideles</strong></span> <span class='ocrx_word' id='word_1_477' title='bbox 1568 3091 1634 3139; x_wconf 91' lang='lat' dir='ltr'><strong>sunt</strong></span> <span class='ocrx_word' id='word_1_478' title='bbox 1650 3084 1701 3138; x_wconf 88' lang='lat' dir='ltr'><strong>fifii</strong></span> <span class='ocrx_word' id='word_1_479' title='bbox 1719 3084 1783 3150; x_wconf 88' lang='lat' dir='ltr'><strong>Dei,</strong></span> 
     </span>
     <span class='ocr_line' id='line_1_33' title="bbox 82 3169 1783 3243; baseline -0.001 -14"><span class='ocrx_word' id='word_1_480' title='bbox 82 3173 251 3230; x_wconf 88' lang='lat' dir='ltr'><strong>credideriut</strong></span> <span class='ocrx_word' id='word_1_481' title='bbox 280 3173 310 3227; x_wconf 89' lang='lat' dir='ltr'><strong>in</strong></span> <span class='ocrx_word' id='word_1_482' title='bbox 331 3171 487 3241; x_wconf 88' lang='lat' dir='ltr'><strong>Christum,</strong></span> <span class='ocrx_word' id='word_1_483' title='bbox 519 3172 628 3228; x_wconf 83' lang='lat' dir='ltr'><strong>seilicet</strong></span> <span class='ocrx_word' id='word_1_484' title='bbox 654 3178 814 3241; x_wconf 80' lang='lat' dir='ltr'><strong>venturum,</strong></span> <span class='ocrx_word' id='word_1_485' title='bbox 847 3173 921 3229; x_wconf 90' lang='lat' dir='ltr'><strong>unde</strong></span> <span class='ocrx_word' id='word_1_486' title='bbox 947 3173 1084 3243; x_wconf 88' lang='lat' dir='ltr'><strong>siquidem</strong></span> <span class='ocrx_word' id='word_1_487' title='bbox 1114 3172 1251 3242; x_wconf 90' lang='lat' dir='ltr'><strong>scriptura</strong></span> <span class='ocrx_word' id='word_1_488' title='bbox 1284 3170 1388 3243; x_wconf 89' lang='lat' dir='ltr'><strong>ubique</strong></span> <span class='ocrx_word' id='word_1_489' title='bbox 1414 3170 1480 3226; x_wconf 89' lang='lat' dir='ltr'><strong>fidei</strong></span> <span class='ocrx_word' id='word_1_490' title='bbox 1511 3169 1610 3225; x_wconf 90' lang='lat' dir='ltr'><strong>tribuit</strong></span> <span class='ocrx_word' id='word_1_491' title='bbox 1636 3174 1783 3227; x_wconf 69' lang='grc' dir='ltr'><strong><em>υἱοθεσίαν</em></strong></span> 
     </span>
     <span class='ocr_line' id='line_1_34' title="bbox 81 3256 1782 3331; baseline -0.002 -16"><span class='ocrx_word' id='word_1_492' title='bbox 81 3267 157 3318; x_wconf 78' lang='grc' dir='ltr'>ιιοιι</span> <span class='ocrx_word' id='word_1_493' title='bbox 184 3259 291 3331; x_wconf 79' lang='lat' dir='ltr'><strong>colligit</strong></span> <span class='ocrx_word' id='word_1_494' title='bbox 310 3259 498 3314; x_wconf 88' lang='lat' dir='ltr'><strong>Bellarminus</strong></span> <span class='ocrx_word' id='word_1_495' title='bbox 524 3266 622 3312; x_wconf 88' lang='lat' dir='ltr'><strong>contra</strong></span> <span class='ocrx_word' id='word_1_496' title='bbox 646 3258 769 3323; x_wconf 91' lang='lat' dir='ltr'><strong>Canum,</strong></span> <span class='ocrx_word' id='word_1_497' title='bbox 795 3260 920 3312; x_wconf 78' lang='lat' dir='ltr'><strong>catechu-</strong></span> <span class='ocrx_word' id='word_1_498' title='bbox 945 3258 1067 3316; x_wconf 80' lang='lat' dir='ltr'><strong>lohann.</strong></span> <span class='ocrx_word' id='word_1_499' title='bbox 1089 3264 1111 3326; x_wconf 92' lang='lat' dir='ltr'><strong>l,</strong></span> <span class='ocrx_word' id='word_1_500' title='bbox 1127 3276 1153 3314; x_wconf 85' lang='lat' dir='ltr'><strong>v.</strong></span> <span class='ocrx_word' id='word_1_501' title='bbox 1176 3263 1214 3313; x_wconf 80' lang='lat'><strong>12.</strong></span> <span class='ocrx_word' id='word_1_502' title='bbox 1244 3256 1307 3313; x_wconf 82' lang='lat' dir='ltr'><strong>Gal.</strong></span> <span class='ocrx_word' id='word_1_503' title='bbox 1320 3262 1351 3322; x_wconf 88' lang='grc'><strong>,3,</strong></span> <span class='ocrx_word' id='word_1_504' title='bbox 1371 3275 1396 3314; x_wconf 89' lang='lat' dir='ltr'><strong>v.</strong></span> <span class='ocrx_word' id='word_1_505' title='bbox 1416 3262 1457 3311; x_wconf 85' lang='grc'><strong>26.</strong></span> <span class='ocrx_word' id='word_1_506' title='bbox 1475 3262 1529 3311; x_wconf 88' lang='grc' dir='ltr'>ιιι.</span> <span class='ocrx_word' id='word_1_507' title='bbox 1560 3256 1636 3327; x_wconf 88' lang='lat' dir='ltr'><strong>Ergo</strong></span> <span class='ocrx_word' id='word_1_508' title='bbox 1654 3257 1782 3312; x_wconf 89' lang='lat' dir='ltr'><strong>catechu-</strong></span> 
     </span>
     <span class='ocr_line' id='line_1_35' title="bbox 82 3341 1782 3413; baseline -0.002 -13"><span class='ocrx_word' id='word_1_509' title='bbox 82 3363 192 3413; x_wconf 77' lang='lat' dir='ltr'><strong>menos,</strong></span> <span class='ocrx_word' id='word_1_510' title='bbox 209 3347 236 3399; x_wconf 78' lang='grc' dir='ltr'><strong>ιι·</strong></span> <span class='ocrx_word' id='word_1_511' title='bbox 251 3364 307 3401; x_wconf 78' lang='grc' dir='ltr'>ιιοιι</span> <span class='ocrx_word' id='word_1_512' title='bbox 324 3346 381 3399; x_wconf 77' lang='lat' dir='ltr'><strong>rint</strong></span> <span class='ocrx_word' id='word_1_513' title='bbox 400 3347 436 3397; x_wconf 80' lang='lat' dir='ltr'><strong>de</strong></span> <span class='ocrx_word' id='word_1_514' title='bbox 456 3345 575 3399; x_wconf 80' lang='lat' dir='ltr'><strong>eecleeia</strong></span> <span class='ocrx_word' id='word_1_515' title='bbox 596 3344 768 3408; x_wconf 65' lang='grc' dir='ltr'>ίιινιζιιιαηα,</span> <span class='ocrx_word' id='word_1_516' title='bbox 787 3347 821 3398; x_wconf 81' lang='grc' dir='ltr'><strong>ιιι</strong></span> <span class='ocrx_word' id='word_1_517' title='bbox 841 3344 920 3398; x_wconf 69' lang='lat' dir='ltr'><strong>arella</strong></span> <span class='ocrx_word' id='word_1_518' title='bbox 946 3342 1019 3399; x_wconf 90' lang='lat' dir='ltr'><strong>meni</strong></span> <span class='ocrx_word' id='word_1_519' title='bbox 1044 3342 1141 3398; x_wconf 87' lang='lat' dir='ltr'><strong>fideles</strong></span> <span class='ocrx_word' id='word_1_520' title='bbox 1167 3348 1232 3398; x_wconf 89' lang='lat' dir='ltr'><strong>sunt</strong></span> <span class='ocrx_word' id='word_1_521' title='bbox 1256 3342 1340 3397; x_wconf 89' lang='lat' dir='ltr'><strong>etiam</strong></span> <span class='ocrx_word' id='word_1_522' title='bbox 1363 3341 1413 3396; x_wconf 90' lang='lat' dir='ltr'><strong>filii</strong></span> <span class='ocrx_word' id='word_1_523' title='bbox 1432 3342 1572 3398; x_wconf 87' lang='lat' dir='ltr'><strong>ecclesiae.</strong></span> <span class='ocrx_word' id='word_1_524' title='bbox 1604 3349 1629 3398; x_wconf 77' lang='lat' dir='ltr'><strong>t.</strong></span> <span class='ocrx_word' id='word_1_525' title='bbox 1646 3341 1782 3397; x_wconf 87' lang='lat' dir='ltr'><strong>Remiseio</strong></span> 
     </span>
     <span class='ocr_line' id='line_1_36' title="bbox 82 3427 1783 3502; baseline -0.003 -13"><span class='ocrx_word' id='word_1_526' title='bbox 82 3435 195 3489; x_wconf 75' lang='lat' dir='ltr'><strong>ornatae</strong></span> <span class='ocrx_word' id='word_1_527' title='bbox 213 3433 331 3487; x_wconf 66' lang='lat' dir='ltr'><strong>ecclesie</strong></span> <span class='ocrx_word' id='word_1_528' title='bbox 350 3448 416 3501; x_wconf 81' lang='lat' dir='ltr'><strong>esre,</strong></span> <span class='ocrx_word' id='word_1_529' title='bbox 436 3437 625 3499; x_wconf 80' lang='lat' dir='ltr'><strong>cumpraeter</strong></span> <span class='ocrx_word' id='word_1_530' title='bbox 638 3430 921 3485; x_wconf 76' lang='lat' dir='ltr'><strong>Christianamaullc</strong></span> <span class='ocrx_word' id='word_1_531' title='bbox 946 3436 1123 3502; x_wconf 89' lang='lat' dir='ltr'><strong>peccatorum</strong></span> <span class='ocrx_word' id='word_1_532' title='bbox 1151 3435 1180 3484; x_wconf 92' lang='lat' dir='ltr'><strong>et</strong></span> <span class='ocrx_word' id='word_1_533' title='bbox 1210 3429 1321 3484; x_wconf 92' lang='lat' dir='ltr'><strong>donatio</strong></span> <span class='ocrx_word' id='word_1_534' title='bbox 1346 3427 1465 3499; x_wconf 85' lang='lat' dir='ltr'><strong>Spiritus</strong></span> <span class='ocrx_word' id='word_1_535' title='bbox 1492 3428 1580 3483; x_wconf 89' lang='lat' dir='ltr'><strong>sancti</strong></span> <span class='ocrx_word' id='word_1_536' title='bbox 1599 3445 1654 3483; x_wconf 90' lang='lat' dir='ltr'><strong>non</strong></span> <span class='ocrx_word' id='word_1_537' title='bbox 1678 3428 1783 3484; x_wconf 87' lang='lat' dir='ltr'><strong>habent</strong></span> 
     </span>
     <span class='ocr_line' id='line_1_37' title="bbox 82 3513 1781 3588; baseline -0.002 -13"><span class='ocrx_word' id='word_1_538' title='bbox 82 3522 121 3575; x_wconf 81' lang='lat' dir='ltr'><strong>sit</strong></span> <span class='ocrx_word' id='word_1_539' title='bbox 138 3520 200 3572; x_wconf 82' lang='lat' dir='ltr'><strong>clia</strong></span> <span class='ocrx_word' id='word_1_540' title='bbox 218 3536 286 3573; x_wconf 84' lang='lat' dir='ltr'><strong>esra</strong></span> <span class='ocrx_word' id='word_1_541' title='bbox 304 3518 432 3572; x_wconf 78' lang='lat' dir='ltr'><strong>eeclesia.</strong></span> <span class='ocrx_word' id='word_1_542' title='bbox 468 3516 559 3580; x_wconf 79' lang='lat' dir='ltr'><strong>Quam</strong></span> <span class='ocrx_word' id='word_1_543' title='bbox 577 3533 645 3588; x_wconf 89' lang='lat' dir='ltr'><strong>ergo</strong></span> <span class='ocrx_word' id='word_1_544' title='bbox 664 3516 725 3586; x_wconf 91' lang='lat' dir='ltr'><strong>ipse</strong></span> <span class='ocrx_word' id='word_1_545' title='bbox 742 3518 855 3574; x_wconf 89' lang='lat' dir='ltr'><strong>tandem</strong></span> <span class='ocrx_word' id='word_1_546' title='bbox 871 3517 920 3572; x_wconf 90' lang='lat' dir='ltr'><strong>ad-</strong></span> <span class='ocrx_word' id='word_1_547' title='bbox 946 3516 1038 3571; x_wconf 90' lang='lat' dir='ltr'><strong>locnm</strong></span> <span class='ocrx_word' id='word_1_548' title='bbox 1056 3514 1108 3569; x_wconf 90' lang='lat' dir='ltr'><strong>nisi</strong></span> <span class='ocrx_word' id='word_1_549' title='bbox 1127 3513 1243 3584; x_wconf 90' lang='lat' dir='ltr'><strong>inillis,</strong></span> <span class='ocrx_word' id='word_1_550' title='bbox 1262 3514 1310 3584; x_wconf 92' lang='lat' dir='ltr'><strong>qui</strong></span> <span class='ocrx_word' id='word_1_551' title='bbox 1329 3520 1394 3569; x_wconf 90' lang='lat' dir='ltr'><strong>sunt</strong></span> <span class='ocrx_word' id='word_1_552' title='bbox 1412 3515 1442 3568; x_wconf 89' lang='lat' dir='ltr'><strong>in</strong></span> <span class='ocrx_word' id='word_1_553' title='bbox 1459 3514 1576 3570; x_wconf 88' lang='lat' dir='ltr'><strong>eeclesia</strong></span> <span class='ocrx_word' id='word_1_554' title='bbox 1594 3522 1623 3570; x_wconf 91' lang='lat' dir='ltr'><strong>et</strong></span> <span class='ocrx_word' id='word_1_555' title='bbox 1640 3515 1676 3569; x_wconf 90' lang='lat' dir='ltr'><strong>de</strong></span> <span class='ocrx_word' id='word_1_556' title='bbox 1695 3516 1781 3571; x_wconf 88' lang='lat' dir='ltr'><strong>eccle·</strong></span> 
     </span>
     <span class='ocr_line' id='line_1_38' title="bbox 83 3600 1782 3677; baseline -0.003 -14"><span class='ocrx_word' id='word_1_557' title='bbox 83 3606 163 3663; x_wconf 90' lang='lat' dir='ltr'><strong>hibet</strong></span> <span class='ocrx_word' id='word_1_558' title='bbox 179 3602 403 3677; x_wconf 81' lang='lat' dir='ltr'><strong>responsionem?</strong></span> <span class='ocrx_word' id='word_1_559' title='bbox 420 3603 579 3673; x_wconf 89' lang='lat' dir='ltr'><strong>respondet,</strong></span> <span class='ocrx_word' id='word_1_560' title='bbox 599 3604 854 3665; x_wconf 60' lang='lat' dir='ltr'><strong>catechumenow</strong></span> <span class='ocrx_word' id='word_1_561' title='bbox 864 3621 920 3657; x_wconf 81' lang='lat' dir='ltr'><strong>non</strong></span> <span class='ocrx_word' id='word_1_562' title='bbox 946 3603 995 3658; x_wconf 87' lang='lat' dir='ltr'><strong>sia.</strong></span> <span class='ocrx_word' id='word_1_563' title='bbox 1036 3601 1101 3657; x_wconf 87' lang='lat' dir='ltr'><strong>Jam</strong></span> <span class='ocrx_word' id='word_1_564' title='bbox 1122 3619 1188 3657; x_wconf 84' lang='lat' dir='ltr'><strong>vero</strong></span> <span class='ocrx_word' id='word_1_565' title='bbox 1210 3601 1413 3657; x_wconf 89' lang='lat' dir='ltr'><strong>catechumenis</strong></span> <span class='ocrx_word' id='word_1_566' title='bbox 1436 3600 1566 3657; x_wconf 89' lang='lat' dir='ltr'><strong>fidelibus</strong></span> <span class='ocrx_word' id='word_1_567' title='bbox 1585 3602 1721 3673; x_wconf 86' lang='lat' dir='ltr'><strong>contingit</strong></span> <span class='ocrx_word' id='word_1_568' title='bbox 1739 3619 1782 3658; x_wconf 88' lang='lat' dir='ltr'><strong>rc-</strong></span> 
     </span>
     <span class='ocr_line' id='line_1_39' title="bbox 83 3686 1782 3761; baseline -0.002 -13"><span class='ocrx_word' id='word_1_569' title='bbox 83 3712 117 3748; x_wconf 83' lang='lat' dir='ltr'><strong>re</strong></span> <span class='ocrx_word' id='word_1_570' title='bbox 142 3693 219 3761; x_wconf 82' lang='lat' dir='ltr'><strong>ipsa,</strong></span> <span class='ocrx_word' id='word_1_571' title='bbox 243 3699 335 3744; x_wconf 78' lang='lat' dir='ltr'><strong>tamea</strong></span> <span class='ocrx_word' id='word_1_572' title='bbox 355 3697 417 3742; x_wconf 85' lang='lat' dir='ltr'><strong>voto</strong></span> <span class='ocrx_word' id='word_1_573' title='bbox 442 3707 478 3743; x_wconf 82' lang='lat' dir='ltr'><strong>cc</strong></span> <span class='ocrx_word' id='word_1_574' title='bbox 501 3690 644 3743; x_wconf 72' lang='lat' dir='ltr'><strong>derideris</strong></span> <span class='ocrx_word' id='word_1_575' title='bbox 669 3707 729 3745; x_wconf 85' lang='lat' dir='ltr'><strong>esse</strong></span> <span class='ocrx_word' id='word_1_576' title='bbox 746 3691 777 3744; x_wconf 79' lang='lat' dir='ltr'><strong>ia</strong></span> <span class='ocrx_word' id='word_1_577' title='bbox 795 3691 919 3755; x_wconf 79' lang='lat' dir='ltr'><strong>ecclesia,</strong></span> <span class='ocrx_word' id='word_1_578' title='bbox 946 3688 1038 3744; x_wconf 91' lang='lat' dir='ltr'><strong>missio</strong></span> <span class='ocrx_word' id='word_1_579' title='bbox 1061 3694 1238 3758; x_wconf 86' lang='lat' dir='ltr'><strong>peecatorum</strong></span> <span class='ocrx_word' id='word_1_580' title='bbox 1264 3694 1292 3742; x_wconf 89' lang='lat' dir='ltr'><strong>et</strong></span> <span class='ocrx_word' id='word_1_581' title='bbox 1315 3686 1428 3743; x_wconf 89' lang='lat' dir='ltr'><strong>donatio</strong></span> <span class='ocrx_word' id='word_1_582' title='bbox 1446 3686 1565 3758; x_wconf 85' lang='lat' dir='ltr'><strong>Spiritus</strong></span> <span class='ocrx_word' id='word_1_583' title='bbox 1584 3689 1687 3759; x_wconf 81' lang='grc' dir='ltr'>ιιιιιιί,</span> <span class='ocrx_word' id='word_1_584' title='bbox 1712 3689 1782 3745; x_wconf 88' lang='lat' dir='ltr'><strong>alias</strong></span> 
     </span>
     <span class='ocr_line' id='line_1_40' title="bbox 82 3774 1782 3849; baseline -0.002 -14"><span class='ocrx_word' id='word_1_585' title='bbox 82 3789 169 3849; x_wconf 80' lang='lat' dir='ltr'><strong>atque</strong></span> <span class='ocrx_word' id='word_1_586' title='bbox 191 3781 224 3832; x_wconf 82' lang='lat' dir='ltr'><strong>id</strong></span> <span class='ocrx_word' id='word_1_587' title='bbox 244 3780 376 3843; x_wconf 69' lang='lat' dir='ltr'><strong>sufficere</strong></span> <span class='ocrx_word' id='word_1_588' title='bbox 393 3776 464 3845; x_wconf 75' lang='lat' dir='ltr'><strong>spuis</strong></span> <span class='ocrx_word' id='word_1_589' title='bbox 482 3777 525 3829; x_wconf 82' lang='lat' dir='ltr'><strong>od</strong></span> <span class='ocrx_word' id='word_1_590' title='bbox 542 3776 669 3831; x_wconf 82' lang='lat' dir='ltr'><strong>salutem.</strong></span> <span class='ocrx_word' id='word_1_591' title='bbox 707 3776 797 3847; x_wconf 83' lang='lat' dir='ltr'><strong>Atqui</strong></span> <span class='ocrx_word' id='word_1_592' title='bbox 815 3785 920 3831; x_wconf 79' lang='lat' dir='ltr'><strong>ceruum</strong></span> <span class='ocrx_word' id='word_1_593' title='bbox 945 3775 1019 3831; x_wconf 88' lang='lat' dir='ltr'><strong>enim</strong></span> <span class='ocrx_word' id='word_1_594' title='bbox 1038 3793 1094 3830; x_wconf 88' lang='lat' dir='ltr'><strong>non</strong></span> <span class='ocrx_word' id='word_1_595' title='bbox 1112 3779 1228 3846; x_wconf 88' lang='lat' dir='ltr'><strong>possunt</strong></span> <span class='ocrx_word' id='word_1_596' title='bbox 1251 3774 1360 3832; x_wconf 72' lang='lat' dir='ltr'><strong>salrmi.</strong></span> <span class='ocrx_word' id='word_1_597' title='bbox 1402 3774 1478 3846; x_wconf 84' lang='lat' dir='ltr'><strong>Ergo</strong></span> <span class='ocrx_word' id='word_1_598' title='bbox 1503 3774 1692 3831; x_wconf 90' lang='lat' dir='ltr'><strong>catechumeni</strong></span> <span class='ocrx_word' id='word_1_599' title='bbox 1715 3774 1782 3831; x_wconf 90' lang='lat' dir='ltr'><strong>fide-</strong></span> 
     </span>
     <span class='ocr_line' id='line_1_41' title="bbox 83 3860 1781 3936; baseline -0.003 -14"><span class='ocrx_word' id='word_1_600' title='bbox 83 3874 136 3934; x_wconf 83' lang='lat' dir='ltr'><strong>est,</strong></span> <span class='ocrx_word' id='word_1_601' title='bbox 156 3869 292 3936; x_wconf 89' lang='lat' dir='ltr'><strong>quotquot</strong></span> <span class='ocrx_word' id='word_1_602' title='bbox 310 3868 462 3928; x_wconf 81' lang='lat' dir='ltr'><strong>servantur,</strong></span> <span class='ocrx_word' id='word_1_603' title='bbox 481 3863 544 3918; x_wconf 90' lang='lat' dir='ltr'><strong>illos</strong></span> <span class='ocrx_word' id='word_1_604' title='bbox 562 3879 619 3918; x_wconf 92' lang='lat' dir='ltr'><strong>non</strong></span> <span class='ocrx_word' id='word_1_605' title='bbox 636 3863 726 3917; x_wconf 91' lang='lat' dir='ltr'><strong>solum</strong></span> <span class='ocrx_word' id='word_1_606' title='bbox 744 3869 808 3919; x_wconf 84' lang='lat' dir='ltr'><strong>voto</strong></span> <span class='ocrx_word' id='word_1_607' title='bbox 826 3868 855 3917; x_wconf 90' lang='lat' dir='ltr'><strong>et</strong></span> <span class='ocrx_word' id='word_1_608' title='bbox 871 3881 920 3935; x_wconf 78' lang='lat' dir='ltr'><strong>po</strong></span> <span class='ocrx_word' id='word_1_609' title='bbox 946 3862 986 3918; x_wconf 86' lang='lat' dir='ltr'><strong>les</strong></span> <span class='ocrx_word' id='word_1_610' title='bbox 1004 3860 1114 3915; x_wconf 89' lang='lat' dir='ltr'><strong>suntin</strong></span> <span class='ocrx_word' id='word_1_611' title='bbox 1133 3861 1251 3916; x_wconf 87' lang='lat' dir='ltr'><strong>ecclesia</strong></span> <span class='ocrx_word' id='word_1_612' title='bbox 1269 3866 1298 3915; x_wconf 92' lang='lat' dir='ltr'><strong>et</strong></span> <span class='ocrx_word' id='word_1_613' title='bbox 1317 3860 1494 3918; x_wconf 88' lang='lat' dir='ltr'><strong>deecclesia.</strong></span> <span class='ocrx_word' id='word_1_614' title='bbox 1529 3861 1689 3917; x_wconf 79' lang='grc' dir='ltr'>Ριοιιιίιιιιι</span> <span class='ocrx_word' id='word_1_615' title='bbox 1707 3862 1781 3917; x_wconf 88' lang='lat' dir='ltr'><strong>enim</strong></span> 
     </span>
     <span class='ocr_line' id='line_1_42' title="bbox 84 3947 1781 4021; baseline -0.004 -12"><span class='ocrx_word' id='word_1_616' title='bbox 84 3954 187 4015; x_wconf 86' lang='lat' dir='ltr'><strong>tentia,</strong></span> <span class='ocrx_word' id='word_1_617' title='bbox 216 3952 265 4007; x_wconf 89' lang='lat' dir='ltr'><strong>sed</strong></span> <span class='ocrx_word' id='word_1_618' title='bbox 291 3950 375 4004; x_wconf 90' lang='lat' dir='ltr'><strong>etiam</strong></span> <span class='ocrx_word' id='word_1_619' title='bbox 398 3966 429 4005; x_wconf 91' lang='lat' dir='ltr'><strong>re</strong></span> <span class='ocrx_word' id='word_1_620' title='bbox 452 3951 514 4021; x_wconf 87' lang='lat' dir='ltr'><strong>ipsa</strong></span> <span class='ocrx_word' id='word_1_621' title='bbox 532 3955 560 4005; x_wconf 91' lang='lat' dir='ltr'><strong>et</strong></span> <span class='ocrx_word' id='word_1_622' title='bbox 576 3956 642 4005; x_wconf 88' lang='lat' dir='ltr'><strong>actu</strong></span> <span class='ocrx_word' id='word_1_623' title='bbox 660 3966 721 4005; x_wconf 88' lang='lat' dir='ltr'><strong>esse</strong></span> <span class='ocrx_word' id='word_1_624' title='bbox 739 3949 774 4004; x_wconf 90' lang='lat' dir='ltr'><strong>de</strong></span> <span class='ocrx_word' id='word_1_625' title='bbox 793 3949 919 4021; x_wconf 89' lang='lat' dir='ltr'><strong>eeclesia,</strong></span> <span class='ocrx_word' id='word_1_626' title='bbox 946 3949 1022 4004; x_wconf 83' lang='lat' dir='ltr'><strong>hisce</strong></span> <span class='ocrx_word' id='word_1_627' title='bbox 1040 3948 1163 4004; x_wconf 85' lang='lat' dir='ltr'><strong>terminis</strong></span> <span class='ocrx_word' id='word_1_628' title='bbox 1182 3948 1364 4004; x_wconf 88' lang='lat' dir='ltr'><strong>Bellarminus</strong></span> <span class='ocrx_word' id='word_1_629' title='bbox 1382 3948 1434 4002; x_wconf 92' lang='lat' dir='ltr'><strong>hoc</strong></span> <span class='ocrx_word' id='word_1_630' title='bbox 1453 3947 1514 4002; x_wconf 89' lang='lat' dir='ltr'><strong>ioco</strong></span> <span class='ocrx_word' id='word_1_631' title='bbox 1535 3947 1631 4014; x_wconf 90' lang='lat' dir='ltr'><strong>utitur,</strong></span> <span class='ocrx_word' id='word_1_632' title='bbox 1649 3948 1781 4004; x_wconf 89' lang='lat' dir='ltr'><strong>utcuiris</strong></span> 
     </span>
     <span class='ocr_line' id='line_1_43' title="bbox 82 4035 1781 4109; baseline -0.005 -12"><span class='ocrx_word' id='word_1_633' title='bbox 82 4042 155 4097; x_wconf 92' lang='lat' dir='ltr'><strong>nulli</strong></span> <span class='ocrx_word' id='word_1_634' title='bbox 180 4039 254 4095; x_wconf 90' lang='lat' dir='ltr'><strong>enim</strong></span> <span class='ocrx_word' id='word_1_635' title='bbox 281 4043 427 4093; x_wconf 85' lang='lat' dir='ltr'><strong>servantur</strong></span> <span class='ocrx_word' id='word_1_636' title='bbox 454 4037 507 4092; x_wconf 90' lang='lat' dir='ltr'><strong>nisi</strong></span> <span class='ocrx_word' id='word_1_637' title='bbox 533 4037 611 4108; x_wconf 92' lang='lat' dir='ltr'><strong>prius</strong></span> <span class='ocrx_word' id='word_1_638' title='bbox 635 4053 651 4091; x_wconf 87' lang='grc' dir='ltr'><strong>ι</strong></span> <span class='ocrx_word' id='word_1_639' title='bbox 675 4037 778 4091; x_wconf 90' lang='lat' dir='ltr'><strong>mundo</strong></span> <span class='ocrx_word' id='word_1_640' title='bbox 804 4043 869 4092; x_wconf 90' lang='lat' dir='ltr'><strong>actu</strong></span> <span class='ocrx_word' id='word_1_641' title='bbox 892 4040 921 4093; x_wconf 91' lang='lat' dir='ltr'><strong>in</strong></span> <span class='ocrx_word' id='word_1_642' title='bbox 946 4037 1049 4109; x_wconf 88' lang='lat' dir='ltr'><strong>legenti</strong></span> <span class='ocrx_word' id='word_1_643' title='bbox 1066 4037 1119 4092; x_wconf 90' lang='lat' dir='ltr'><strong>hoc</strong></span> <span class='ocrx_word' id='word_1_644' title='bbox 1135 4044 1221 4108; x_wconf 92' lang='lat' dir='ltr'><strong>caput</strong></span> <span class='ocrx_word' id='word_1_645' title='bbox 1237 4037 1349 4092; x_wconf 87' lang='lat' dir='ltr'><strong>tertium</strong></span> <span class='ocrx_word' id='word_1_646' title='bbox 1367 4042 1492 4106; x_wconf 83' lang='lat' dir='ltr'><strong>apparet.</strong></span> <span class='ocrx_word' id='word_1_647' title='bbox 1527 4042 1552 4093; x_wconf 85' lang='lat'><strong>5.</strong></span> <span class='ocrx_word' id='word_1_648' title='bbox 1572 4035 1697 4089; x_wconf 82' lang='lat' dir='ltr'><strong>Infantes</strong></span> <span class='ocrx_word' id='word_1_649' title='bbox 1715 4053 1781 4090; x_wconf 90' lang='lat' dir='ltr'><strong>non-</strong></span> 
     </span>
     <span class='ocr_line' id='line_1_44' title="bbox 82 4122 1782 4194; baseline -0.005 -11"><span class='ocrx_word' id='word_1_650' title='bbox 82 4127 230 4184; x_wconf 88' lang='lat' dir='ltr'><strong>eecleeiam</strong></span> <span class='ocrx_word' id='word_1_651' title='bbox 246 4130 397 4192; x_wconf 69' lang='lat' dir='ltr'><strong>rocenat,</strong></span> <span class='ocrx_word' id='word_1_652' title='bbox 416 4123 487 4179; x_wconf 91' lang='lat' dir='ltr'><strong>nulli</strong></span> <span class='ocrx_word' id='word_1_653' title='bbox 505 4131 650 4178; x_wconf 72' lang='lat' dir='ltr'><strong>servmtur</strong></span> <span class='ocrx_word' id='word_1_654' title='bbox 670 4123 723 4179; x_wconf 89' lang='lat' dir='ltr'><strong>nisi</strong></span> <span class='ocrx_word' id='word_1_655' title='bbox 737 4122 847 4178; x_wconf 87' lang='lat' dir='ltr'><strong>Christo</strong></span> <span class='ocrx_word' id='word_1_656' title='bbox 864 4122 920 4178; x_wconf 90' lang='lat' dir='ltr'><strong>fide</strong></span> <span class='ocrx_word' id='word_1_657' title='bbox 947 4123 1081 4194; x_wconf 84' lang='lat' dir='ltr'><strong>baptizati</strong></span> <span class='ocrx_word' id='word_1_658' title='bbox 1100 4124 1129 4178; x_wconf 90' lang='lat' dir='ltr'><strong>in</strong></span> <span class='ocrx_word' id='word_1_659' title='bbox 1148 4123 1267 4179; x_wconf 88' lang='lat' dir='ltr'><strong>ccclesia</strong></span> <span class='ocrx_word' id='word_1_660' title='bbox 1284 4123 1351 4188; x_wconf 88' lang='lat' dir='ltr'><strong>nati,</strong></span> <span class='ocrx_word' id='word_1_661' title='bbox 1372 4123 1419 4191; x_wconf 90' lang='lat' dir='ltr'><strong>qui</strong></span> <span class='ocrx_word' id='word_1_662' title='bbox 1439 4122 1569 4192; x_wconf 89' lang='lat' dir='ltr'><strong>precibus</strong></span> <span class='ocrx_word' id='word_1_663' title='bbox 1589 4129 1736 4192; x_wconf 88' lang='lat' dir='ltr'><strong>parentum</strong></span> <span class='ocrx_word' id='word_1_664' title='bbox 1753 4126 1782 4178; x_wconf 89' lang='lat' dir='ltr'><strong>et</strong></span> 
     </span>
     <span class='ocr_line' id='line_1_45' title="bbox 82 4207 1783 4287; baseline -0.004 -18"><span class='ocrx_word' id='word_1_665' title='bbox 82 4215 160 4287; x_wconf 84' lang='lat' dir='ltr'><strong>priua</strong></span> <span class='ocrx_word' id='word_1_666' title='bbox 183 4214 355 4279; x_wconf 72' lang='lat' dir='ltr'><strong>inserantur,</strong></span> <span class='ocrx_word' id='word_1_667' title='bbox 379 4210 458 4281; x_wconf 85' lang='lat' dir='ltr'><strong>atqui</strong></span> <span class='ocrx_word' id='word_1_668' title='bbox 483 4226 534 4281; x_wconf 93' lang='lat' dir='ltr'><strong>per</strong></span> <span class='ocrx_word' id='word_1_669' title='bbox 558 4209 642 4266; x_wconf 88' lang='lat' dir='ltr'><strong>talem</strong></span> <span class='ocrx_word' id='word_1_670' title='bbox 664 4210 837 4265; x_wconf 80' lang='lat' dir='ltr'><strong>vocationem</strong></span> <span class='ocrx_word' id='word_1_671' title='bbox 855 4217 920 4266; x_wconf 87' lang='lat' dir='ltr'><strong>actu</strong></span> <span class='ocrx_word' id='word_1_672' title='bbox 947 4209 1081 4266; x_wconf 89' lang='lat' dir='ltr'><strong>ecclesiae</strong></span> <span class='ocrx_word' id='word_1_673' title='bbox 1099 4210 1208 4265; x_wconf 89' lang='lat' dir='ltr'><strong>Christo</strong></span> <span class='ocrx_word' id='word_1_674' title='bbox 1226 4208 1396 4276; x_wconf 85' lang='lat' dir='ltr'><strong>offeruntur,</strong></span> <span class='ocrx_word' id='word_1_675' title='bbox 1419 4214 1483 4263; x_wconf 91' lang='lat' dir='ltr'><strong>sunt</strong></span> <span class='ocrx_word' id='word_1_676' title='bbox 1503 4207 1553 4262; x_wconf 89' lang='lat' dir='ltr'><strong>filii</strong></span> <span class='ocrx_word' id='word_1_677' title='bbox 1570 4208 1638 4278; x_wconf 88' lang='lat' dir='ltr'><strong>Dei,</strong></span> <span class='ocrx_word' id='word_1_678' title='bbox 1659 4207 1783 4263; x_wconf 89' lang='lat' dir='ltr'><strong>membra</strong></span> 
     </span>
     <span class='ocr_line' id='line_1_46' title="bbox 82 4293 1781 4366; baseline -0.004 -11"><span class='ocrx_word' id='word_1_679' title='bbox 82 4299 217 4355; x_wconf 86' lang='lat' dir='ltr'><strong>transitur</strong></span> <span class='ocrx_word' id='word_1_680' title='bbox 236 4299 267 4353; x_wconf 92' lang='lat' dir='ltr'><strong>in</strong></span> <span class='ocrx_word' id='word_1_681' title='bbox 285 4296 430 4353; x_wconf 90' lang='lat' dir='ltr'><strong>ecclesiam</strong></span> <span class='ocrx_word' id='word_1_682' title='bbox 447 4301 477 4351; x_wconf 91' lang='lat' dir='ltr'><strong>et</strong></span> <span class='ocrx_word' id='word_1_683' title='bbox 495 4295 544 4366; x_wconf 89' lang='lat' dir='ltr'><strong>qui</strong></span> <span class='ocrx_word' id='word_1_684' title='bbox 560 4312 611 4366; x_wconf 88' lang='lat' dir='ltr'><strong>per</strong></span> <span class='ocrx_word' id='word_1_685' title='bbox 628 4295 712 4351; x_wconf 90' lang='lat' dir='ltr'><strong>fidem</strong></span> <span class='ocrx_word' id='word_1_686' title='bbox 723 4295 756 4351; x_wconf 93' lang='lat' dir='ltr'><strong>fit</strong></span> <span class='ocrx_word' id='word_1_687' title='bbox 768 4299 920 4352; x_wconf 90' lang='lat' dir='ltr'><strong>membrum</strong></span> <span class='ocrx_word' id='word_1_688' title='bbox 947 4296 1079 4352; x_wconf 87' lang='lat' dir='ltr'><strong>ecclesiae</strong></span> <span class='ocrx_word' id='word_1_689' title='bbox 1097 4302 1125 4351; x_wconf 90' lang='lat' dir='ltr'><strong>et</strong></span> <span class='ocrx_word' id='word_1_690' title='bbox 1148 4295 1281 4350; x_wconf 86' lang='lat' dir='ltr'><strong>haeredes</strong></span> <span class='ocrx_word' id='word_1_691' title='bbox 1298 4293 1409 4362; x_wconf 88' lang='lat' dir='ltr'><strong>salutis,</strong></span> <span class='ocrx_word' id='word_1_692' title='bbox 1433 4295 1511 4349; x_wconf 89' lang='lat' dir='ltr'><strong>utin</strong></span> <span class='ocrx_word' id='word_1_693' title='bbox 1528 4300 1637 4349; x_wconf 65' lang='lat' dir='ltr'><strong>tranat.</strong></span> <span class='ocrx_word' id='word_1_694' title='bbox 1658 4295 1693 4351; x_wconf 91' lang='lat' dir='ltr'><strong>de</strong></span> <span class='ocrx_word' id='word_1_695' title='bbox 1713 4293 1781 4365; x_wconf 89' lang='lat' dir='ltr'><strong>bap·</strong></span> 
     </span>
     <span class='ocr_line' id='line_1_47' title="bbox 82 4380 1782 4454; baseline -0.004 -12"><span class='ocrx_word' id='word_1_696' title='bbox 82 4386 201 4454; x_wconf 87' lang='lat' dir='ltr'><strong>Christi,</strong></span> <span class='ocrx_word' id='word_1_697' title='bbox 230 4384 276 4440; x_wconf 91' lang='lat' dir='ltr'><strong>ille</strong></span> <span class='ocrx_word' id='word_1_698' title='bbox 304 4390 369 4438; x_wconf 87' lang='lat' dir='ltr'><strong>actu</strong></span> <span class='ocrx_word' id='word_1_699' title='bbox 397 4388 440 4438; x_wconf 89' lang='grc' dir='ltr'>ιιιι</span> <span class='ocrx_word' id='word_1_700' title='bbox 464 4382 496 4437; x_wconf 91' lang='lat' dir='ltr'><strong>in</strong></span> <span class='ocrx_word' id='word_1_701' title='bbox 521 4383 646 4438; x_wconf 88' lang='lat' dir='ltr'><strong>ecclesia.</strong></span> <span class='ocrx_word' id='word_1_702' title='bbox 682 4383 921 4447; x_wconf 83' lang='lat' dir='ltr'><strong>Quemadmodum</strong></span> <span class='ocrx_word' id='word_1_703' title='bbox 946 4383 1027 4437; x_wconf 87' lang='lat' dir='ltr'><strong>tismo</strong></span> <span class='ocrx_word' id='word_1_704' title='bbox 1053 4383 1272 4438; x_wconf 88' lang='lat' dir='ltr'><strong>demonstratum</strong></span> <span class='ocrx_word' id='word_1_705' title='bbox 1294 4380 1356 4437; x_wconf 87' lang='lat' dir='ltr'><strong>fuit.</strong></span> <span class='ocrx_word' id='word_1_706' title='bbox 1397 4381 1462 4436; x_wconf 84' lang='lat' dir='ltr'><strong>Jam</strong></span> <span class='ocrx_word' id='word_1_707' title='bbox 1483 4398 1548 4436; x_wconf 85' lang='lat' dir='ltr'><strong>vero</strong></span> <span class='ocrx_word' id='word_1_708' title='bbox 1572 4380 1782 4436; x_wconf 89' lang='lat' dir='ltr'><strong>catechumeno·</strong></span> 
     </span>
     <span class='ocr_line' id='line_1_48' title="bbox 83 4465 1783 4542; baseline -0.005 -14"><span class='ocrx_word' id='word_1_709' title='bbox 83 4474 158 4528; x_wconf 90' lang='lat' dir='ltr'><strong>enim</strong></span> <span class='ocrx_word' id='word_1_710' title='bbox 173 4488 256 4527; x_wconf 88' lang='lat' dir='ltr'><strong>nemo</strong></span> <span class='ocrx_word' id='word_1_711' title='bbox 273 4470 365 4542; x_wconf 89' lang='lat' dir='ltr'><strong>potuit</strong></span> <span class='ocrx_word' id='word_1_712' title='bbox 386 4470 416 4524; x_wconf 89' lang='lat' dir='ltr'><strong>in</strong></span> <span class='ocrx_word' id='word_1_713' title='bbox 435 4469 540 4524; x_wconf 84' lang='lat' dir='ltr'><strong>diluvio</strong></span> <span class='ocrx_word' id='word_1_714' title='bbox 558 4470 674 4534; x_wconf 76' lang='lat' dir='ltr'><strong>serram,</strong></span> <span class='ocrx_word' id='word_1_715' title='bbox 691 4469 745 4525; x_wconf 91' lang='lat' dir='ltr'><strong>nisi</strong></span> <span class='ocrx_word' id='word_1_716' title='bbox 764 4476 829 4526; x_wconf 87' lang='lat' dir='ltr'><strong>actu</strong></span> <span class='ocrx_word' id='word_1_717' title='bbox 848 4476 921 4525; x_wconf 88' lang='lat' dir='ltr'><strong>esset</strong></span> <span class='ocrx_word' id='word_1_718' title='bbox 946 4487 1008 4523; x_wconf 91' lang='lat' dir='ltr'><strong>rum</strong></span> <span class='ocrx_word' id='word_1_719' title='bbox 1024 4467 1148 4524; x_wconf 87' lang='lat' dir='ltr'><strong>fidelium</strong></span> <span class='ocrx_word' id='word_1_720' title='bbox 1165 4467 1286 4522; x_wconf 90' lang='lat' dir='ltr'><strong>conditio</strong></span> <span class='ocrx_word' id='word_1_721' title='bbox 1307 4483 1363 4521; x_wconf 92' lang='lat' dir='ltr'><strong>non</strong></span> <span class='ocrx_word' id='word_1_722' title='bbox 1383 4475 1425 4522; x_wconf 89' lang='lat' dir='ltr'><strong>eet</strong></span> <span class='ocrx_word' id='word_1_723' title='bbox 1446 4467 1572 4531; x_wconf 88' lang='lat' dir='ltr'><strong>deterior,</strong></span> <span class='ocrx_word' id='word_1_724' title='bbox 1591 4483 1674 4537; x_wconf 89' lang='lat' dir='ltr'><strong>quam</strong></span> <span class='ocrx_word' id='word_1_725' title='bbox 1692 4465 1783 4521; x_wconf 81' lang='lat' dir='ltr'><strong>infan-</strong></span> 
     </span>
     <span class='ocr_line' id='line_1_49' title="bbox 85 4552 1781 4627; baseline -0.003 -14"><span class='ocrx_word' id='word_1_726' title='bbox 85 4562 113 4613; x_wconf 91' lang='lat' dir='ltr'><strong>in</strong></span> <span class='ocrx_word' id='word_1_727' title='bbox 131 4575 197 4613; x_wconf 87' lang='lat' dir='ltr'><strong>area</strong></span> <span class='ocrx_word' id='word_1_728' title='bbox 215 4557 307 4623; x_wconf 86' lang='lat' dir='ltr'><strong>Noae,</strong></span> <span class='ocrx_word' id='word_1_729' title='bbox 331 4555 371 4610; x_wconf 91' lang='lat' dir='ltr'><strong>ita</strong></span> <span class='ocrx_word' id='word_1_730' title='bbox 391 4572 502 4626; x_wconf 89' lang='lat' dir='ltr'><strong>quoque</strong></span> <span class='ocrx_word' id='word_1_731' title='bbox 520 4571 602 4611; x_wconf 89' lang='lat' dir='ltr'><strong>nemo</strong></span> <span class='ocrx_word' id='word_1_732' title='bbox 618 4563 712 4627; x_wconf 84' lang='lat' dir='ltr'><strong>potest</strong></span> <span class='ocrx_word' id='word_1_733' title='bbox 729 4556 844 4623; x_wconf 83' lang='lat' dir='ltr'><strong>salvari,</strong></span> <span class='ocrx_word' id='word_1_734' title='bbox 867 4555 920 4610; x_wconf 91' lang='lat' dir='ltr'><strong>nisi</strong></span> <span class='ocrx_word' id='word_1_735' title='bbox 946 4562 1005 4609; x_wconf 91' lang='lat' dir='ltr'><strong>tum</strong></span> <span class='ocrx_word' id='word_1_736' title='bbox 1024 4554 1134 4610; x_wconf 89' lang='lat' dir='ltr'><strong>illorum</strong></span> <span class='ocrx_word' id='word_1_737' title='bbox 1148 4553 1440 4623; x_wconf 82' lang='lat' dir='ltr'><strong>non-baptizatorum,</strong></span> <span class='ocrx_word' id='word_1_738' title='bbox 1460 4570 1523 4608; x_wconf 92' lang='lat' dir='ltr'><strong>cum</strong></span> <span class='ocrx_word' id='word_1_739' title='bbox 1540 4552 1610 4608; x_wconf 90' lang='lat' dir='ltr'><strong>fides</strong></span> <span class='ocrx_word' id='word_1_740' title='bbox 1628 4570 1722 4609; x_wconf 89' lang='lat' dir='ltr'><strong>eorum</strong></span> <span class='ocrx_word' id='word_1_741' title='bbox 1736 4571 1781 4609; x_wconf 87' lang='lat' dir='ltr'><strong>ex·</strong></span> 
     </span>
     <span class='ocr_line' id='line_1_50' title="bbox 83 4640 1782 4715; baseline -0.002 -15"><span class='ocrx_word' id='word_1_742' title='bbox 83 4652 150 4700; x_wconf 88' lang='lat' dir='ltr'><strong>actu</strong></span> <span class='ocrx_word' id='word_1_743' title='bbox 168 4645 205 4698; x_wconf 91' lang='lat' dir='ltr'><strong>sit</strong></span> <span class='ocrx_word' id='word_1_744' title='bbox 224 4644 259 4697; x_wconf 90' lang='lat' dir='ltr'><strong>de</strong></span> <span class='ocrx_word' id='word_1_745' title='bbox 278 4641 403 4698; x_wconf 80' lang='lat' dir='ltr'><strong>eeclesia.</strong></span> <span class='ocrx_word' id='word_1_746' title='bbox 439 4640 565 4696; x_wconf 91' lang='lat' dir='ltr'><strong>Dubium</strong></span> <span class='ocrx_word' id='word_1_747' title='bbox 582 4642 704 4710; x_wconf 88' lang='lat' dir='ltr'><strong>nullum,</strong></span> <span class='ocrx_word' id='word_1_748' title='bbox 723 4643 791 4715; x_wconf 90' lang='lat' dir='ltr'><strong>quin</strong></span> <span class='ocrx_word' id='word_1_749' title='bbox 809 4642 921 4713; x_wconf 91' lang='lat' dir='ltr'><strong>plurimi</strong></span> <span class='ocrx_word' id='word_1_750' title='bbox 946 4646 1020 4696; x_wconf 88' lang='lat' dir='ltr'><strong>serat</strong></span> <span class='ocrx_word' id='word_1_751' title='bbox 1045 4658 1076 4696; x_wconf 89' lang='lat' dir='ltr'><strong>se</strong></span> <span class='ocrx_word' id='word_1_752' title='bbox 1098 4658 1147 4710; x_wconf 90' lang='lat' dir='ltr'><strong>per</strong></span> <span class='ocrx_word' id='word_1_753' title='bbox 1168 4645 1310 4695; x_wconf 88' lang='lat' dir='ltr'><strong>externam</strong></span> <span class='ocrx_word' id='word_1_754' title='bbox 1328 4640 1514 4695; x_wconf 78' lang='lat' dir='ltr'><strong>copiosiorem</strong></span> <span class='ocrx_word' id='word_1_755' title='bbox 1533 4647 1561 4694; x_wconf 89' lang='lat' dir='ltr'><strong>et</strong></span> <span class='ocrx_word' id='word_1_756' title='bbox 1580 4644 1708 4696; x_wconf 86' lang='lat' dir='ltr'><strong>externos</strong></span> <span class='ocrx_word' id='word_1_757' title='bbox 1725 4640 1782 4696; x_wconf 88' lang='lat' dir='ltr'><strong>fru-</strong></span> 
     </span>
     <span class='ocr_line' id='line_1_51' title="bbox 85 4723 1782 4806; baseline -0.001 -22"><span class='ocrx_word' id='word_1_758' title='bbox 85 4731 166 4802; x_wconf 86' lang='lat' dir='ltr'><strong>nqnis</strong></span> <span class='ocrx_word' id='word_1_759' title='bbox 196 4729 292 4784; x_wconf 82' lang='lat' dir='ltr'><strong>diluvii</strong></span> <span class='ocrx_word' id='word_1_760' title='bbox 322 4727 416 4785; x_wconf 89' lang='lat' dir='ltr'><strong>obruti</strong></span> <span class='ocrx_word' id='word_1_761' title='bbox 448 4726 521 4782; x_wconf 89' lang='lat' dir='ltr'><strong>serio</strong></span> <span class='ocrx_word' id='word_1_762' title='bbox 549 4727 731 4784; x_wconf 87' lang='lat' dir='ltr'><strong>desiderarint</strong></span> <span class='ocrx_word' id='word_1_763' title='bbox 755 4737 784 4785; x_wconf 92' lang='lat' dir='ltr'><strong>et</strong></span> <span class='ocrx_word' id='word_1_764' title='bbox 809 4723 1009 4806; x_wconf 74' lang='lat' dir='ltr'><strong>exopta-lctus</strong></span> <span class='ocrx_word' id='word_1_765' title='bbox 1033 4728 1168 4782; x_wconf 90' lang='lat' dir='ltr'><strong>bonorum</strong></span> <span class='ocrx_word' id='word_1_766' title='bbox 1191 4743 1318 4797; x_wconf 89' lang='lat' dir='ltr'><strong>operum,</strong></span> <span class='ocrx_word' id='word_1_767' title='bbox 1342 4727 1416 4799; x_wconf 91' lang='lat' dir='ltr'><strong>quod</strong></span> <span class='ocrx_word' id='word_1_768' title='bbox 1439 4727 1473 4782; x_wconf 91' lang='lat' dir='ltr'><strong>de</strong></span> <span class='ocrx_word' id='word_1_769' title='bbox 1500 4726 1637 4781; x_wconf 85' lang='lat' dir='ltr'><strong>infantum</strong></span> <span class='ocrx_word' id='word_1_770' title='bbox 1653 4726 1710 4782; x_wconf 92' lang='lat' dir='ltr'><strong>fide</strong></span> <span class='ocrx_word' id='word_1_771' title='bbox 1727 4726 1782 4783; x_wconf 89' lang='lat' dir='ltr'><strong>dici</strong></span> 
     </span>
     <span class='ocr_line' id='line_1_52' title="bbox 87 4811 1782 4885; baseline -0.002 -13"><span class='ocrx_word' id='word_1_772' title='bbox 87 4819 156 4884; x_wconf 92' lang='lat' dir='ltr'><strong>rint,</strong></span> <span class='ocrx_word' id='word_1_773' title='bbox 181 4834 211 4871; x_wconf 91' lang='lat' dir='ltr'><strong>se</strong></span> <span class='ocrx_word' id='word_1_774' title='bbox 228 4816 258 4870; x_wconf 92' lang='lat' dir='ltr'><strong>in</strong></span> <span class='ocrx_word' id='word_1_775' title='bbox 274 4831 341 4869; x_wconf 86' lang='lat' dir='ltr'><strong>arca</strong></span> <span class='ocrx_word' id='word_1_776' title='bbox 358 4830 433 4880; x_wconf 86' lang='lat' dir='ltr'><strong>esse,</strong></span> <span class='ocrx_word' id='word_1_777' title='bbox 457 4812 507 4867; x_wconf 89' lang='lat' dir='ltr'><strong>sed</strong></span> <span class='ocrx_word' id='word_1_778' title='bbox 525 4811 578 4867; x_wconf 89' lang='lat' dir='ltr'><strong>hoc</strong></span> <span class='ocrx_word' id='word_1_779' title='bbox 596 4813 763 4871; x_wconf 87' lang='lat' dir='ltr'><strong>desiderium</strong></span> <span class='ocrx_word' id='word_1_780' title='bbox 781 4822 811 4870; x_wconf 91' lang='grc' dir='ltr'><strong>ιι</strong></span> <span class='ocrx_word' id='word_1_781' title='bbox 827 4822 921 4871; x_wconf 86' lang='lat' dir='ltr'><strong>votum</strong></span> <span class='ocrx_word' id='word_1_782' title='bbox 947 4814 1050 4883; x_wconf 88' lang='lat' dir='ltr'><strong>nequit</strong></span> <span class='ocrx_word' id='word_1_783' title='bbox 1097 4813 1172 4885; x_wconf 84' lang='lat' dir='ltr'><strong>Ergo</strong></span> <span class='ocrx_word' id='word_1_784' title='bbox 1196 4813 1279 4868; x_wconf 90' lang='lat' dir='ltr'><strong>etiam</strong></span> <span class='ocrx_word' id='word_1_785' title='bbox 1304 4812 1496 4868; x_wconf 87' lang='lat' dir='ltr'><strong>catechumeni</strong></span> <span class='ocrx_word' id='word_1_786' title='bbox 1520 4812 1617 4869; x_wconf 91' lang='lat' dir='ltr'><strong>fideles</strong></span> <span class='ocrx_word' id='word_1_787' title='bbox 1640 4830 1692 4884; x_wconf 91' lang='lat' dir='ltr'><strong>pro</strong></span> <span class='ocrx_word' id='word_1_788' title='bbox 1716 4813 1782 4868; x_wconf 91' lang='lat' dir='ltr'><strong>filiis</strong></span> 
     </span>
     <span class='ocr_line' id='line_1_53' title="bbox 88 4898 1783 4973; baseline -0.002 -15"><span class='ocrx_word' id='word_1_789' title='bbox 88 4920 184 4973; x_wconf 90' lang='lat' dir='ltr'><strong>parum</strong></span> <span class='ocrx_word' id='word_1_790' title='bbox 202 4903 257 4957; x_wconf 91' lang='lat' dir='ltr'><strong>illis</strong></span> <span class='ocrx_word' id='word_1_791' title='bbox 274 4900 388 4973; x_wconf 85' lang='lat' dir='ltr'><strong>profuit</strong></span> <span class='ocrx_word' id='word_1_792' title='bbox 423 4898 610 4955; x_wconf 89' lang='lat' dir='ltr'><strong>Bellarminus</strong></span> <span class='ocrx_word' id='word_1_793' title='bbox 632 4901 795 4971; x_wconf 86' lang='lat' dir='ltr'><strong>respondet,</strong></span> <span class='ocrx_word' id='word_1_794' title='bbox 822 4903 921 4956; x_wconf 66' lang='lat' dir='ltr'><strong>antili-</strong></span> <span class='ocrx_word' id='word_1_795' title='bbox 946 4900 1014 4968; x_wconf 91' lang='lat' dir='ltr'><strong>Dei,</strong></span> <span class='ocrx_word' id='word_1_796' title='bbox 1041 4900 1170 4955; x_wconf 86' lang='lat' dir='ltr'><strong>membris</strong></span> <span class='ocrx_word' id='word_1_797' title='bbox 1201 4898 1334 4954; x_wconf 88' lang='lat' dir='ltr'><strong>eeclesiae</strong></span> <span class='ocrx_word' id='word_1_798' title='bbox 1360 4903 1389 4954; x_wconf 91' lang='grc' dir='ltr'><strong>ιι</strong></span> <span class='ocrx_word' id='word_1_799' title='bbox 1411 4898 1576 4954; x_wconf 86' lang='lat' dir='ltr'><strong>haeredibus</strong></span> <span class='ocrx_word' id='word_1_800' title='bbox 1603 4898 1700 4953; x_wconf 91' lang='lat' dir='ltr'><strong>salutis</strong></span> <span class='ocrx_word' id='word_1_801' title='bbox 1717 4906 1783 4954; x_wconf 90' lang='lat' dir='ltr'><strong>sunt</strong></span> 
     </span>
     <span class='ocr_line' id='line_1_54' title="bbox 85 4986 1782 5058; baseline -0.001 -13"><span class='ocrx_word' id='word_1_802' title='bbox 85 4991 198 5045; x_wconf 74' lang='lat' dir='ltr'><strong>ludices</strong></span> <span class='ocrx_word' id='word_1_803' title='bbox 215 5008 270 5044; x_wconf 82' lang='lat' dir='ltr'><strong>non</strong></span> <span class='ocrx_word' id='word_1_804' title='bbox 289 4988 436 5043; x_wconf 76' lang='lat' dir='ltr'><strong>convenire</strong></span> <span class='ocrx_word' id='word_1_805' title='bbox 453 4988 484 5040; x_wconf 81' lang='lat' dir='ltr'><strong>ia</strong></span> <span class='ocrx_word' id='word_1_806' title='bbox 501 4986 636 5040; x_wconf 69' lang='lat' dir='ltr'><strong>emathias.</strong></span> <span class='ocrx_word' id='word_1_807' title='bbox 671 4986 712 5041; x_wconf 85' lang='lat' dir='ltr'><strong>At</strong></span> <span class='ocrx_word' id='word_1_808' title='bbox 729 4987 838 5058; x_wconf 79' lang='lat' dir='ltr'><strong>interim</strong></span> <span class='ocrx_word' id='word_1_809' title='bbox 858 5006 920 5044; x_wconf 88' lang='lat' dir='ltr'><strong>con·</strong></span> <span class='ocrx_word' id='word_1_810' title='bbox 945 4986 1085 5043; x_wconf 84' lang='lat' dir='ltr'><strong>censendi.</strong></span> <span class='ocrx_word' id='word_1_811' title='bbox 1125 4994 1150 5043; x_wconf 83' lang='grc'><strong>6.</strong></span> <span class='ocrx_word' id='word_1_812' title='bbox 1170 4986 1285 5041; x_wconf 86' lang='lat' dir='ltr'><strong>Latroni</strong></span> <span class='ocrx_word' id='word_1_813' title='bbox 1312 5002 1444 5042; x_wconf 83' lang='lat' dir='ltr'><strong>converso</strong></span> <span class='ocrx_word' id='word_1_814' title='bbox 1462 4986 1528 5042; x_wconf 85' lang='lat' dir='ltr'><strong>lieet</strong></span> <span class='ocrx_word' id='word_1_815' title='bbox 1547 4986 1670 5042; x_wconf 88' lang='lat' dir='ltr'><strong>nondum</strong></span> <span class='ocrx_word' id='word_1_816' title='bbox 1690 4987 1782 5057; x_wconf 90' lang='lat' dir='ltr'><strong>bapti·</strong></span> 
     </span>
     <span class='ocr_line' id='line_1_55' title="bbox 87 5071 1781 5143; baseline -0.001 -13"><span class='ocrx_word' id='word_1_817' title='bbox 87 5077 179 5131; x_wconf 89' lang='lat' dir='ltr'><strong>venire</strong></span> <span class='ocrx_word' id='word_1_818' title='bbox 197 5075 300 5131; x_wconf 89' lang='lat' dir='ltr'><strong>debent</strong></span> <span class='ocrx_word' id='word_1_819' title='bbox 317 5074 346 5127; x_wconf 92' lang='lat' dir='ltr'><strong>in</strong></span> <span class='ocrx_word' id='word_1_820' title='bbox 366 5074 415 5129; x_wconf 93' lang='lat' dir='ltr'><strong>illo</strong></span> <span class='ocrx_word' id='word_1_821' title='bbox 432 5072 529 5136; x_wconf 86' lang='lat' dir='ltr'><strong>tertio,</strong></span> <span class='ocrx_word' id='word_1_822' title='bbox 547 5071 576 5126; x_wconf 91' lang='lat' dir='ltr'><strong>in</strong></span> <span class='ocrx_word' id='word_1_823' title='bbox 594 5088 649 5143; x_wconf 88' lang='lat' dir='ltr'><strong>quo</strong></span> <span class='ocrx_word' id='word_1_824' title='bbox 667 5073 820 5129; x_wconf 75' lang='lat' dir='ltr'><strong>imutrritm</strong></span> <span class='ocrx_word' id='word_1_825' title='bbox 838 5075 920 5131; x_wconf 90' lang='lat' dir='ltr'><strong>colla-</strong></span> <span class='ocrx_word' id='word_1_826' title='bbox 947 5080 1009 5128; x_wconf 88' lang='lat' dir='ltr'><strong>zato</strong></span> <span class='ocrx_word' id='word_1_827' title='bbox 1032 5072 1176 5128; x_wconf 86' lang='lat' dir='ltr'><strong>aChristo</strong></span> <span class='ocrx_word' id='word_1_828' title='bbox 1195 5073 1310 5127; x_wconf 91' lang='lat' dir='ltr'><strong>dicitur:</strong></span> <span class='ocrx_word' id='word_1_829' title='bbox 1338 5074 1434 5127; x_wconf 78' lang='lat' dir='ltr'><strong>Hodie</strong></span> <span class='ocrx_word' id='word_1_830' title='bbox 1451 5089 1556 5127; x_wconf 81' lang='lat' dir='ltr'><strong>meeum</strong></span> <span class='ocrx_word' id='word_1_831' title='bbox 1572 5073 1629 5126; x_wconf 81' lang='lat' dir='ltr'><strong>eris</strong></span> <span class='ocrx_word' id='word_1_832' title='bbox 1646 5075 1677 5126; x_wconf 79' lang='grc' dir='ltr'><strong>ιἰι</strong></span> <span class='ocrx_word' id='word_1_833' title='bbox 1690 5092 1781 5143; x_wconf 82' lang='lat' dir='ltr'><strong>parc·</strong></span> 
     </span>
     <span class='ocr_line' id='line_1_56' title="bbox 86 5158 1781 5244; baseline -0.002 -26"><span class='ocrx_word' id='word_1_834' title='bbox 86 5165 139 5225; x_wconf 88' lang='lat' dir='ltr'><strong>tio,</strong></span> <span class='ocrx_word' id='word_1_835' title='bbox 159 5164 219 5232; x_wconf 89' lang='lat' dir='ltr'><strong>jnm</strong></span> <span class='ocrx_word' id='word_1_836' title='bbox 237 5179 302 5216; x_wconf 83' lang='lat' dir='ltr'><strong>vero</strong></span> <span class='ocrx_word' id='word_1_837' title='bbox 322 5159 439 5230; x_wconf 90' lang='lat' dir='ltr'><strong>quilibet</strong></span> <span class='ocrx_word' id='word_1_838' title='bbox 455 5159 546 5222; x_wconf 83' lang='lat' dir='ltr'><strong>ridet,</strong></span> <span class='ocrx_word' id='word_1_839' title='bbox 565 5158 711 5214; x_wconf 87' lang='lat' dir='ltr'><strong>ecclesiam</strong></span> <span class='ocrx_word' id='word_1_840' title='bbox 729 5161 759 5217; x_wconf 91' lang='lat' dir='ltr'><strong>in</strong></span> <span class='ocrx_word' id='word_1_841' title='bbox 774 5161 834 5217; x_wconf 92' lang='lat' dir='ltr'><strong>loco</strong></span> <span class='ocrx_word' id='word_1_842' title='bbox 854 5179 920 5244; x_wconf 87' lang='lat' dir='ltr'><strong>apo·</strong></span> <span class='ocrx_word' id='word_1_843' title='bbox 947 5163 1010 5215; x_wconf 80' lang='lat' dir='ltr'><strong>diro</strong></span> <span class='ocrx_word' id='word_1_844' title='bbox 1028 5160 1097 5218; x_wconf 90' lang='lat' dir='ltr'><strong>Luc.</strong></span> <span class='ocrx_word' id='word_1_845' title='bbox 1117 5166 1159 5228; x_wconf 80' lang='grc'><strong>23,</strong></span> <span class='ocrx_word' id='word_1_846' title='bbox 1177 5178 1202 5216; x_wconf 84' lang='lat' dir='ltr'><strong>v.</strong></span> <span class='ocrx_word' id='word_1_847' title='bbox 1223 5166 1265 5216; x_wconf 77' lang='lat'><strong>43.</strong></span> <span class='ocrx_word' id='word_1_848' title='bbox 1284 5159 1349 5214; x_wconf 80' lang='lat' dir='ltr'><strong>dam</strong></span> <span class='ocrx_word' id='word_1_849' title='bbox 1366 5177 1431 5214; x_wconf 86' lang='lat' dir='ltr'><strong>vero</strong></span> <span class='ocrx_word' id='word_1_850' title='bbox 1449 5177 1530 5215; x_wconf 88' lang='lat' dir='ltr'><strong>nemo</strong></span> <span class='ocrx_word' id='word_1_851' title='bbox 1542 5165 1635 5230; x_wconf 87' lang='lat' dir='ltr'><strong>potest</strong></span> <span class='ocrx_word' id='word_1_852' title='bbox 1647 5176 1707 5215; x_wconf 84' lang='lat' dir='ltr'><strong>ease</strong></span> <span class='ocrx_word' id='word_1_853' title='bbox 1719 5178 1781 5217; x_wconf 90' lang='lat' dir='ltr'><strong>cum</strong></span> 
     </span>
     <span class='ocr_line' id='line_1_57' title="bbox 87 5244 1781 5319; baseline 0 -16"><span class='ocrx_word' id='word_1_854' title='bbox 87 5248 183 5303; x_wconf 87' lang='lat' dir='ltr'><strong>stolioo</strong></span> <span class='ocrx_word' id='word_1_855' title='bbox 214 5253 243 5301; x_wconf 92' lang='grc' dir='ltr'><strong>ιι</strong></span> <span class='ocrx_word' id='word_1_856' title='bbox 270 5247 300 5300; x_wconf 90' lang='lat' dir='ltr'><strong>in</strong></span> <span class='ocrx_word' id='word_1_857' title='bbox 328 5245 410 5300; x_wconf 91' lang='lat' dir='ltr'><strong>dictis</strong></span> <span class='ocrx_word' id='word_1_858' title='bbox 439 5246 547 5316; x_wconf 89' lang='lat' dir='ltr'><strong>piorum</strong></span> <span class='ocrx_word' id='word_1_859' title='bbox 575 5251 700 5301; x_wconf 85' lang='lat' dir='ltr'><strong>veterum</strong></span> <span class='ocrx_word' id='word_1_860' title='bbox 728 5247 757 5301; x_wconf 90' lang='lat' dir='ltr'><strong>iu</strong></span> <span class='ocrx_word' id='word_1_861' title='bbox 781 5247 834 5301; x_wconf 92' lang='lat' dir='ltr'><strong>hoc</strong></span> <span class='ocrx_word' id='word_1_862' title='bbox 859 5248 920 5319; x_wconf 85' lang='lat' dir='ltr'><strong>ipso</strong></span> <span class='ocrx_word' id='word_1_863' title='bbox 946 5248 1054 5303; x_wconf 91' lang='lat' dir='ltr'><strong>Christo</strong></span> <span class='ocrx_word' id='word_1_864' title='bbox 1074 5247 1104 5301; x_wconf 90' lang='lat' dir='ltr'><strong>iu</strong></span> <span class='ocrx_word' id='word_1_865' title='bbox 1123 5246 1260 5317; x_wconf 89' lang='lat' dir='ltr'><strong>paradiso,</strong></span> <span class='ocrx_word' id='word_1_866' title='bbox 1279 5244 1332 5299; x_wconf 91' lang='lat' dir='ltr'><strong>nisi</strong></span> <span class='ocrx_word' id='word_1_867' title='bbox 1346 5245 1424 5315; x_wconf 88' lang='lat' dir='ltr'><strong>prius</strong></span> <span class='ocrx_word' id='word_1_868' title='bbox 1436 5245 1520 5300; x_wconf 86' lang='lat' dir='ltr'><strong>fuerit</strong></span> <span class='ocrx_word' id='word_1_869' title='bbox 1533 5245 1687 5301; x_wconf 87' lang='lat' dir='ltr'><strong>membrum</strong></span> <span class='ocrx_word' id='word_1_870' title='bbox 1698 5264 1781 5303; x_wconf 84' lang='lat' dir='ltr'><strong>verae</strong></span> 
     </span>
     <span class='ocr_line' id='line_1_58' title="bbox 86 5331 1782 5404; baseline 0.001 -16"><span class='ocrx_word' id='word_1_871' title='bbox 86 5332 242 5403; x_wconf 89' lang='lat' dir='ltr'><strong>comparari</strong></span> <span class='ocrx_word' id='word_1_872' title='bbox 259 5348 322 5386; x_wconf 90' lang='lat' dir='ltr'><strong>eum</strong></span> <span class='ocrx_word' id='word_1_873' title='bbox 339 5349 405 5387; x_wconf 83' lang='grc' dir='ltr'>ιιιιι</span> <span class='ocrx_word' id='word_1_874' title='bbox 421 5332 507 5396; x_wconf 88' lang='lat' dir='ltr'><strong>Noae,</strong></span> <span class='ocrx_word' id='word_1_875' title='bbox 525 5332 601 5403; x_wconf 92' lang='lat' dir='ltr'><strong>quod</strong></span> <span class='ocrx_word' id='word_1_876' title='bbox 617 5348 698 5387; x_wconf 90' lang='lat' dir='ltr'><strong>nemo</strong></span> <span class='ocrx_word' id='word_1_877' title='bbox 710 5332 832 5388; x_wconf 87' lang='lat' dir='ltr'><strong>salvetur</strong></span> <span class='ocrx_word' id='word_1_878' title='bbox 843 5341 921 5390; x_wconf 84' lang='lat' dir='ltr'><strong>extra</strong></span> <span class='ocrx_word' id='word_1_879' title='bbox 946 5334 1087 5397; x_wconf 86' lang='lat' dir='ltr'><strong>ecclesiae,</strong></span> <span class='ocrx_word' id='word_1_880' title='bbox 1107 5332 1174 5404; x_wconf 89' lang='lat' dir='ltr'><strong>quia</strong></span> <span class='ocrx_word' id='word_1_881' title='bbox 1192 5332 1230 5386; x_wconf 89' lang='lat' dir='ltr'><strong>ad</strong></span> <span class='ocrx_word' id='word_1_882' title='bbox 1247 5331 1392 5386; x_wconf 89' lang='lat' dir='ltr'><strong>ecclesiam</strong></span> <span class='ocrx_word' id='word_1_883' title='bbox 1410 5331 1626 5400; x_wconf 87' lang='lat' dir='ltr'><strong>triumphantem</strong></span> <span class='ocrx_word' id='word_1_884' title='bbox 1637 5349 1694 5388; x_wconf 91' lang='lat' dir='ltr'><strong>non</strong></span> <span class='ocrx_word' id='word_1_885' title='bbox 1703 5339 1782 5404; x_wconf 89' lang='lat' dir='ltr'><strong>patet</strong></span> 
     </span>
     <span class='ocr_line' id='line_1_59' title="bbox 86 5407 1888 5490; baseline 0.001 -15"><span class='ocrx_word' id='word_1_886' title='bbox 86 5418 247 5482; x_wconf 86' lang='lat' dir='ltr'><strong>ecelesiam,</strong></span> <span class='ocrx_word' id='word_1_887' title='bbox 278 5417 349 5473; x_wconf 88' lang='lat' dir='ltr'><strong>sieut</strong></span> <span class='ocrx_word' id='word_1_888' title='bbox 373 5434 454 5474; x_wconf 93' lang='lat' dir='ltr'><strong>nemo</strong></span> <span class='ocrx_word' id='word_1_889' title='bbox 482 5418 520 5474; x_wconf 90' lang='lat' dir='ltr'><strong>ab</strong></span> <span class='ocrx_word' id='word_1_890' title='bbox 541 5418 623 5490; x_wconf 87' lang='lat' dir='ltr'><strong>aquis</strong></span> <span class='ocrx_word' id='word_1_891' title='bbox 649 5417 747 5473; x_wconf 82' lang='lat' dir='ltr'><strong>diluvii</strong></span> <span class='ocrx_word' id='word_1_892' title='bbox 774 5418 920 5475; x_wconf 89' lang='lat' dir='ltr'><strong>incolumis</strong></span> <span class='ocrx_word' id='word_1_893' title='bbox 945 5422 1037 5476; x_wconf 89' lang='lat' dir='ltr'><strong>aditus</strong></span> <span class='ocrx_word' id='word_1_894' title='bbox 1054 5418 1157 5475; x_wconf 88' lang='lat' dir='ltr'><strong>nisiex</strong></span> <span class='ocrx_word' id='word_1_895' title='bbox 1175 5419 1292 5474; x_wconf 88' lang='lat' dir='ltr'><strong>eeclesia</strong></span> <span class='ocrx_word' id='word_1_896' title='bbox 1307 5416 1452 5474; x_wconf 83' lang='lat' dir='ltr'><strong>militante.</strong></span> <span class='ocrx_word' id='word_1_897' title='bbox 1485 5417 1561 5489; x_wconf 86' lang='lat' dir='ltr'><strong>Ergo</strong></span> <span class='ocrx_word' id='word_1_898' title='bbox 1580 5418 1651 5473; x_wconf 90' lang='lat' dir='ltr'><strong>latro</strong></span> <span class='ocrx_word' id='word_1_899' title='bbox 1669 5437 1780 5477; x_wconf 85' lang='lat' dir='ltr'><strong>conver·</strong></span> <span class='ocrx_word' id='word_1_900' title='bbox 1854 5410 1856 5415; x_wconf 45' lang='lat'><strong>¹</strong></span> <span class='ocrx_word' id='word_1_901' title='bbox 1884 5407 1888 5415; x_wconf 70' lang='grc'><strong>’</strong></span> 
     </span>
     <span class='ocr_line' id='line_1_60' title="bbox 85 5503 1866 5576; baseline 0.002 -14"><span class='ocrx_word' id='word_1_902' title='bbox 85 5506 139 5562; x_wconf 81' lang='lat' dir='ltr'><strong>fuit</strong></span> <span class='ocrx_word' id='word_1_903' title='bbox 169 5505 348 5558; x_wconf 85' lang='lat' dir='ltr'><strong>conservatus</strong></span> <span class='ocrx_word' id='word_1_904' title='bbox 375 5511 455 5561; x_wconf 83' lang='lat' dir='ltr'><strong>extra</strong></span> <span class='ocrx_word' id='word_1_905' title='bbox 485 5520 586 5561; x_wconf 84' lang='lat' dir='ltr'><strong>arnam</strong></span> <span class='ocrx_word' id='word_1_906' title='bbox 620 5504 657 5560; x_wconf 89' lang='lat' dir='ltr'><strong>Id</strong></span> <span class='ocrx_word' id='word_1_907' title='bbox 684 5505 777 5576; x_wconf 90' lang='lat' dir='ltr'><strong>ipsum</strong></span> <span class='ocrx_word' id='word_1_908' title='bbox 801 5523 836 5563; x_wconf 85' lang='lat' dir='ltr'><strong>cx</strong></span> <span class='ocrx_word' id='word_1_909' title='bbox 857 5507 921 5563; x_wconf 87' lang='lat' dir='ltr'><strong>aliis</strong></span> <span class='ocrx_word' id='word_1_910' title='bbox 944 5525 993 5563; x_wconf 88' lang='lat' dir='ltr'><strong>sus</strong></span> <span class='ocrx_word' id='word_1_911' title='bbox 1011 5513 1040 5564; x_wconf 93' lang='lat' dir='ltr'><strong>et</strong></span> <span class='ocrx_word' id='word_1_912' title='bbox 1055 5523 1122 5562; x_wconf 83' lang='lat' dir='ltr'><strong>rere</strong></span> <span class='ocrx_word' id='word_1_913' title='bbox 1139 5506 1255 5562; x_wconf 74' lang='lat' dir='ltr'><strong>medens</strong></span> <span class='ocrx_word' id='word_1_914' title='bbox 1273 5505 1357 5561; x_wconf 89' lang='lat' dir='ltr'><strong>etiam</strong></span> <span class='ocrx_word' id='word_1_915' title='bbox 1374 5503 1618 5575; x_wconf 86' lang='lat' dir='ltr'><strong>antebaptismum</strong></span> <span class='ocrx_word' id='word_1_916' title='bbox 1631 5504 1779 5563; x_wconf 80' lang='lat' dir='ltr'><strong>tuitmem·</strong></span> <span class='ocrx_word' id='word_1_917' title='bbox 1863 5560 1866 5565; x_wconf 89' lang='lat'><strong>.</strong></span> 
     </span>
     <span class='ocr_line' id='line_1_61' title="bbox 85 5583 1780 5674; baseline 0 -25"><span class='ocrx_word' id='word_1_918' title='bbox 85 5583 262 5664; x_wconf 64' lang='lat' dir='ltr'><strong>agumenfi’</strong></span> <span class='ocrx_word' id='word_1_919' title='bbox 279 5598 330 5650; x_wconf 68' lang='grc' dir='ltr'><strong>ΡΝ</strong></span> <span class='ocrx_word' id='word_1_920' title='bbox 345 5588 552 5651; x_wconf 72' lang='lat' dir='ltr'><strong>mfinatioue</strong></span> <span class='ocrx_word' id='word_1_921' title='bbox 568 5592 722 5651; x_wconf 78' lang='grc' dir='ltr'>ιιιιιιιιιίιιι</span> <span class='ocrx_word' id='word_1_922' title='bbox 740 5598 853 5651; x_wconf 68' lang='lat' dir='ltr'><strong>nocuae</strong></span> <span class='ocrx_word' id='word_1_923' title='bbox 868 5592 919 5651; x_wconf 82' lang='lat' dir='ltr'><strong>ad·</strong></span> <span class='ocrx_word' id='word_1_924' title='bbox 944 5592 1027 5650; x_wconf 87' lang='lat' dir='ltr'><strong>brnm</strong></span> <span class='ocrx_word' id='word_1_925' title='bbox 1052 5592 1192 5651; x_wconf 71' lang='grc' dir='ltr'>ιιιὶιιίιι</span> <span class='ocrx_word' id='word_1_926' title='bbox 1231 5598 1257 5651; x_wconf 79' lang='lat'><strong>7.</strong></span> <span class='ocrx_word' id='word_1_927' title='bbox 1274 5590 1413 5674; x_wconf 75' lang='lat' dir='ltr'><strong>Martyres</strong></span> <span class='ocrx_word' id='word_1_928' title='bbox 1428 5591 1586 5663; x_wconf 59' lang='lat' dir='ltr'><strong>commutes</strong></span> <span class='ocrx_word' id='word_1_929' title='bbox 1603 5597 1671 5650; x_wconf 87' lang='lat' dir='ltr'><strong>ante</strong></span> <span class='ocrx_word' id='word_1_930' title='bbox 1688 5608 1780 5649; x_wconf 71' lang='lat' dir='ltr'><strong>tusce</strong></span> 
     </span>
    </p>
   </div>
   <div class='ocr_carea' id='block_1_4' title="bbox 0 0 2013 6020">
    <p class='ocr_par' dir='ltr' id='par_1_4' title="bbox 0 0 2013 6020">
     <span class='ocr_line' id='line_1_62' title="bbox 0 0 2013 6020; baseline 0 0"><span class='ocrx_word' id='word_1_931' title='bbox 0 0 2013 6020; x_wconf 95' lang='lat' dir='ltr'><strong> </strong></span> 
     </span>
    </p>
   </div>
  </div>
 </body>
</html>
