4004 6022
796 245 849 305 nn
867 245 992 306 mous
1008 249 1144 310 conus.
1768 266 1809 328 ,3
1889 260 1896 272 ¹

118 396 172 476 lug.
191 418 217 458 e.
237 403 277 460 lt.
296 419 324 474 p.
346 406 403 459 lta
422 396 502 459 nohis
518 400 623 470 tribuit,
640 405 718 473 qood
731 413 851 475 proptor
870 423 950 459 usam
981 412 1012 460 ut
1030 407 1199 479 subjeetum,
1224 415 1284 464 tum
1302 404 1413 465 omnino
1431 407 1651 482 concedendum,
1674 414 1748 485 quod
1767 431 1810 469 ra-

49 489 276 561 tmpoetieeiae
294 489 323 544 in
340 497 509 560 stmuomus,
525 509 628 560 paoem
646 492 729 562 qnasi
744 492 818 545 iobis
836 507 952 545 wocca-
978 492 1055 550 tione
1075 495 1150 550 modi
1174 495 1337 552 mentiendi
1356 495 1441 568 logici
1458 514 1515 554 non
1532 497 1721 570 aequipolleat
1735 497 1810 565 huic,

116 585 171 631 arn
188 584 240 631 urst
257 576 317 632 ate
334 577 432 647 quove
448 579 532 632 modo
550 578 667 643 mirifice
682 578 850 648 dispositum
862 576 953 632 ormel-
978 580 1058 650 panis
1079 588 1122 637 cst
1142 600 1243 655 corpus
1262 583 1372 640 Christi.
1409 582 1482 640 Nam
1503 584 1724 657 aequipollentes
1746 602 1810 657 pro·

115 671 177 718 tore
195 664 228 717 is
245 671 428 734 rereosptom
439 681 543 734 eorpus
557 663 668 719 Christ.
701 662 818 718 ”Idem
829 661 952 719 Kscker·
976 666 1126 736 positiones
1152 669 1180 724 in
1202 669 1300 741 logicis
1325 676 1390 726 sunt
1416 670 1493 741 illae,
1520 688 1592 743 quae
1617 671 1671 729 sibi
1692 671 1810 728 invisor

113 764 234 805 munus
245 747 295 807 lib.
306 754 362 805 hc
373 755 398 806 1.
411 755 479 822 syst.
488 749 544 821 log.
552 768 581 822 p.
592 755 658 806 34³:
677 750 785 805 Nullus
796 751 952 820 topicorum
977 753 1108 809 substitui
1125 762 1251 827 possunt,
1269 765 1397 813 manente
1414 757 1511 815 adem
1528 759 1665 815 mutantia
1680 764 1710 815 et
1724 758 1810 832 signi·

114 837 229 905 amerit,
240 837 294 891 ios
302 838 513 908 propositiones
527 838 689 892 convenire.-
702 838 791 907 ponis
800 845 951 906 estoorpre
976 839 1107 896 ficatione
1126 842 1263 914 simulque
1280 843 1376 900 eadem
1393 843 1484 916 figura
1501 849 1530 899 et
1542 845 1625 900 modo
1639 844 1810 917 syllogistico

115 923 225 979 Christi
247 932 273 978 st
297 941 399 994 corpu
419 923 527 978 Christi
549 932 589 978 srt
612 925 643 978 io
667 924 711 978 rei
732 942 794 977 oum
808 939 886 994 pose
906 940 949 977 eo·
976 926 1006 980 in
1024 927 1193 999 syllogismo.
1224 928 1287 986 Hoc
1303 929 1389 1001 igitur
1404 929 1508 998 utliat,
1529 937 1639 1002 oportet
1648 930 1811 1002 praedicata

114 1010 279 1080 eiorffloo,
303 1011 372 1082 quio
395 1013 616 1083 aequipollentes
639 1013 738 1067 detersi
754 1013 856 1066 tubere
874 1012 949 1065 idem
977 1020 1005 1068 et
1021 1012 1149 1086 subjecte
1168 1015 1323 1071 coiiicidere
1342 1023 1370 1072 et
1388 1033 1448 1072 esse
1466 1034 1630 1089 synonyma.
1664 1016 1727 1072 Hoc
1744 1034 1810 1074 raro

114 1099 267 1167 subjeetum
283 1107 310 1154 et
324 1101 533 1170 praedicatum.
568 1100 659 1171 Atqui
673 1100 726 1154 ine
739 1099 950 1169 propositiones
976 1115 1107 1157 concesso
1126 1119 1182 1156 non
1197 1103 1291 1158 statim
1308 1104 1442 1174 sequitur,
1462 1105 1536 1177 quod
1550 1103 1664 1159 mutatis
1675 1104 1809 1175 subjectis

113 1204 170 1242 sos
187 1186 290 1241 iubent
309 1187 383 1240 idem
401 1188 553 1256 subjectum
570 1195 596 1242 et
615 1187 862 1257 perdicioni*
896 1184 949 1239 Re-
976 1191 1006 1241 st
1021 1186 1204 1258 praedicatis,
1233 1195 1318 1260 atque
1342 1189 1382 1245 ita
1406 1196 1513 1246 mutato
1529 1191 1611 1247 modo
1629 1188 1810 1262 praedicandi

114 1273 302 1345 mordemus:
330 1279 353 1330 1.
372 1273 540 1330 concedatur
559 1272 638 1329 nohis
655 1289 721 1330 vera
737 1272 821 1329 realis
839 1279 867 1329 et
885 1270 950 1326 sub-
976 1271 1067 1343 logico
1092 1290 1125 1328 ao
1153 1275 1370 1346 aequipollentia
1394 1275 1503 1332 formali
1531 1277 1624 1349 logica
1649 1276 1743 1332 stetin
1762 1293 1810 1331 ne·

116 1359 255 1414 stantialis
274 1359 396 1430 corporis
416 1366 444 1414 et
461 1359 604 1430 sauguinis
616 1358 718 1415 Christi
730 1359 759 1414 in
772 1375 852 1415 sacra
862 1374 950 1414 coeua
977 1374 1054 1415 cesse
1091 1360 1128 1417 sit
1166 1362 1267 1416 mutari
1309 1362 1552 1434 aequipollentiam
1593 1362 1809 1436 significationis.

116 1444 290 1517 mentia:
307 1444 478 1500 concedatur
494 1445 581 1500 verbs
599 1443 710 1513 Christi,
729 1443 798 1500 sori:
817 1443 848 1499 τὸ
868 1442 950 1518 ῥητὸν
977 1444 1096 1513 Quando
1113 1462 1181 1519 ergo
1197 1447 1329 1513 dicimus,
1354 1448 1404 1503 hos
1423 1449 1637 1520 propositiones:
1664 1448 1745 1521 panis
1768 1456 1811 1505 ast

116 1533 145 1588 in
161 1532 295 1605 genuino,
314 1531 409 1586 nativo
427 1537 455 1587 et
473 1532 584 1602 proprio
603 1549 686 1587 sensu
704 1531 867 1604 accipienda
883 1547 950 1601 esse,
977 1548 1077 1603 corpus
1087 1531 1197 1602 Christi,
1217 1541 1246 1589 et
1264 1551 1364 1606 corpus
1383 1542 1425 1591 est
1442 1536 1470 1589 in
1488 1552 1570 1606 pune,
1588 1552 1648 1592 esse
1666 1534 1808 1608 aequipol·

116 1634 149 1674 ac
166 1617 203 1674 de
219 1633 273 1674 usu
287 1616 384 1673 harum
401 1618 600 1689 particularum
619 1617 701 1674 facile
719 1635 782 1673 curn
794 1617 849 1673 illis
861 1623 949 1672 trans·
977 1619 1074 1688 lentes,
1092 1620 1322 1692 significationem
1336 1621 1513 1689 attendimus,
1529 1640 1585 1679 non
1598 1623 1711 1679 modurn
1723 1640 1809 1680 suum

116 1707 232 1778 igenrua
279 1711 303 1762 2.
332 1706 556 1762 Praedicationes
580 1707 806 1776 sacmmentales,
834 1707 886 1761 hoo
911 1712 952 1759 est
977 1704 1065 1759 tiandi
1082 1705 1244 1778 logicum.”
1270 1712 1316 1778 Τῷ
1333 1710 1405 1783 ῥητῷ
1424 1707 1493 1763 nihil
1510 1709 1627 1781 derogat
1645 1710 1812 1781 synonymia

117 1810 221 1863 corpus
238 1808 341 1860 mmm,
364 1794 416 1849 hoo
436 1802 475 1848 est
493 1795 609 1865 sanquis
625 1812 716 1863 meus,
741 1802 806 1850 sunt
829 1810 950 1864 compre·
977 1793 1170 1863 grammatica,
1189 1793 1366 1866 paraphrasis
1384 1794 1518 1862 oratoria,
1535 1794 1753 1867 aequipollentia
1770 1794 1810 1851 lo-

117 1878 247 1937 hensirae
274 1885 302 1936 et
325 1881 505 1946 exhibitivus,
534 1882 564 1937 id
586 1886 629 1938 est
651 1882 770 1937 duarum
794 1896 887 1936 rerum
910 1879 950 1933 di·
977 1878 1049 1951 gira,
1067 1880 1257 1951 interpretatio
1276 1880 1441 1954 theologica,
1460 1897 1533 1954 quae
1551 1880 1811 1938 diseaudmnrsm

117 1968 280 2023 sh'nctarum
297 1968 427 2024 emonem
446 1975 474 2024 et
491 1970 668 2039 conjunctam
688 1966 884 2025 exhibitionem
902 1982 950 2021 no·
979 1965 1068 2021 verbis
1090 1966 1183 2037 offert,
1208 1971 1240 2022 ut
1266 1971 1340 2023 recte
1365 1966 1464 2022 scribit
1481 1966 1515 2023 D.
1534 1967 1626 2038 Major
1642 1967 1673 2023 iu
1689 1974 1811 2024 tractatu

116 2060 186 2124 tant,
205 2059 238 2108 ut
256 2055 384 2125 nuperius
401 2055 580 2125 ostendimus,
598 2056 661 2110 ideo
677 2072 734 2111 non
750 2059 950 2125 possuntcom·
978 2056 1042 2125 nspl
1060 2054 1110 2109 τοῦ
1128 2055 1212 2129 ῥητοῦ
1232 2053 1274 2109 tit
1293 2060 1317 2110 3.
1336 2069 1360 2109 o.
1381 2059 1403 2110 1.
1431 2052 1503 2110 thes.
1526 2060 1565 2111 11.
1601 2060 1625 2110 4.
1643 2053 1706 2112 litu
1726 2054 1812 2128 igitur

116 2142 225 2199 modius
248 2142 361 2213 resolvi,
384 2158 466 2215 quem
487 2159 536 2215 per
554 2142 707 2214 particulas
727 2143 770 2211 in,
793 2158 869 2204 cum,
891 2138 952 2208 sub,
978 2137 1074 2194 harum
1109 2139 1309 2211 particularum
1337 2147 1397 2196 tum
1429 2140 1603 2197 essentialem
1631 2142 1812 2198 mutationem

117 2229 219 2301 quibus
242 2228 383 2285 unitorum
406 2229 565 2299 conjunctio
593 2234 622 2284 st
645 2230 795 2300 conjuncta
820 2225 953 2282 exhibitio
978 2225 1057 2296 panis
1076 2227 1105 2281 in
1123 2244 1224 2299 corpus
1241 2226 1359 2297 Christi,
1384 2235 1443 2282 tum
1462 2227 1566 2283 nudam
1580 2228 1812 2300 significationem

118 2316 288 2388 exprimitur.
328 2315 408 2371 Sicut
441 2315 510 2372 haec
534 2312 687 2371 exhibitiva
710 2315 875 2387 propositio:
908 2328 952 2368 ac-
978 2312 1100 2368 cbsentis
1128 2313 1250 2384 corporis
1279 2314 1460 2372 excludimus.
1502 2315 1532 2371 Bi
1561 2315 1635 2369 eninr
1663 2330 1722 2370 una
1746 2331 1811 2371 cum

117 2405 194 2476 cipe,
219 2402 273 2458 hoc
298 2409 340 2457 est
357 2402 465 2471 vinnm,
489 2418 544 2457 non
567 2409 661 2473 posset
677 2401 816 2458 dexterius
834 2406 863 2456 et
880 2416 952 2454 com·
978 2415 1051 2468 pane
1071 2399 1154 2455 datur
1170 2398 1274 2457 Christi
1292 2416 1401 2472 eorpus,
1419 2401 1516 2473 utique
1533 2417 1591 2456 non
1601 2415 1702 2472 corpus
1713 2401 1811 2467 solum,
1823 2413 1851 2458 x.
1865 2411 1909 2458 tot

116 2490 226 2545 modius
247 2488 347 2544 resolvi
366 2505 450 2561 quam
468 2505 501 2544 eo
518 2489 615 2543 modo:
650 2488 735 2544 invel
748 2504 811 2544 cum
823 2486 876 2543 boc
887 2501 953 2540 rese
978 2485 1027 2539 sed
1046 2491 1075 2540 et
1091 2485 1171 2556 panis
1191 2486 1279 2541 datur.
1317 2486 1346 2542 Si
1365 2503 1422 2554 une
1441 2503 1505 2543 cum
1523 2502 1596 2560 pane
1611 2486 1708 2556 datur,
1726 2487 1812 2542 etiam

117 2576 262 2634 exhibetur
279 2575 388 2645 uinum
413 2590 609 2646 quamcunque
633 2574 704 2627 enirn
725 2572 809 2628 aliam
827 2572 952 2643 proferas
978 2570 1081 2626 Christi
1108 2588 1208 2643 corpus
1235 2574 1333 2645 ntique
1356 2590 1412 2629 non
1435 2573 1511 2629 solus
1533 2573 1628 2646 panis,
1656 2573 1706 2628 aad
1727 2573 1812 2629 edam

116 2662 253 2734 analysin,
270 2662 417 2734 nugatoria
436 2661 489 2716 erit
506 2666 535 2716 et
546 2660 683 2724 absurda:
702 2660 742 2716 ita
754 2676 864 2732 quoque
875 2675 953 2731 prae·
978 2674 1079 2729 corpus
1097 2656 1200 2714 Christi
1221 2676 1286 2716 vere
1308 2676 1439 2730 praesens
1461 2659 1685 2717 manducandum
1701 2659 1812 2723 exhibe-

117 2749 220 2806 dicatio
249 2747 299 2804 illa
329 2746 550 2804 amentatis:
579 2747 631 2803 hoe
659 2754 700 2802 est
729 2764 833 2817 corpus
863 2764 953 2800 meo:
978 2749 1033 2802 tur.
1070 2752 1093 2801 t.
1113 2743 1297 2819 Nequaquam
1318 2746 1404 2819 igitur
1427 2747 1524 2803 localis
1541 2747 1673 2817 munnio,
1694 2747 1814 2820 physion

117 2835 338 2894 commodissime
356 2834 509 2900 resolvitur,
527 2834 565 2899 in,
584 2851 655 2903 curn,
675 2833 727 2890 sub
745 2834 797 2891 boo
816 2850 889 2905 pane
908 2850 953 2889 ex-
979 2831 1116 2902 quaedem
1138 2831 1329 2889 inexsistentia
1345 2840 1396 2889 aut
1413 2833 1529 2890 duarum
1549 2833 1767 2890 substantiarum
1783 2833 1813 2890 in

117 2923 201 2980 bibeo
218 2939 324 2995 eorpus
338 2938 444 2989 meum,
468 2920 534 2993 quia
551 2937 585 2975 ex
604 2921 731 2977 instituto
752 2920 854 2976 Christi
872 2919 954 2992 panis
979 2936 1063 2975 unam
1079 2936 1198 2976 massam
1215 2921 1387 2988 commixtio,
1406 2922 1456 2978 sed
1475 2921 1594 2994 mystica
1611 2927 1642 2977 et
1658 2937 1813 2978 mamen-

117 3010 317 3069 eucharistious
334 3013 378 3065 est
392 3025 536 3081 organum,
555 3005 645 3082 ὄχημα
662 3015 691 3065 et
707 3007 872 3080 symbolum,
890 3024 953 3062 cum
979 3005 1042 3061 talis
1072 3007 1153 3079 panis
1176 3013 1206 3063 et
1230 3008 1353 3081 corporis
1380 3008 1497 3080 Christi,
1527 3011 1584 3066 vini
1612 3015 1642 3068 et
1672 3007 1815 3082 snguhh

119 3117 175 3173 quo
193 3104 222 3154 et
239 3096 292 3152 sub
312 3112 368 3168 quo
388 3096 470 3151 datur
486 3095 590 3152 Christi
608 3112 715 3168 eorpus.
751 3094 835 3152 it*Ut
852 3094 953 3150 verius
979 3091 1082 3149 Christi
1101 3094 1129 3149 in
1147 3111 1229 3150 sacra
1246 3111 1334 3151 coena
1350 3097 1418 3152 unio
1435 3094 1511 3154 hisce
1526 3096 1672 3170 particulis
1686 3095 1815 3168 exprimi·

119 3182 204 3256 huius
226 3181 435 3255 propositionis:
464 3180 568 3236 animal
591 3189 633 3238 est
650 3198 749 3252 corpus
768 3182 902 3252 probatur
920 3198 953 3235 ex
979 3185 1031 3248 tur,
1052 3196 1086 3236 ea
1102 3196 1168 3235 vero
1185 3179 1224 3235 sio
1244 3187 1405 3252 comparata
1422 3188 1473 3253 est,
1490 3183 1565 3256 quod
1580 3182 1812 3240 mediantebcae

118 3271 200 3328 modo
218 3268 374 3339 inessendi,
392 3268 459 3340 quia
476 3267 590 3323 ammali
607 3267 680 3323 inest
696 3284 811 3339 corpus:
828 3267 869 3323 sic
886 3283 952 3339 quo
979 3265 1055 3321 dioto
1072 3282 1145 3337 pane
1163 3282 1259 3322 rerum
1275 3266 1378 3322 Christi
1395 3284 1510 3340 corpus,
1529 3275 1558 3324 st
1573 3268 1713 3326 mediante
1729 3267 1813 3325 berie-

118 3375 174 3432 que
199 3357 301 3413 verius
326 3354 411 3427 hujus
437 3354 646 3427 propositionis:
674 3355 755 3426 panis
782 3360 824 3410 est
851 3370 952 3426 corpus
979 3350 1053 3407 dicto
1071 3351 1135 3407 vino
1150 3368 1233 3408 verus
1249 3351 1352 3408 Christi
1367 3354 1482 3427 angus
1499 3353 1684 3419 distribuitur,
1703 3353 1813 3411 exhibo·

120 3441 237 3512 Christi,
270 3442 417 3500 deducitur
446 3458 480 3497 ex
502 3441 585 3497 modo
612 3439 748 3510 croceos,
777 3458 833 3512 qus
852 3458 953 3513 eorpus
978 3445 1024 3494 tur
1043 3442 1072 3493 et
1089 3437 1232 3508 accipitur.
1266 3437 1390 3496 Externa
1406 3439 1536 3512 symbols
1550 3441 1631 3513 panis
1648 3441 1812 3499 etsiuimu

118 3530 223 3587 Christi
252 3530 360 3585 unitum
391 3533 433 3584 est
463 3527 700 3583 sacramentaliter
733 3544 796 3582 curn
826 3529 952 3599 pauet*
978 3529 1088 3579 mumut
1112 3540 1192 3580 mam
1213 3531 1342 3581 naturam
1361 3525 1406 3582 rol
1423 3525 1587 3598 ascum,
1613 3542 1705 3600 nequo
1729 3527 1812 3584 otiam

120 3623 145 3675 3.
162 3616 342 3690 aequipollet
359 3616 443 3672 θίίαω
454 3614 524 3672 haec
536 3614 700 3687 propositio:
720 3615 757 3679 in,
775 3630 838 3670 curn
854 3618 883 3670 et
900 3612 952 3669 sub
978 3610 1007 3666 in
1024 3610 1141 3667 nihilum
1158 3611 1338 3684 rediguntur,
1356 3629 1409 3669 uec
1426 3619 1520 3671 umen
1537 3613 1568 3671 in
1584 3630 1639 3671 usu
1657 3630 1812 3671 mman-

87 3710 90 3720 '
118 3721 192 3777 pane
212 3703 295 3758 datm
314 3701 418 3758 Christi
435 3719 549 3773 corpus,
573 3700 766 3757 mmamentali
789 3700 830 3756 illi
847 3700 952 3756 theolo·
977 3697 1029 3753 tali
1045 3703 1110 3754 sunt
1124 3697 1201 3753 nuda
1218 3696 1355 3755 dunmxat
1368 3698 1510 3772 symbola,
1526 3701 1577 3758 sed
1591 3700 1674 3774 panis
1692 3706 1735 3757 est
1754 3716 1812 3756 cor·

118 3789 327 3865 pis‘veterihus
360 3795 389 3845 et
421 3789 621 3846 recentioribus
644 3787 777 3855 usitatae,
805 3787 885 3861 panis
910 3792 953 3843 est
979 3802 1044 3858 pus,
1062 3786 1159 3841 riuum
1178 3792 1222 3841 est
1240 3787 1354 3860 sanguis
1373 3787 1490 3861 Christi,
1514 3787 1568 3846 hoc
1590 3794 1634 3847 est
1650 3792 1766 3861 accepto
1784 3793 1814 3844 et

119 3895 220 3951 corpus
244 3874 360 3947 Christiq
387 3874 604 3948 aequipollentia
626 3875 699 3932 enim
720 3874 790 3930 nibil
815 3874 892 3930 aliud
911 3880 953 3931 est
978 3873 1146 3932 manducato
1176 3890 1250 3945 pane
1276 3874 1412 3946 accipitur
1441 3881 1472 3932 et
1496 3876 1682 3933 manducatur
1712 3889 1813 3948 eorpus

110 3977 203 4039 ‘marn
225 3961 445 4036 propositionum
462 3961 554 4018 verbis
570 3962 737 4019 variantium
761 3962 953 4019 convenientia
979 3960 1097 4031 Christi,
1121 3966 1236 4033 accepto
1260 3966 1290 4016 et
1308 3960 1409 4018 hausto
1426 3962 1492 4019 vino
1509 3962 1646 4036 accipitur
1661 3968 1690 4019 et
1707 3962 1814 4019 bibitur

120 4054 149 4108 in
168 4068 259 4121 sensu,
272 4051 333 4122 jem
350 4066 415 4106 vero
433 4048 487 4106 bae
503 4049 718 4122 propositiones:
732 4051 820 4120 posis
836 4057 877 4105 ert
890 4068 952 4105 cor·
977 4047 1092 4121 sanguis
1112 4045 1223 4105 Christi.
1258 4046 1338 4105 Haec
1359 4048 1572 4107 samamentalls·
1593 4049 1659 4106 unio
1682 4055 1712 4106 ct
1728 4050 1813 4122 parti·

115 4157 173 4211 pus
203 4138 321 4208 Oirs'sti,
349 4142 379 4192 et
398 4137 444 4207 io,
469 4154 545 4207 com,
568 4137 619 4191 rub
637 4153 716 4206 pono
740 4138 827 4192 dorm
851 4155 953 4209 eorpus
978 4133 1081 4206 cipatio
1109 4150 1166 4190 non
1195 4138 1288 4207 potest
1316 4135 1488 4192 commodius
1514 4135 1630 4209 exprimi
1658 4138 1688 4193 et
1714 4141 1813 4194 contra

122 4227 240 4295 Christi,
270 4223 437 4280 conveniunt
461 4222 490 4277 in
516 4238 614 4289 sensu,
644 4222 779 4295 siquidem
805 4224 886 4296 panis
910 4231 953 4281 est
978 4220 1090 4297 quasvis
1118 4221 1290 4293 corruptelas
1315 4221 1432 4293 muniri,
1460 4238 1544 4295 quam
1570 4223 1594 4278 si
1618 4221 1746 4282 cimus:
1772 4225 1811 4294 in,

120 4311 224 4369 Christi
247 4328 348 4385 corpus
371 4326 428 4367 nou
449 4308 647 4379 essentialiter,
669 4324 724 4363 non
741 4307 875 4383 figurate,
902 4311 952 4366 sed
978 4324 1059 4379 oum,
1094 4307 1148 4364 sub
1184 4306 1332 4364 benedicto
1365 4322 1438 4395 psus
1475 4308 1699 4366 manducandum
1730 4308 1812 4367 datur

109 4396 372 4466 'scemmentalitem
394 4394 424 4450 id
443 4401 486 4451 cst
501 4399 581 4467 panis
599 4400 642 4451 est
660 4396 816 4468 symbolum
834 4395 953 4453 offeram
979 4395 1082 4454 Christi
1098 4408 1213 4466 empus:
1235 4394 1279 4465 in,
1299 4411 1378 4462 cum,
1397 4394 1452 4451 sub
1468 4395 1615 4453 benedhm
1631 4396 1696 4453 sinc
1713 4395 1811 4453 biben-

121 4496 149 4545 et
167 4485 298 4545 exhibens
309 4482 411 4540 Christi
429 4498 536 4555 corpus,
555 4481 601 4539 rel
618 4489 650 4538 nt
667 4481 808 4555 apostolus
825 4491 954 4543 neuster
979 4486 1032 4541 dus
1061 4482 1143 4539 datur
1167 4478 1270 4537 Christi
1295 4481 1420 4554 sanguis.
1460 4488 1485 4540 o.
1507 4481 1589 4549 Quod
1614 4482 1812 4555 particulamrn

120 4575 254 4649 loquitur:
272 4572 376 4642 Possis,
394 4588 473 4641 quon
488 4571 664 4641 transimus,
685 4576 725 4625 est
741 4577 873 4627 socratis
893 4591 954 4628 eor-
978 4572 1093 4626 isurun
1121 4584 1189 4624 usus
1220 4567 1336 4624 localem
1358 4567 1538 4646 inclusionem
1564 4570 1691 4641 denotet,
1718 4585 1752 4626 cx
1775 4584 1811 4625 eo

116 4664 199 4734 poris
230 4659 343 4719 Christi.
377 4657 452 4714 Vide
478 4656 514 4712 D.
541 4657 709 4715 Meisnerum
734 4663 805 4730 part
833 4665 853 4716 l.
879 4659 952 4718 sobr.
978 4656 1108 4714 falsitatis
1125 4654 1313 4727 convincitur,
1333 4655 1410 4728 quod
1426 4656 1455 4711 in
1474 4657 1605 4730 mysterio
1623 4655 1732 4713 unionis
1748 4670 1811 4728 ptr·

120 4747 220 4823 philos.
243 4751 310 4804 sect.
331 4750 354 4802 1.
377 4761 401 4799 o.
421 4749 444 4799 5.
468 4760 515 4817 qu
534 4750 558 4801 ’1.
601 4745 894 4817 litstrgcrnrentnmur:
923 4747 954 4803 in
979 4743 1081 4801 sonalis
1104 4743 1222 4799 duarum
1246 4747 1410 4799 naturarum
1428 4742 1459 4799 in
1482 4743 1592 4801 Christo
1610 4741 1730 4817 Spiritus
1747 4760 1829 4801 sam·
1869 4780 1872 4785 -

122 4834 222 4909 quibus
240 4830 424 4890 manetidem
445 4830 632 4898 scamillos
651 4832 952 4904 suntaequipollentes,
978 4835 1039 4888 ctus
1068 4828 1171 4887 eisdem
1194 4832 1303 4896 utatur,
1332 4844 1413 4886 nemo
1437 4836 1531 4887 tamen
1558 4829 1665 4902 dixerit,
1688 4829 1811 4887 divinam

122 4921 177 4979 Sed
213 4921 242 4977 in
279 4919 324 4975 bis
359 4915 593 4991 propositionibus
621 4923 715 4976 manet
743 4918 817 4975 idern
848 4936 953 4980 sensns
979 4925 1107 4975 murram
1129 4916 1180 4972 τοῦ
1201 4915 1300 4989 Λόγου
1321 4915 1351 4972 iu
1374 4922 1498 4974 anumta
1522 4932 1605 4974 carne
1629 4915 1755 4973 localiter
1771 4917 1812 4974 iu·

121 5007 205 5082 Ergo.
239 5007 332 5078 Maior
350 5003 486 5078 probatur
504 5018 538 5058 ex
552 5002 764 5063 Keckermanno
780 5024 808 5078 p.
827 5010 886 5066 311.
904 5008 954 5065 ubi
979 5005 1093 5062 clusam.
1128 5002 1210 5068 Quod
1233 5002 1347 5059 Verium
1370 5002 1475 5060 dicitur
1493 5019 1563 5060 caro
1572 5004 1689 5073 factm
1704 5001 1770 5061 doh.
1790 5010 1813 5071 1.

121 5094 354 5168 aequipollettem
370 5090 613 5164 promotorem
631 5091 729 5149 definit
746 5094 836 5148 ocrtr's
848 5096 955 5151 dhreo·
978 5108 1007 5149 v.
1028 5097 1068 5149 14.
1092 5089 1122 5145 id
1145 5088 1286 5161 apostolus
1309 5089 1350 5146 sic
1374 5088 1456 5148 effert
1477 5098 1499 5149 1.
1515 5088 1636 5150 'timoth
1660 5094 1692 5162 t,
1713 5102 1742 5147 ν.
1767 5081 1831 5149 ltt⁸

122 5184 248 5253 eonem,
265 5196 348 5236 :soso
366 5177 577 5234 convenientem.
610 5175 846 5253 Distinguendum
862 5188 955 5239 tamen
981 5182 1061 5235 Deus
1089 5176 1287 5243 manifestetur
1316 5184 1358 5233 est
1384 5178 1416 5234 io
1444 5192 1538 5233 coms.
1580 5175 1662 5244 Quod
1685 5175 1812 5235 Cutlatua

121 5270 195 5327 inter
211 5264 431 5341 aequipollentes
447 5260 650 5338 propositiones
665 5266 771 5322 ratione
783 5267 857 5322 modi
869 5284 955 5324 enun-
981 5265 1083 5321 dieitur
1100 5278 1185 5341 'verus
1206 5260 1284 5320 Deus
1305 5263 1384 5321 Bous
1402 5270 1433 5331 9,
1457 5282 1484 5323 v.
1502 5271 1527 5323 t.
1551 5262 1582 5320 id
1607 5262 1666 5323 cot
1684 5267 1715 5345 2,
1740 5276 1768 5324 v.
1786 5270 1812 5323 c.

121 5356 211 5413 tiandi
230 5353 312 5410 simul
331 5358 360 5410 et
377 5349 591 5426 significationis
606 5355 635 5406 et
652 5348 726 5407 iuter
736 5353 955 5427 aequipollentes
979 5351 1020 5410 sic
1037 5349 1163 5409 effertur:
1190 5350 1308 5422 inipso
1325 5352 1433 5407 haiim
1449 5359 1509 5407 toto
1529 5351 1679 5424 pisciaco
1696 5352 1812 5408 rieituti:

122 5442 230 5501 ratione
258 5438 467 5515 significationis
490 5442 609 5496 tantuna
651 5431 735 5494 ci'in
756 5436 810 5496 bac
830 5441 955 5514 proposi·
980 5436 1177 5510 corporaliter.
1211 5437 1676 5504 2.00r.5,r.1c:1>ssssrots·s
1690 5437 1812 5506 Christo

123 5530 214 5587 tione:
235 5528 265 5584 in
282 5532 414 5599 pausem
428 5542 537 5600 corpus,
556 5524 691 5583 cerninus
708 5538 811 5599 corpus
829 5534 956 5586 summur-
981 5525 1115 5583 mnodum
1131 5523 1321 5581 reconcilians
1336 5523 1393 5579 aus
1406 5524 1473 5598 ipsi.
1506 5524 1569 5585 ioh
1580 5530 1607 5596 t,
1622 5542 1649 5584 v.
1668 5529 1693 5582 t.
1714 5524 1811 5588 Actor.
