4004 6022
209 209 272 268 244
665 240 670 249 ·
798 195 919 255 Locus
937 192 1140 254 menemus
1156 192 1299 252 PRIMUS

114 352 421 423 alamaniscas
440 352 522 407 assus
541 346 1040 422 quaerameradeaclars'sts'am
1069 349 1361 404 intitutianeccsaae
1378 347 1895 416 Dossissicaepsgsarqattataeee·

213 440 369 496 acoesserit.
404 437 655 510 ”chrysostomus
672 435 764 496 homil
784 442 807 491 5.
826 436 856 490 in
878 442 899 491 1.
920 435 991 490 ‘l'irn
1012 441 1039 491 1:
1066 443 1145 488 eante
1162 434 1280 489 ecclesia
1297 434 1417 502 reliqua,
1438 434 1536 486 damur
1554 431 1654 501 aliqua
1672 440 1751 486 satra
1768 431 1898 486 ordinem

213 529 278 581 Non
297 534 336 580 est
353 527 492 580 audaciae
513 525 626 595 saepius
645 524 779 577 accedas
802 523 842 575 ad
861 512 1041 576 Doins'm'cam
1066 521 1121 574 illa
1138 521 1271 590 mysteria
1289 519 1415 574 celebret.
1455 518 1585 573 Danaeus
1603 518 1686 572 etism
1704 518 1815 581 scribit,
1835 518 1898 588 pri·

212 629 345 681 mamam,
373 614 424 666 sed
446 613 561 680 indique
583 611 729 678 accedas,
756 608 866 661 etiarm
881 608 965 662 semel
982 615 1041 660 taa-
1065 607 1152 660 satim
1178 615 1256 660 εοιια
1283 608 1368 661 totius
1394 607 1527 659 melariae
1551 614 1657 659 acuam
1678 623 1713 658 ac
1737 612 1898 659 conventam

212 706 270 752 tam
305 699 446 768 quispiam
481 698 512 751 in
540 703 597 751 toto
624 697 697 749 vitoe
725 700 846 764 tenpore
876 692 1041 748 accedat.**
1067 700 1198 761 aetraque
1210 691 1356 761 publicam
1368 692 1624 760 praeparationem
1635 691 1774 745 colebas-i
1785 708 1899 745 caesam

142 799 156 839 s
215 790 238 840 3.
262 784 390 855 Denique
414 790 523 854 tempus
543 780 694 836 durationis
715 797 748 835 ex
770 787 791 836 1.
809 778 870 836 Cor.
890 785 935 846 11,
955 795 982 831 v.
1000 783 1041 833 26.
1066 795 1117 832 saec
1135 779 1243 847 debas,
1261 795 1311 832 occ
1324 778 1375 847 pie
1388 794 1482 847 paese.
1511 777 1623 832 Aretias
1633 786 1704 847 part.
1717 784 1739 834 1.
1754 777 1899 848 problsst.

113 905 132 932 ι.
213 870 353 942 colligitur
384 866 509 926 faturum
534 885 623 940 usque
648 867 685 921 sd
711 866 783 922 diem
810 865 989 922 novissimum
1014 869 1043 918 et
1066 863 1086 918 f.
1105 869 1184 919 1002:
1214 863 1299 919 Illud
1322 864 1399 917 amsi
1424 865 1588 931 detestasse
1601 865 1684 932 justa
1704 871 1796 932 caret,
1825 864 1902 933 quad

217 956 318 1012 Christi
339 956 495 1011 adventum.
532 952 755 1023 Quotiescunque
771 951 973 1008 manducabitis
994 965 1042 1021 pa·
1068 951 1109 1003 ad
1127 958 1257 1018 aegrotos
1281 951 1410 1014 desertor
1434 958 1568 1019 tauquam
1589 950 1722 1003 οἰοιίιιιιο
1746 950 1900 1017 maritarat,

94 1034 97 1043 ’
214 1060 277 1099 nem
297 1043 371 1098 hunc
388 1047 416 1097 et
435 1059 469 1096 ex
486 1040 539 1096 hoc
557 1040 644 1095 calice
660 1039 779 1108 bibetis,
798 1043 913 1094 mortem
930 1035 1042 1092 Domini
1068 1037 1119 1106 qus*
1135 1054 1193 1091 mos
1212 1036 1339 1104 ιἰιοιιοὶι,
1358 1043 1390 1089 ιιι
1407 1036 1521 1104 opinor,
1540 1043 1598 1088 tam
1617 1037 1740 1105 ἀοοιιιοι,
1759 1053 1821 1089 cam
1835 1051 1901 1105 per·

214 1127 421 1195 annuntiabitis,
440 1128 528 1183 donec
546 1126 646 1181 veniat
682 1125 765 1180 Forte
785 1124 868 1179 etiam
888 1123 951 1179 ideo
969 1122 1044 1177 circa
1068 1139 1183 1176 suasam
1206 1128 1277 1177 esset
1295 1122 1388 1192 plebi,
1418 1123 1552 1190 qaosdmn
1575 1121 1627 1190 pie
1645 1122 1720 1174 mori
1737 1138 1795 1175 non
1811 1136 1901 1190 posse,

215 1231 357 1286 vesperam
375 1213 501 1269 Christus
520 1212 572 1268 hoc
591 1212 709 1267 coelmte
728 1211 841 1282 epulum
858 1208 992 1272 instituit,
1012 1213 1043 1262 ut
1068 1209 1125 1263 siri
1137 1210 1222 1279 prius
1239 1225 1352 1264 cossam
1369 1207 1489 1261 Domini
1505 1209 1674 1276 sumeret,
1701 1208 1766 1261 bine
1783 1207 1902 1261 accuset

216 1301 373 1356 ostenderet
395 1300 464 1354 illud
488 1299 651 1354 duraturum
676 1315 765 1370 usqae
781 1297 818 1351 ad
840 1293 936 1350 mundi
953 1291 1043 1358 linem,
1069 1311 1132 1364 spes
1154 1294 1229 1349 lueri
1250 1303 1275 1348 et
1296 1294 1401 1364 species
1423 1293 1570 1363 religiosis
1596 1295 1783 1363 splendidior.
1823 1293 1902 1349 Idem

215 1404 307 1458 neque
337 1386 450 1442 alterim
483 1385 629 1458 cujusdam
659 1382 858 1441 institutionem
883 1386 946 1451 post
971 1379 1043 1434 hanc
1070 1386 1195 1436 statuunt
1221 1380 1398 1451 Bullingerus
1421 1378 1494 1436 horn.
1521 1386 1542 1435 1.
1566 1379 1601 1435 de
1625 1396 1711 1435 coena
1734 1380 1812 1436 edita
1829 1394 1902 1434 sarno

217 1491 330 1530 coenam
348 1474 560 1545 exspectandam
577 1489 645 1539 esse,
663 1473 713 1527 sed
729 1470 825 1526 fideles
840 1469 869 1524 in
880 1468 962 1539 hujus
971 1466 1044 1520 sitae
1072 1472 1145 1524 155³.
1180 1465 1323 1521 Masculus
1345 1467 1375 1520 in
1392 1464 1461 1521 locis
1478 1464 1599 1536 theolog.
1619 1484 1647 1537 p.
1666 1471 1725 1523 369.
1761 1465 1901 1520 Celsinia-

216 1561 336 1617 tenebris
359 1561 420 1632 ejus
441 1578 494 1615 suu
517 1578 569 1617 ceu
595 1559 716 1631 quodam
740 1556 840 1614 baculo
859 1571 920 1610 sese
938 1559 1044 1608 susten·
1070 1554 1113 1608 nis
1133 1569 1274 1608 msensum
1292 1552 1321 1606 in
1337 1551 1391 1607 hac
1410 1553 1572 1623 quaestione
1586 1550 1903 1622 praebentPhotiniani,

216 1654 277 1703 tare
295 1647 403 1702 debere.
1071 1642 1145 1697 unde
1180 1641 1309 1696 Androm
1340 1639 1519 1696 Reuchlinius
1554 1640 1619 1706 (hoc
1654 1647 1696 1695 est
1734 1639 1902 1696 Valentiam

1072 1727 1266 1794 Schmaltaius)
1285 1726 1315 1781 in
1336 1726 1481 1798 paraenesi
1504 1726 1541 1780 sd
1559 1726 1687 1781 Isaacum
1705 1720 1908 1780 Cassubcnum‘

539 1837 745 1846 ---·
1071 1815 1146 1869 circa
1167 1812 1251 1869 finem
1272 1813 1345 1868 inter
1367 1828 1470 1868 naevos
1495 1811 1617 1868 ecclesiis
1636 1811 1793 1866 reformatis
1810 1811 1904 1866 adlruc

1072 1899 1251 1956 adhaerentes
1269 1898 1353 1955 refert
1370 1898 1551 1953 amentibus
1570 1914 1685 1952 cuasam
1705 1898 1826 1952 Domini
1844 1914 1905 1966 pro

465 2002 487 2064 0
506 2003 535 2063 A
552 2001 577 2063 ρ
594 2002 663 2063 Π
697 1999 804 2062 xxv·
1071 1985 1173 2040 oratic-o
1192 1986 1349 2056 porrigere.
1385 1983 1443 2041 Nos
1468 1989 1565 2039 contra
1589 1983 1750 2048 statuimus,
1780 1984 1904 2055 aegrotis

1071 2086 1237 2143 quocunque
1260 2071 1320 2126 loco
1344 2087 1376 2125 ac
1394 2074 1519 2141 tempore
1537 2069 1721 2126 eucharistiae
1734 2069 1905 2125 communio·

286 2161 350 2227 ns:
382 2156 814 2227 cIRcUMsTAN'HA
845 2153 977 2224 ιοοι.
1071 2172 1135 2210 nem
1157 2155 1317 2227 renuas·
1338 2173 1399 2211 eam
1422 2171 1599 2227 naussum
1622 2155 1815 2228 susanam
1834 2171 1904 2224 ese.

1072 2242 1139 2315 quin
1157 2242 1240 2298 etiam
1257 2242 1287 2297 in
1303 2242 1367 2297 aliis
1383 2241 1555 2297 necessitatis
1567 2241 1687 2312 casibus,
1707 2243 1791 2298 etiam
1806 2242 1835 2296 in
1847 2241 1905 2312 pri·

92 2346 206 2394 coenses
254 2336 313 2387 256.
348 2329 409 2395 Quo
432 2328 462 2384 in
485 2328 546 2383 loco
563 2327 782 2383 admimsuanda
801 2326 838 2381 sit
854 2342 941 2382 cocus
959 2339 1046 2394 sacra,
1071 2328 1142 2383 vatis
1171 2345 1282 2399 quoque
1311 2328 1379 2384 locis
1410 2343 1516 2382 sacram
1547 2343 1662 2382 coenam
1688 2328 1740 2383 rite
1768 2326 1905 2383 celebrari

94 2399 193 2490 mipa-
220 2432 348 2488 expresso
370 2415 464 2486 aliquo
480 2413 583 2470 Christi
606 2413 735 2469 mmdato
758 2413 885 2484 nuspiam
908 2410 1047 2466 invenitur
1071 2430 1151 2486 posse
1177 2414 1302 2469 dicimus.
1346 2413 1424 2470 Serio
1453 2414 1566 2486 quidem
1594 2430 1736 2470 monemus
1761 2414 1905 2469 auditores

94 2501 369 2593 mgmdefinitum.
412 2500 493 2566 Quod
518 2517 573 2556 non
599 2500 628 2554 in
655 2500 759 2571 templo
785 2497 1044 2570 Hierosolymitan
1072 2507 1192 2567 nostros,
1226 2506 1258 2554 ιιι
1287 2499 1438 2556 incolumes
1463 2516 1499 2554 ac
1520 2501 1645 2556 valentes
1670 2516 1726 2555 non
1754 2508 1906 2572 segregent

94 2613 174 2644 sessa
220 2588 270 2644 sed
289 2587 319 2642 in
334 2586 450 2657 privatis
467 2585 583 2642 aedibus
600 2587 691 2657 prima
707 2585 888 2641 eucharistiae
908 2583 1045 2640 institutio
1071 2603 1101 2642 se
1118 2603 1135 2641 a
1151 2585 1271 2656 publicis
1290 2586 1424 2641 eeclmiae
1440 2585 1635 2655 consentibus,
1661 2586 1690 2640 in
1710 2587 1812 2658 quibus
1830 2587 1905 2642 ordi·

221 2681 250 2730 et
268 2671 469 2728 administratm
487 2671 575 2736 iacta,
599 2687 650 2743 per
672 2671 703 2724 id
727 2687 902 2742 nequaquam
919 2688 986 2725 usus
1004 2686 1046 2725 sa·
1071 2673 1148 2728 narie
1160 2673 1212 2728 hoc
1227 2679 1429 2728 sacramentum
1447 2671 1662 2742 administrabis,
1676 2672 1762 2728 Hebr.
1776 2679 1817 2737 10,
1826 2690 1853 2726 s.
1861 2680 1905 2730 26.

220 2775 284 2815 crae
307 2773 409 2814 coenae
432 2757 548 2828 privatis
565 2756 633 2812 locis
650 2757 846 2828 adstringitur,
875 2757 925 2812 sed
942 2756 1046 2811 factum
1072 2775 1162 2830 neque
1192 2763 1334 2812 contemtu
1361 2758 1482 2828 quodam
1508 2775 1543 2814 ac
1570 2758 1704 2830 culpabili
1730 2758 1906 2830 negligentia

221 2844 322 2901 Christi
336 2842 465 2898 historice
482 2843 671 2899 tautummodo
690 2849 924 2898 commemoratur.
955 2842 1046 2908 Quare
1072 2846 1275 2919 perceptionem
1301 2846 1486 2903 eucharistiae
1503 2847 1540 2901 ad
1559 2853 1712 2902 extremm
1727 2863 1816 2918 usque
1832 2863 1905 2901 mor·

220 2948 284 2987 cum
301 2931 331 2986 in
349 2928 465 2986 ecclesia
479 2928 635 2984 Christiana
653 2945 728 2985 more
746 2937 886 2999 receptum
905 2930 949 2995 sit,
969 2936 1001 2985 ut
1018 2930 1047 2984 in
1071 2935 1107 2988 tis
1130 2932 1279 2988 articulum
1303 2932 1449 3003 differant3
1474 2933 1584 2989 interim
1606 2939 1699 2988 tamen
1724 2932 1835 3004 siquid
1854 2933 1905 2988 hu·

220 3016 338 3089 publicis
356 3013 536 3070 conventibus
552 3021 617 3086 post
635 3015 870 3086 praedicationem
881 3023 910 3071 et
921 3015 1046 3071 auditum
1072 3020 1146 3075 mani
1167 3019 1235 3091 ipsis
1257 3019 1416 3092 confingat,
1439 3027 1471 3075 ut
1496 3020 1593 3076 morbo
1616 3020 1771 3092 praepediti
1791 3019 1904 3090 publico

219 3103 298 3159 serbi
317 3102 369 3158 hoc
387 3099 551 3172 mysterium
566 3099 735 3167 celebretur,
760 3100 822 3158 ideo
845 3102 906 3158 sine
930 3110 1047 3173 urgente
1073 3104 1205 3161 ecclesiae
1221 3104 1313 3161 coetui
1329 3104 1462 3162 interesse
1476 3113 1617 3178 nequeant
1633 3123 1667 3161 ac
1684 3105 1904 3161 nihilominus'in

220 3189 384 3246 necessitate
409 3186 446 3241 ab
469 3185 522 3241 hac
545 3187 744 3243 consuetudine
767 3204 822 3243 non
847 3195 889 3244 est
905 3189 1047 3246 disceden-
1073 3208 1138 3247 vera
1165 3191 1335 3263 poenitentia
1361 3193 1540 3263 perceptione
1561 3192 1684 3263 corporis
1709 3198 1737 3248 et
1759 3193 1904 3263 sanguinis

221 3276 302 3331 dum:
335 3281 356 3330 1.
374 3272 440 3346 quia
459 3281 631 3329 sacmmenta
648 3280 713 3329 sunt
728 3273 821 3346 sigilla
838 3276 1047 3345 promissionum
1073 3277 1211 3333 Dominici
1227 3277 1311 3333 fidem
1331 3294 1410 3333 susm
1429 3277 1584 3332 confirmari
1602 3284 1740 3349 expetant,
1759 3277 1904 3350 haudqua-

221 3361 451 3434 esangelicarum.
480 3360 545 3416 lam
556 3375 623 3416 sero
633 3360 803 3432 praedicatio
816 3362 960 3434 evangelii,
974 3364 1047 3434 quod
1074 3381 1157 3437 quarn
1180 3364 1210 3418 in
1234 3364 1349 3435 privatis
1375 3363 1492 3419 aedibus
1510 3379 1618 3418 sacrm
1635 3379 1750 3418 coenam
1769 3365 1905 3420 celebrari

222 3455 264 3503 est
284 3446 399 3503 verbum
417 3445 561 3510 ἀκουστόν,
580 3445 717 3502 ordinarie
735 3445 765 3500 in
780 3446 899 3518 publicis
917 3449 1049 3507 ecclesiae
1073 3449 1151 3506 nefas
1181 3466 1241 3506 esse
1268 3450 1399 3519 dicimus,
1430 3454 1453 3506 l.
1480 3449 1546 3520 quia
1570 3449 1660 3520 prima
1682 3466 1769 3505 coena
1794 3467 1850 3504 non
1874 3451 1904 3505 in

221 3532 402 3588 consentibus
430 3531 581 3604 peragitur.
627 3531 702 3603 Ergo
733 3531 817 3588 etiarn
847 3534 1048 3592 administratio
1074 3537 1176 3608 templo
1192 3535 1457 3607 Hierosolymitano,
1478 3536 1527 3590 sed
1546 3535 1576 3590 in
1593 3536 1708 3606 privatis
1725 3536 1793 3591 ciris
1811 3539 1905 3609 cujus·

221 3621 461 3685 sacramentorum,
480 3632 552 3687 quae
569 3621 635 3671 sunt
652 3617 767 3673 verbum
785 3618 892 3695 ὁρατόν,
910 3622 1048 3679 iniisdem
1075 3624 1139 3678 darn
1165 3622 1281 3679 aedibus
1307 3620 1456 3678 achristo
1483 3621 1611 3676 instituta
1637 3628 1666 3676 et
1690 3622 1833 3695 discipulis
1855 3624 1905 3679 ad·

222 3702 319 3774 peragi
338 3700 429 3757 debet.
465 3706 489 3760 2.
510 3701 582 3767 Quia
599 3702 801 3761 administratio
825 3706 955 3779 baptismi
973 3718 1050 3766 extra
1075 3710 1229 3765 ministrata
1256 3707 1326 3773 fuit,
1356 3715 1388 3763 ιιι
1414 3724 1448 3764 ex
1475 3707 1590 3763 hhtoria
1619 3708 1781 3781 evangeliea
1809 3710 1905 3782 colligi

222 3805 317 3844 casum
334 3786 506 3842 necessitatis
523 3787 553 3842 in
568 3787 682 3858 publico
695 3790 827 3847 ecclesiae
840 3802 977 3851 consentu
988 3813 1049 3868 per·
1075 3803 1173 3868 potest.
1207 3793 1380 3865 Nicephorus
1402 3793 1450 3850 lib.
1472 3800 1493 3849 1.
1513 3810 1536 3847 c.
1556 3800 1597 3850 28.
1618 3799 1747 3865 testatur,
1772 3797 1802 3849 s'n
1822 3799 1906 3852 άοηιο

125 3882 151 3926 x.
164 3881 209 3925 ιιι.
223 3875 324 3946 sgitrn.
349 3872 424 3944 Ergo
443 3871 526 3927 etiam
546 3873 748 3931 adminishatm
768 3878 958 3952 eucharistiae,
978 3901 1049 3954 quae
1072 3883 1215 3938 lobannis
1243 3881 1442 3949 Εοαιιροιίιιοο
1468 3896 1581 3935 coenam
1607 3898 1624 3936 a
1650 3881 1759 3937 Christo
1783 3882 1906 3938 celebra-

223 3966 265 4015 est
286 3959 403 4052 allegam
420 3957 455 4015 N.
472 3958 505 4014 T.
526 3968 741 4030 sacramentum,
769 3963 872 4020 ibidem
889 3968 985 4040 peragi
1003 3971 1049 4026 de·
1075 3978 1139 4026 tam.
1175 3975 1199 4024 2.
1217 3966 1258 4024 Ut
1280 3966 1411 4037 temporis
1429 3965 1638 4023 circumstantia
1654 3984 1709 4023 non
1728 3969 1850 4039 pertinet
1869 3970 1906 4025 ad

222 4045 277 4101 bct.
322 4049 347 4100 3.
375 4043 447 4110 Quia
473 4045 578 4101 Paulus
606 4053 736 4116 testatur,
760 4048 790 4103 in
814 4052 928 4107 melaria
954 4053 1049 4110 Corin-
1074 4054 1232 4112 essentialia
1251 4052 1334 4125 hujus
1352 4052 1531 4122 sacramenti,
1555 4052 1595 4108 ita
1615 4070 1667 4109 nee
1688 4055 1765 4110 locus
1783 4055 1820 4110 ad
1837 4055 1906 4111 inte·

222 4131 314 4186 thiacs
331 4137 542 4206 συνερχομένων
562 4130 653 4188 αὐτῶν
674 4134 720 4187 lul
738 4133 769 4189 τὸ
788 4134 866 4205 siri,
891 4143 1050 4196 coreenien-
1075 4141 1204 4213 gritatem
1232 4141 1293 4211 ejus
1319 4137 1492 4194 essendalcm
1518 4145 1638 4208 spectat,
1664 4156 1727 4195 cum
1750 4140 1786 4197 de
1806 4149 1906 4199 neutro

222 4219 296 4271 tibae
312 4217 371 4271 illis
388 4218 419 4271 iss
436 4235 536 4285 usam,
554 4234 668 4273 coenam
687 4219 860 4276 Dominicsm
877 4222 962 4280 fuisse
980 4227 1050 4282 cele-
1077 4227 1209 4283 disertum
1235 4233 1324 4281 exstet
1347 4226 1518 4281 mandatum.
1553 4230 1577 4280 3.
1596 4225 1630 4280 ln
1647 4226 1741 4281 serbis
1757 4228 1906 4284 institutio-

223 4302 347 4367 hratam,
370 4309 393 4358 1.
412 4301 474 4358 Cor.
495 4309 535 4373 11,
553 4321 578 4358 ι.
598 4309 639 4361 20.
658 4313 686 4361 et
703 4313 743 4363 33.
779 4308 814 4362 Id
833 4310 924 4380 ipsum
940 4311 1050 4369 Troade
1076 4314 1119 4369 nis
1137 4330 1192 4369 non
1210 4311 1243 4367 fit
1260 4311 1365 4367 mentio
1382 4310 1450 4367 certi
1468 4309 1586 4382 alicujus
1608 4311 1676 4381 loci,
1704 4313 1734 4367 in
1756 4330 1812 4385 quo
1834 4315 1906 4371 cele·

223 4389 355 4443 usitatum
379 4387 465 4444 fuisse
488 4389 627 4462 colligitur
646 4409 680 4447 ex
696 4393 790 4451 Actor.
810 4400 858 4461 26,
881 4414 906 4474 v.
926 4405 955 4452 ἰι
989 4399 1049 4453 Una
1077 4400 1150 4456 brari
1168 4397 1270 4455 debeat
1288 4403 1317 4453 et
1334 4404 1412 4453 extra
1429 4414 1512 4468 quem
1529 4398 1664 4454 celebrari
1681 4415 1737 4454 nou
1753 4400 1907 4471 possithoc

222 4475 359 4539 amburi,
376 4493 438 4529 cam
455 4479 673 4533 eosoeoissemas
687 4482 930 4550 adfranpeadam
937 4503 1050 4556 panem,
1077 4485 1246 4558 mysterium.
1282 4491 1306 4540 4.
1325 4483 1452 4555 Apostoli
1469 4500 1503 4538 ac
1519 4485 1571 4540 viri
1587 4486 1732 4557 apostolici
1751 4503 1807 4542 non
1826 4489 1906 4544 dubi-

222 4561 333 4616 Paulus
357 4562 520 4632 depatabat
542 4565 589 4618 ese.
636 4571 661 4620 4.
680 4565 753 4631 Quia
775 4585 854 4624 sacra
876 4587 964 4626 coena
988 4589 1050 4643 pro
1076 4580 1170 4629 tarunt
1202 4572 1231 4626 in
1258 4571 1374 4642 privatis
1400 4570 1517 4627 aedibus
1545 4572 1739 4628 eucharistiam
1756 4575 1905 4645 celebrare,

223 4655 319 4721 ptem
344 4647 446 4702 dieitur
474 4647 598 4719 errare,
629 4652 694 4722 quia
720 4655 780 4724 ejus
804 4656 1004 4714 administratio
1021 4659 1051 4714 in
1077 4678 1141 4716 cum
1159 4660 1189 4713 in
1205 4657 1309 4728 templo
1327 4674 1361 4713 ac
1377 4658 1444 4714 locis
1460 4659 1578 4730 puhlicis
1593 4677 1643 4732 per
1654 4660 1906 4718 furoremhostiunr

223 4735 339 4807 publica
355 4735 488 4793 scaleam
506 4738 721 4810 congregatione
740 4740 805 4795 olim
822 4751 942 4812 peraeta
1077 4746 1147 4800 illud
1174 4744 1390 4815 haudquaquam
1416 4745 1476 4802 lieri
1500 4747 1610 4817 liceret,
1642 4749 1736 4804 Actor.
1758 4754 1786 4817 2,
1812 4768 1839 4804 v.
1862 4754 1905 4805 46.

260 4828 318 4879 256.
354 4820 451 4893 Neque
479 4827 573 4878 tamen
598 4839 632 4878 ex
655 4841 688 4881 eo
709 4825 897 4900 inferendum,
924 4832 999 4901 quod
1022 4833 1052 4887 in
1079 4849 1104 4889 e.
1123 4836 1170 4899 26,
1187 4848 1213 4888 ι.
1235 4838 1258 4886 1.
1295 4838 1319 4887 6.
1338 4832 1372 4887 Ιιι
1390 4834 1476 4889 reteri
1501 4835 1613 4906 quidem
1636 4842 1801 4891 mammeam
1823 4836 1907 4891 sacri

99 4897 114 4937 Ρ
136 4898 150 4926 ’
224 4926 292 4964 casu
310 4908 483 4964 necessitatis
499 4909 529 4964 in
545 4910 660 4980 privatis
678 4912 794 4968 aedibus
813 4930 892 4970 sacra
907 4933 993 4972 coena
1004 4918 1051 4974 ad·
1078 4916 1143 4972 ficis
1168 4922 1197 4971 et
1222 4923 1298 4972 totus
1320 4918 1413 4974 cultus
1438 4919 1580 4976 Leviticae
1607 4921 1700 4976 divino
1720 4922 1852 4977 mandato
1871 4922 1908 4978 ad

225 4995 375 5051 ministrari
392 5001 520 5066 nequeat
555 4994 629 5052 Sane
643 4997 800 5071 Beaapart
812 5005 836 5056 2.
854 5004 1007 5073 quaestion.
1026 5011 1054 5060 et
1079 5009 1185 5058 certum
1201 5002 1292 5059 locum
1310 5003 1459 5061 adstrictus
1472 5007 1535 5076 fuit,
1553 5006 1602 5061 sed
1614 5007 1643 5060 in
1655 5006 1690 5064 N.
1703 5008 1738 5065 Τ.
1751 5007 1908 5064 Leviticum

225 5097 297 5151 resp.
321 5099 365 5153 qu
384 5088 442 5138 242.
468 5082 576 5154 aliquot
600 5084 769 5141 ratiunculas
787 5087 905 5158 profert,
929 5089 966 5146 ob
984 5107 1054 5162 quas
1078 5087 1148 5143 illud
1167 5095 1195 5144 et
1213 5091 1394 5146 ceremoniale
1414 5091 1561 5146 discrimen
1576 5089 1700 5147 locorum
1713 5101 1755 5149 est
1767 5094 1908 5151 sublatum

225 5166 308 5221 valde
332 5184 362 5222 se
386 5167 529 5241 ambigere
556 5169 636 5239 dicit,
665 5189 703 5226 aa
731 5190 785 5242 qao
814 5182 937 5244 tempore
966 5193 1054 5231 caeso
1079 5172 1138 5229 Col.
1160 5179 1191 5242 2,
1216 5193 1240 5232 r.
1270 5182 1309 5233 16.
1350 5183 1373 5233 6.
1398 5176 1489 5234 Utin
1513 5177 1588 5231 omni
1605 5176 1666 5234 loco
1683 5196 1780 5250 preces
1797 5187 1909 5238 amhae

226 5253 345 5306 Damasi
377 5255 407 5307 ιἰι
435 5256 556 5310 acclama
585 5275 641 5312 ooo
668 5261 894 5328 administratur,
923 5263 1054 5332 capediat
1080 5258 1140 5316 Deo
1166 5268 1233 5317 sunt
1254 5273 1399 5335 acceptae,
1426 5263 1451 5317 si
1473 5278 1507 5317 ex
1531 5277 1597 5318 sera
1618 5266 1790 5335 poenitentia
1808 5274 1837 5323 et
1853 5267 1909 5323 lide

226 5339 306 5405 apud
327 5347 454 5406 ωρνοιοι
476 5359 539 5396 eam
562 5344 705 5400 eekbrars'.
742 5344 780 5400 Et
795 5352 892 5416 postea
908 5346 1054 5403 audentior
1079 5344 1295 5416 proficiscantur,
1313 5348 1376 5405 doh.
1394 5356 1418 5417 4,
1435 5362 1461 5400 s.
1480 5351 1521 5401 21.
1541 5351 1581 5403 23.
1613 5356 1634 5404 1.
1650 5350 1723 5407 'lim
1743 5360 1767 5419 2,
1784 5359 1850 5411 s.8.
1868 5354 1909 5409 ita

224 5421 315 5478 iactus
341 5422 433 5479 addit:
463 5427 547 5484 Iura
573 5432 684 5486 viduas·
711 5433 805 5486 rucio
829 5436 967 5501 quomoda
990 5451 1053 5489 cam
1081 5448 1192 5505 quoque
1208 5434 1414 5491 circumstantis
1430 5429 1485 5487 loci
1503 5448 1555 5488 uec
1571 5437 1652 5494 addit
1664 5454 1716 5495 noc
1728 5439 1814 5497 demit
1828 5441 1906 5512 quid·
