3998 6024
211 366 274 427 280
783 358 906 416 Locus
922 352 1128 414 wasemes
1144 354 1342 414 SECUNDUS

213 516 250 569 lie
273 525 299 570 et
318 517 353 569 ab
379 513 503 569 omnibus
521 514 678 582 duumuiri.
714 513 877 568 Lactantius
894 512 943 569 lib.
962 518 986 569 4.
1007 513 1183 577 ἰη-Ῐηοωὶιιε
1207 528 1256 566 suo
1281 511 1442 582 praedicare
1459 511 1658 584 poenitentiam
1677 516 1705 565 et
1722 508 1882 566 remissione

214 602 271 656 stit
290 618 314 656 e.
334 606 379 656 30:
400 601 530 655 Ecclesia
550 609 590 654 est
611 600 785 655 domicilium
794 601 869 667 fidei
879 608 904 654 ct
918 601 1048 670 templum
1059 580 1062 639 i
1074 605 1249 668 peccatorum
1268 597 1340 652 inter
1359 615 1454 654 omnes
1471 604 1577 669 gentes,
1597 603 1629 652 ut
1647 595 1794 651 eeclesiam
1806 612 1840 651 ex
1852 600 1882 650 te

215 688 287 756 Dei,
310 705 364 757 que
383 687 409 739 si
427 687 491 754 autb
509 704 565 740 non
585 687 746 755 intraverit,
770 688 814 739 vel
832 704 850 738 a
870 704 923 756 areo
942 687 970 738 si
987 648 1063 754 quisi
1074 700 1175 754 genere
1193 684 1312 738 humane
1331 684 1382 739 sibi
1401 683 1552 755 colligeret.
1590 682 1710 753 Spiritus
1730 688 1843 737 serimus
1861 698 1882 754 p

215 774 342 841 eairmit,
367 792 385 826 a
403 790 452 841 spe
468 772 541 825 vitae
558 779 586 824 et
603 772 705 825 salutis
724 780 856 824 aeternae
876 772 985 824 alienus
1002 779 1049 823 est.
1060 762 1063 783 ¹
1074 771 1188 825 verbum
1215 777 1256 825 est
1279 768 1377 825 efficax
1402 771 1431 824 iu
1449 769 1579 825 cordibus
1596 768 1739 823 hominum
1757 768 1795 822 sd
1812 767 1882 822 illum

214 859 390 929 Augustinus
414 857 476 914 libr.
502 865 527 914 4.
553 857 588 912 de
612 858 702 928 symb.
727 857 763 911 ad
787 856 892 912 catech.
911 875 934 912 e.
958 864 995 912 te.
1016 846 1227 933 minationem,
1249 854 1506 923 sanctificationem,
1526 855 1764 926 regenerationem
1783 869 1817 908 ae
1834 868 1882 909 ren

214 943 353 1015 Cypriane
378 944 426 999 lib.
453 944 489 996 de
517 943 585 999 uuit.
615 943 725 998 eccles:
757 944 823 996 Non
848 943 928 996 lebet
955 936 1212 1013 Deumivatienem
1226 958 1321 996 eorum
1340 942 1376 996 sd
1393 941 1479 996 ritum
1493 949 1641 1008 aeternam,
1659 937 1882 994 sieuthaeeben

211 1039 337 1100 patrem,
362 1031 413 1099 qui
436 1048 492 1083 nau
520 1030 601 1083 lebet
631 1031 775 1083 ecelesiam
802 1037 925 1083 matram.
967 1025 1138 1094 Quod·fieiu
1148 1027 1231 1081 totius
1241 1027 1583 1082 sacrosanctaeTrinitatis
1592 1026 1780 1097 pulcherrime
1791 1040 1882 1095 compr

214 1116 316 1186 repetit
341 1133 421 1171 serm.
448 1123 505 1171 ¹09.
529 1115 565 1170 de
588 1122 671 1185 temp.
713 1115 793 1170 Idem
815 1114 895 1185 epist.
915 1121 954 1170 50.
973 1086 1233 1171 estra¹henduntur
1250 1114 1278 1168 in
1298 1114 1478 1185 sequentibus
1498 1113 1586 1168 dictis.
1623 1113 1688 1169 leh.
1710 1119 1736 1183 3,
1751 1129 1778 1166 v.
1799 1118 1826 1167 5:
1848 1111 1882 1165 ld

213 1200 266 1255 hee
298 1218 397 1271 corpus
427 1200 530 1255 Christi
561 1200 728 1266 (eeclesiam)
758 1201 894 1255 neminem
926 1192 1137 1268 vivificat¹quis
1160 1208 1277 1253 renatus
1300 1200 1441 1263 fiacense
1459 1218 1535 1269 aprio
1554 1207 1580 1252 et
1599 1200 1725 1269 Spiritu,
1750 1214 1808 1251 non
1821 1204 1882 1267 pote

214 1285 333 1357 Spiritus
360 1293 480 1343 mucius.
524 1286 614 1357 Epist.
642 1292 703 1342 152:
727 1285 859 1355 Quisquis
877 1289 913 1340 ab
931 1240 1183 1343 ecclesiaiintrare
1207 1303 1322 1356 reanum
1341 1288 1408 1341 Dei.
1438 1304 1463 1340 v.
1485 1292 1531 1341 16:
1561 1287 1609 1339 Sic
1628 1287 1698 1338 deus
1716 1282 1820 1337 edere
1835 1300 1882 1337 ese

214 1380 365 1442 remoratus
382 1375 480 1438 fuerit,
500 1373 701 1441 quantumlibet
718 1373 902 1427 laudabiliter
920 1375 1049 1427 revivere
1075 1373 1150 1435 dum,
1168 1380 1198 1425 ut
1212 1374 1305 1441 filium
1322 1390 1402 1425 suum
1420 1373 1592 1441 unigenitum
1607 1374 1699 1434 daret,
1717 1379 1748 1424 ut
1762 1371 1882 1439 amasse

215 1458 364 1528 existimet,
388 1460 440 1512 loe
459 1460 519 1536 selo
542 1459 662 1528 scelere,
686 1461 763 1528 acted
782 1475 801 1511 a
819 1457 926 1512 Christi
942 1461 1049 1513 unitate
1074 1458 1165 1511 eredit
1174 1459 1206 1511 in
1218 1475 1286 1521 eum,
1296 1475 1352 1511 non
1360 1466 1469 1527 pereat,
1483 1460 1533 1510 sed
1545 1458 1646 1511 babeat
1659 1456 1745 1510 edam
1759 1466 1882 1511 uetans

215 1545 374 1612 disjunctus
394 1553 448 1610 est,
469 1561 525 1597 non
544 1544 654 1597 lrabebit
671 1545 766 1608 eitam,
784 1547 836 1599 sed
851 1545 897 1598 ira
917 1545 976 1598 Dei
992 1561 1099 1597 ma--u
1132 1548 1178 1599 tl:
1219 1544 1303 1607 Quem
1334 1544 1410 1597 misit
1442 1547 1533 1611 Dare,
1570 1543 1654 1597 uerba
1686 1543 1748 1596 Dei
1777 1542 1882 1613 lopus’tu

214 1637 260 1683 net
287 1646 372 1699 super
401 1647 469 1683 eura.
505 1628 578 1684 Vide
606 1630 688 1684 etiem
714 1647 794 1685 serm.
824 1636 880 1686 set.
908 1631 943 1685 de
966 1600 1176 1699 tempiiohan.
1196 1635 1242 1696 te,
1268 1647 1293 1684 v.
1314 1634 1344 1684 2:
1370 1629 1425 1692 Qui
1438 1648 1493 1699 per
1513 1630 1613 1684 ostium
1630 1629 1734 1695 intrat,
1754 1637 1882 1700 pastore

214 1715 299 1786 Hugo
319 1716 354 1770 de
374 1716 401 1771 S.
421 1714 534 1770 Victore
551 1714 600 1769 lib.
621 1720 644 1770 2.
663 1715 823 1770 desacram.
843 1733 865 1769 c.
880 1722 908 1770 2:
930 1716 1050 1778 Quinon
1075 1717 1182 1785 ouium‚·
1206 1733 1231 1768 v.
1257 1723 1287 1782 3,
1311 1716 1376 1768 luic
1400 1717 1533 1769 ostia-rins
1556 1717 1662 1785 aperit,
1687 1725 1715 1770 et
1738 1733 1804 1769 ores
1821 1728 1882 1769 soce

214 1803 296 1855 labet
316 1801 453 1870 Spiritum
474 1800 592 1863 Christi,
618 1817 673 1853 non
698 1808 739 1853 est
756 1801 907 1855 membrum
925 1801 999 1869 ejus,
1020 1800 1049 1852 in
1075 1805 1136 1872 ejus
1159 1801 1280 1855 andiunt
1304 1809 1330 1854 rt
1348 1802 1488 1871 proprias
1515 1818 1576 1855 oves
1599 1809 1680 1856 coeat
1703 1801 1870 1856 nominatius

215 1903 334 1955 corpore
345 1904 400 1939 uno
413 1885 539 1954 Spiritus
550 1903 630 1952 unus,
645 1886 718 1939 nillil
730 1887 760 1939 in
772 1902 889 1956 corpore
902 1895 1050 1954 mortuum,
1075 1888 1169 1941 educit
1187 1903 1249 1952 eae,-
1274 1905 1299 1942 v.
1319 1895 1349 1942 l:
1377 1888 1456 1940 raclii
1476 1895 1541 1940 ante
1560 1903 1622 1953 eas,
1647 1895 1672 1940 et
1695 1903 1758 1940 oues
1775 1887 1882 1941 illusit

214 1972 287 2024 nihil
315 1979 395 2025 satra
424 1988 525 2041 eorpus
547 1972 646 2025 sirum.
687 1971 781 2043 Atque
807 1971 873 2027 inde
898 1979 950 2036 est,
975 1972 1050 2042 qued
1076 1982 1197 2042 quantur
1216 1979 1268 2029 etc.
1307 1990 1331 2026 v.
1354 1979 1382 2027 t:
1410 1973 1473 2043 Epo
1492 1992 1553 2027 sirm
1574 1975 1676 2027 ostium
1695 1974 1804 2035 ouium,·
1823 1979 1880 2028 ul

215 2056 333 2128 quilibet
357 2074 420 2112 vere
443 2057 483 2128 pii
507 2061 672 2127 exoptarunt
692 2073 751 2112 esse
773 2058 846 2113 cives
864 2058 998 2113 eeclesiae
1017 2074 1126 2128 saepo
1145 2078 1205 2113 sum
1218 2067 1323 2127 pastor
1343 2059 1443 2121 bonus,
1470 2059 1555 2112 bonus
1571 2067 1673 2129 paster
1690 2059 1816 2113 animam
1834 2074 1882 2114 eso

215 2142 358 2197 domestici
376 2142 439 2211 Dei,
459 2141 562 2197 Psalm.
583 2147 624 2210 26,
641 2159 667 2198 v.
687 2148 719 2198 8:
738 2144 869 2212 Domine,
891 2144 982 2213 dilige
1000 2144 1049 2196 la·
1072 2147 1155 2216 ponit
1168 2163 1224 2214 pro
1243 2146 1351 2214 ouibus3
1377 2162 1403 2199 v.
1421 2150 1465 2199 te:
1485 2145 1561 2198 alias
1580 2160 1643 2198 ones
1659 2144 1757 2214 babeo,
1776 2161 1882 2214 quaen

215 2228 367 2283 Maeuium
386 2231 485 2282 (lamus
502 2236 566 2283 tuae
583 2236 609 2282 st
628 2228 720 2282 locum
738 2228 924 2283 habitationis
939 2230 1050 2298 pieriae
1076 2239 1139 2285 eunt
1151 2249 1184 2284 ea
1198 2232 1249 2286 lsoe
1261 2232 1338 2299 ouili,
1351 2231 1421 2284 illas
1434 2237 1543 2300 oportet
1560 2248 1603 2283 me
1621 2233 1766 2285 adducere
1785 2238 1811 2284 et
1824 2248 1882 2286 staec

215 2324 288 2369 triae.
323 2314 426 2370 Psslm.
447 2320 488 2379 27,
508 2331 532 2368 v.
553 2321 583 2370 t:
608 2313 697 2368 Unam
713 2315 961 2383 petiiaDemino,
978 2315 1051 2369 iane
1076 2336 1165 2372 meam
1187 2318 1318 2385 audant,
1341 2325 1368 2377 et
1386 2318 1439 2386 fiet
1461 2335 1545 2370 unum
1571 2317 1643 2370 oeile
1662 2325 1688 2371 et
1707 2326 1882 2392 ursuepaeto

215 2402 372 2470 requiram,
397 2408 428 2453 ut
452 2400 600 2453 inhabitem
626 2400 656 2452 in
682 2402 764 2454 domo
787 2402 905 2455 Domini
926 2402 1102 2458 aemilius.
1125 2410 1167 2459 ll:
1187 2411 1341 2474 propterea
1359 2420 1402 2456 me
1422 2402 1517 2470 diligit
1538 2402 1640 2468 Peter,
1663 2404 1732 2471 arsia
1761 2420 1812 2472 epo
1835 2422 1882 2474 per

215 2488 313 2542 diebm
329 2488 404 2541 sitae
423 2503 500 2541 meae
512 2493 562 2541 ete.
588 2485 690 2540 Psalm.
703 2492 744 2550 lt,
759 2502 784 2541 r.
799 2493 829 2543 3:
850 2487 1051 2541 Sitiuitanima
1076 2490 1202 2543 animam
1220 2507 1324 2558 meam,·
1343 2507 1368 2544 v.
1386 2493 1432 2544 27:
1452 2505 1515 2542 ouer
1532 2504 1609 2542 meae
1621 2505 1715 2542 uocem
1727 2505 1820 2543 meam
1833 2508 1882 2544 aue

214 2590 276 2627 mea
294 2574 336 2625 ad
354 2574 456 2638 Deum,
475 2573 569 2625 Deum
586 2573 689 2639 riuum,
709 2574 824 2641 quando
842 2574 895 2626 erit
914 2581 944 2625 ut
962 2591 1051 2644 appa·
1062 2582 1065 2653 i
1077 2582 1126 2628 unt
1144 2582 1170 2628 et
1189 2592 1240 2644 epo
1260 2592 1394 2644 cognosce
1413 2592 1462 2628 eas
1480 2582 1676 2644 asseruntur
1695 2593 1757 2642 me;
1774 2593 1802 2632 v.
1823 2580 1870 2632 28:

214 2674 292 2712 reum
312 2666 377 2711 ante
386 2659 499 2724 faeiem
517 2658 584 2711 Dei.
620 2656 722 2714 Psalm.
741 2663 782 2724 84,
801 2676 827 2712 v.
849 2665 880 2713 2:
901 2658 989 2723 Quam
1008 2662 1051 2714 di·
1063 2660 1066 2699 Ι
1078 2678 1128 2731 eye
1147 2662 1232 2716 eitam
1249 2668 1393 2716 artemam
1413 2662 1450 2715 do
1468 2661 1509 2715 eis
1527 2667 1554 2714 et
1571 2662 1771 2732 nonperibunt
1785 2665 1816 2717 in
1831 2669 1882 2717 aete

215 2744 287 2798 lecta
305 2745 489 2797 tabernamela
505 2752 553 2796 tua
572 2744 695 2797 Domine
708 2744 855 2808 uirtutum,
880 2702 1155 2816 concupiscitinum,
1182 2755 1208 2801 et
1230 2764 1287 2800 non
1309 2748 1405 2816 rapiet
1430 2763 1479 2800 eas
1503 2749 1651 2816 quisquam
1673 2749 1708 2802 de
1730 2767 1819 2802 manu
1836 2766 1882 2802 me

103 2860 108 2869 ·
215 2837 240 2882 et
268 2830 362 2896 deficit
384 2829 481 2882 anima
506 2846 568 2882 mea
592 2830 623 2881 in
647 2829 722 2882 atria
748 2830 869 2882 Domini
887 2837 940 2885 ete.
978 2851 1003 2885 v.
1023 2839 1051 2887 5:
1077 2851 1102 2887 v.
1121 2840 1168 2889 29:
1193 2833 1282 2886 Pater
1300 2848 1390 2901 meus,
1410 2833 1459 2901 aui
1480 2834 1561 2886 dedit
1578 2832 1648 2886 milri
1665 2848 1728 2903 eas,
1746 2836 1845 2904 major
1861 2852 1882 2889 a

122 3799 155 3842 11.
171 3801 202 3843 ll.

88 4334 163 4372 ceusu

88 4384 190 4423 elflelcns

87 4436 169 4485 princi-

87 4483 151 4535 estin

215 2915 302 2970 Beati
321 2915 371 2985 qui
387 2915 515 2969 labitant
533 2915 563 2968 in
586 2916 669 2968 domo
687 2922 736 2968 tua
753 2914 891 2980 Domine,
908 2917 939 2970 in
956 2919 1051 2973 secula
1078 2921 1158 2972 nilus
1182 2928 1234 2989 est,
1258 2926 1286 2972 et
1310 2937 1389 2974 sunio
1410 2928 1502 2989 potest
1528 2937 1629 2990 rapae
1653 2923 1689 2975 de
1711 2939 1799 2974 manu
1819 2921 1882 2975 Pan

216 3000 374 3056 esculanum
394 2999 554 3054 laudabant
570 3009 604 3056 te.
641 3000 807 3056 Indeetism
818 3001 1051 3073 profluuntsedu·
1078 3008 1138 3064 mei.
1175 3006 1291 3062 Roman.
1317 3012 1347 3076 8,
1375 3025 1402 3061 v.
1422 3011 1469 3063 28:
1501 3007 1694 3078 Diligentibus
1711 3008 1807 3062 Deum
1824 3026 1882 3063 omn

216 3086 260 3142 lae
278 3087 343 3143 illae
361 3086 574 3155 cohortationes,
593 3085 693 3158 quibus
707 3102 857 3154 monemur,
876 3093 908 3141 ut
919 3088 1052 3146 eeclesiae
1079 3101 1266 3162 commeatur
1286 3095 1316 3146 in
1335 3094 1444 3162 tonum,
1463 3093 1501 3146 iis
1516 3094 1566 3163 qui
1576 3095 1727 3146 seeundum
1738 3096 1882 3164 proposit·

214 3190 265 3229 uos
294 3189 491 3246 aggregemus.
527 3171 630 3228 Psalm.
659 3176 720 3241 122,
744 3190 770 3226 s.
793 3178 822 3228 ὃς
847 3173 965 3243 Repete,
981 3192 1053 3245 auae
1078 3179 1365 3248 soeaieuntsancti;
1385 3182 1469 3233 ulti:
1491 3195 1560 3246 quas
1574 3179 1818 3248 enimpraescisit,
1833 3181 1882 3234 elie

215 3262 450 3329 adposuerunt
471 3260 641 3313 Jerusalem.
675 3257 773 3314 Mseh.
794 3265 823 3324 6,
842 3277 867 3316 v.
886 3264 933 3317 33:
962 3260 1052 3323 Quae·
1074 3263 1302 3336 praedestinavit
1319 3264 1478 3325 conformes
1489 3264 1560 3330 fieri
1577 3264 1696 3332 imagini
1705 3265 1769 3330 filii
1789 3266 1849 3319 Dei
1863 3281 1882 3319 e

213 3346 268 3401 rite
287 3346 413 3416 primum
435 3361 552 3415 reanum
578 3346 643 3400 Dei.
683 3344 769 3401 Hebr.
798 3350 842 3414 te,
865 3364 891 3402 r.
910 3353 958 3404 25:
987 3349 1052 3404 Non
1077 3368 1103 3405 v.
1130 3356 1177 3407 30:
1201 3367 1271 3420 auos
1289 3358 1382 3404 autem
1397 3351 1638 3419 praedestinavit,
1663 3366 1709 3405 eos
1730 3353 1818 3404 etiam
1834 3369 1882 3406 ees

215 3432 372 3487 deserentes
389 3433 630 3501 congregationem
650 3440 768 3487 omnam
788 3438 841 3490 ete.
1077 3437 1133 3506 eit,·
1152 3445 1178 3491 et
1198 3453 1266 3506 quos
1283 3437 1400 3505 uocant,
1419 3437 1469 3489 lae
1489 3443 1516 3489 et
1531 3436 1713 3505 juuifieau'r,·
1734 3455 1806 3506 auos
1824 3444 1882 3492 aut

1072 3523 1249 3593 justificavit,
1265 3522 1333 3576 illos
1352 3530 1378 3575 et
1398 3521 1575 3592 glorificavit.
1611 3519 1711 3593 Epiros.
1728 3529 1750 3592 l,
1769 3538 1795 3579 r.
1813 3524 1882 3578 δελ

533 3624 725 3634 ··“--·”“”
1078 3610 1205 3663 nedictus
1222 3610 1303 3662 Deus
1320 3617 1345 3661 et
1358 3616 1444 3677 pater
1463 3608 1585 3661 Domini
1600 3609 1690 3662 nostri
1707 3609 1778 3663 Jeme
1801 3609 1882 3664 ensi

1079 3696 1129 3764 qui
1145 3695 1284 3748 benedixit
1300 3712 1351 3747 nes
1369 3695 1399 3747 in
1418 3694 1494 3748 omni
1510 3694 1699 3748 benedictione
1719 3694 1882 3763 spirituali

498 3772 520 3832 0
539 3773 567 3832 Δ
584 3773 608 3832 P
627 3773 655 3832 U
673 3775 697 3832 Τ
732 3773 767 3833 V·
1079 3781 1242 3835 coelestibus
1260 3781 1289 3834 in
1310 3781 1437 3849 Cir-istm
1453 3797 1479 3835 r.
1500 3787 1529 3835 l:
1549 3779 1621 3834 moret
1642 3780 1726 3850 elegit
1744 3781 1882 3849 norint]

1079 3876 1143 3921 ante
1162 3867 1261 3920 mundi
1277 3866 1506 3934 conmitutionem,
1524 3875 1555 3918 nt
1575 3881 1695 3919 memus
1712 3869 1805 3919 saaca
1821 3874 1845 3920 et
1876 3884 1882 3914 s

216 3930 281 3995 DE
319 3927 486 3995 CAUSA
524 3929 864 4011 EFFICIENTE,
906 3929 1052 3995 PRIN·
1079 3953 1528 4022 maadate‘incorupectuejus;
1552 3951 1882 4020 abtauipraedem‘s

266 4027 449 4096 CIPALI
481 4030 544 4096 ΕΤ
572 4029 1007 4099 INSTRUMENTALI
1077 4041 1117 4093 cil
1145 4057 1196 4094 nos
1224 4040 1255 4091 in
1284 4039 1463 4107 adoptionem
1491 4038 1616 4102 tiliorum
1646 4038 1709 4090 Dei
1735 4056 1789 4107 per
1816 4039 1882 4092 les

482 4132 705 4199 EGGLESI
713 4132 786 4198 AB,
1079 4125 1220 4180 Christum
1237 4125 1267 4178 in
1288 4124 1380 4192 ipsum
1397 4124 1548 4176 seeundum
1562 4124 1743 4194 propositum
1763 4126 1882 4180 solnta

1076 4230 1157 4278 suac3
1183 4228 1209 4265 v.
1233 4215 1261 4266 6:
1287 4211 1317 4263 in
1345 4210 1459 4263 laudem
1479 4211 1623 4279 gloriosae
1641 4211 1755 4279 gratiae
1774 4227 1854 4273 suae,

251 4309 291 4358 st.
328 4301 418 4357 Causa
442 4300 565 4355 efficiens
584 4301 745 4372 principalis
763 4302 896 4357 ecclesiae
914 4307 956 4355 est
974 4299 1048 4356 Deus
1061 4302 1064 4353 Ι
1076 4316 1132 4367 aaa
1156 4305 1253 4367 aratos
1276 4304 1302 4348 el
1326 4295 1445 4349 dilevlot
1462 4313 1513 4350 ⁷208
1531 4296 1627 4349 babuit
1644 4297 1675 4350 fn
1694 4297 1812 4360 ἆῐίθθίοῐ
1834 4311 1861 4348 V·
1879 4294 1882 4308 ¹

216 4389 273 4444 sire
291 4393 349 4443 teta
361 4392 538 4442 sacrosancta
548 4386 680 4452 Trinitas,
696 4387 794 4456 Pater,
811 4388 906 4441 Filius
918 4393 943 4439 ct
958 4385 1048 4456 Spiri-
1061 4376 1063 4451 j
1075 4386 1105 4438 in
1130 4401 1183 4453 quo
1208 4384 1338 4436 babemus
1362 4382 1573 4445 redemtionem,
1595 4398 1650 4451 per
1669 4384 1831 4451 sangninem
1847 4375 1882 4445 eit

215 4486 257 4529 tus
280 4481 398 4528 sanctus.
436 4474 505 4528 Cum
524 4472 596 4528 enim
622 4473 749 4529 collectio
774 4473 907 4529 ecelesiae
925 4473 961 4526 sit
979 4490 1048 4544 epus
1059 4458 1063 4523 i
1074 4470 1265 4524 remissionem
1278 4474 1458 4538 peccatorum
1476 4473 1528 4522 ete.
1561 4473 1583 4523 2.
1603 4465 1675 4522 Tim.
1698 4474 1721 4539 1,
1738 4486 1763 4523 r.
1782 4475 1812 4524 s:
1830 4466 1882 4521 De*

103 4592 108 4605 ·
214 4561 358 4616 Trinitatis
389 4559 424 4614 ad
455 4567 546 4628 extra,
573 4559 636 4613 ideo
662 4560 790 4614 omnibus
812 4558 902 4613 tribus
925 4560 1048 4630 personis
1075 4556 1205 4611 liberauit
1223 4573 1274 4609 nee
1293 4562 1318 4607 et
1337 4553 1445 4607 uocauit
1461 4553 1606 4607 vocatione
1624 4562 1725 4607 sancta
1742 4573 1796 4610 non
1814 4563 1882 4608 meus

215 4646 361 4718 competit,
383 4652 490 4702 suram
509 4653 603 4700 umen
621 4645 717 4700 ordine
736 4653 764 4700 et
781 4646 937 4702 discrimine
957 4663 1047 4716 perso·
1075 4645 1142 4697 dum
1162 4659 1250 4711 opera
1267 4647 1380 4704 nostra,
1401 4641 1452 4694 sed
1469 4640 1620 4692 seeundum
1635 4642 1813 4710 propositum
1828 4649 1882 4694 met

216 4751 320 4788 uarum.
356 4731 440 4787 Pater
465 4749 521 4786 uns
548 4749 610 4785 eum
630 4730 701 4785 Filio
719 4737 747 4785 et
766 4732 872 4803 Spiritu
891 4738 986 4786 sancto
1004 4748 1048 4786 se·
1074 4737 1099 4781 et
1119 4729 1251 4796 aratiam,
1267 4744 1339 4798 quae
1355 4728 1425 4779 dato
1445 4733 1485 4778 eet
1501 4724 1581 4778 nobie
1599 4723 1755 4781 inClrrisle
1768 4733 1882 4782 antem

213 4825 323 4875 ternum
341 4817 410 4872 feeit
429 4817 570 4871 decretum
590 4816 624 4871 de
643 4815 800 4887 colligenda
819 4817 871 4872 sibi
883 4817 1001 4873 ecclesia
1015 4833 1047 4871 ex
1061 4861 1062 4881 2
1070 4832 1145 4885 pora
1163 4815 1319 4882 camelario,
1347 4831 1371 4867 v.
1389 4817 1434 4867 10:
1453 4811 1638 4875 manifestata
1657 4820 1751 4867 autem
1768 4830 1836 4867 nunc
1846 4822 1882 4881 pe

214 4920 315 4978 genere
332 4904 460 4972 humane,
478 4909 561 4974 atque
579 4901 630 4957 hec
649 4902 791 4957 decretum
810 4903 837 4956 in
857 4907 982 4973 tempore
1002 4918 1047 4957 ex·
1060 4901 1308 4975 {illuminationem
1331 4898 1482 4952 saluatoris
1508 4898 1600 4950 nostri
1621 4897 1693 4951 Jeeu
1717 4898 1834 4967 obsisti,
1852 4910 1882 4966 pt

212 4990 337 5064 sequitur
356 5007 406 5062 per
423 4988 602 5043 ministerium
622 4988 837 5043 ecclesiasticum
855 4987 987 5042 divinitus
1007 4987 1047 5040 in-
1060 4988 1063 5101 }
1074 4988 1211 5040 destrueit
1231 4993 1344 5039 mortem
1362 4993 1387 5038 et
1403 4984 1567 5038 illucescere
1582 4983 1652 5046 feeit
1663 4984 1749 5039 uitam
1762 4993 1788 5040 et
1799 4984 1882 5059 ieter

212 5077 338 5132 stitutum
357 5083 385 5132 et
404 5081 602 5137 conservatum,
621 5073 673 5127 hoc
694 5081 735 5129 est
753 5091 803 5144 per
813 5073 1047 5145 praedicationem
1060 5117 1063 5125 ,
1075 5079 1139 5126 elan
1156 5090 1208 5141 per
1228 5072 1409 5141 manipulum,
1427 5087 1450 5124 v.
1473 5075 1517 5125 11:
1539 5070 1569 5122 in
1588 5086 1641 5139 arro
1659 5072 1769 5139 pardus
1785 5089 1841 5126 urm
1851 5086 1882 5139 eat

212 5162 289 5217 verbi
315 5171 344 5217 et
372 5160 638 5217 administrationem
671 5167 912 5215 sacramentorum.
959 5159 1047 5214 Filius
1060 5210 1062 5234 Ι
1069 5161 1256 5229 praedicator
1274 5167 1300 5212 et
1320 5157 1475 5228 apostolus.
1515 5155 1547 5209 In
1566 5153 1609 5209 his
1627 5162 1656 5211 et
1675 5156 1811 5212 similibus
1825 5154 1882 5213 dieti

212 5249 304 5303 statim
331 5254 395 5322 post
423 5248 532 5319 lapsum
561 5246 769 5316 premissionem
798 5246 986 5317 evangelicam
1012 5240 1281 5325 deJeoujuuguntur
1302 5243 1472 5315 amplissima
1494 5240 1543 5296 ille
1568 5248 1595 5296 et
1613 5241 1811 5301 inenarrabilia
1825 5243 1882 5301 bu

213 5333 363 5389 mediatore
388 5335 513 5406 adeoque
537 5349 668 5387 arcanum
686 5330 755 5385 illud
775 5332 828 5387 Dei
848 5332 992 5385 consilium
1013 5332 1046 5386 de
1059 5331 1150 5411 jicio,
1179 5348 1250 5402 quae
1278 5337 1338 5385 tota
1361 5335 1538 5384 sacrosancta
1561 5326 1684 5382 Trinitas
1710 5329 1739 5384 in
1765 5329 1882 5386 ecelesias

212 5417 301 5473 salute
322 5418 464 5474 hominum
484 5419 663 5489 protoplastis
681 5417 815 5473 revelarit
833 5423 862 5473 et
879 5417 908 5471 in
927 5416 1045 5488 plenitu-
1058 5416 1061 5481 ἕ
1072 5417 1206 5489 impendit
1225 5422 1254 5471 et
1272 5433 1344 5487 quae
1361 5416 1390 5469 in
1410 5414 1528 5469 ecelesia
1545 5413 1760 5486 distribuuntur,
1780 5416 1882 5472 videliet

211 5503 275 5557 dine
301 5505 433 5576 temporis
460 5505 609 5559 humanam
632 5510 759 5558 naturam
784 5501 965 5574 personaliter
991 5503 1044 5558 sibi
1070 5503 1182 5572 electio,
1205 5502 1352 5570 mentio,
1376 5500 1499 5569 recede,
1521 5499 1708 5572 regeneratio,
1735 5500 1882 5559 illuminetis

210 5588 313 5664 univit,
335 5591 365 5646 in
387 5607 444 5665 qua
468 5587 644 5646 redemtionis
663 5606 733 5663 epus
751 5587 897 5662 perficiens
910 5589 996 5661 jussit
1014 5590 1043 5646 in
1066 5588 1243 5664 justificatio,
1270 5585 1466 5657 sanctificatio,
1490 5584 1658 5658 glorificatio
1681 5592 1736 5646 ete.
1771 5587 1882 5660 Quanti
