4004 6022
228 207 288 266 sos
468 238 471 242 -
502 256 505 262 ,
792 195 913 254 Locus
933 177 1136 252 monemus
1156 191 1355 252 monnone

227 353 328 411 deinde
344 353 488 426 exquisite,
508 352 617 424 proprie
637 357 665 408 st
682 350 887 422 principaliter,
914 359 941 406 et
958 351 998 405 sic
1015 366 1058 405 so·
1085 349 1212 420 corporis
1231 347 1346 417 Christi,
1364 346 1498 418 omitum
1518 347 1617 400 munet
1632 348 1674 400 acl
1686 346 1825 400 rationem
1839 363 1921 400 men·

227 439 268 495 los
295 440 396 497 electos
419 440 476 496 sive
499 447 608 494 sanctos
627 439 656 492 in
674 438 720 492 illo
741 443 822 493 coetu
841 441 987 498 numerati
1026 437 1059 491 ln
1085 436 1136 495 hri,
1158 444 1187 488 nt
1204 443 1331 503 estpars
1350 436 1489 502 quaedam
1507 433 1564 485 nivi
1580 433 1724 502 coeperim
1752 441 1846 486 wmen
1865 450 1922 487 esee

228 543 299 597 resp.
321 528 357 581 ad
375 544 433 597 arg.
450 533 538 581 octav.
558 525 750 596 conqueritur,
770 525 853 577 ctiam
871 525 984 594 aliquos
1006 524 1059 578 Co·
1085 522 1229 575 unissima
1248 521 1370 575 membra
1385 521 1495 573 ratione
1508 519 1691 588 instrumenti,
1711 519 1744 571 id
1757 527 1797 572 est
1810 537 1924 589 papam

227 614 347 667 tirolicoc
375 615 478 679 finpera
505 594 577 665 dnae
601 612 747 679 ecclesias,
781 611 834 665 hoc
860 617 903 666 est
930 609 1059 680 amplecti
1086 617 1111 661 et
1138 610 1283 676 episcopos
1310 624 1369 661 ease
1391 624 1458 659 cero
1482 606 1578 674 capito
1603 612 1654 661 etc.
1694 604 1922 676 Respondemus:

228 698 431 754 distinctionem
457 698 485 751 in
511 698 656 752 ecclesiam
678 696 814 753 visibilem
839 704 868 752 et
884 695 1059 763 invisibilem,
1089 701 1109 749 l.
1128 694 1314 749 Bellarminus
1332 692 1495 760 excogitavit
1511 691 1583 747 hauc
1599 691 1812 756 distinctionem,
1833 693 1923 747 utob·

228 802 296 856 quos
320 801 383 839 cum
412 784 516 838 ibidem
533 784 655 839 refutare
674 784 808 852 instituit,
832 782 995 838 sententiam
1014 798 1059 837 eo·
1085 781 1173 836 tinere
1197 788 1304 851 posset,
1332 779 1416 835 etiam
1439 777 1542 833 malum
1565 776 1725 848 pontificem
1746 794 1807 832 esse
1831 779 1924 834 adhuc

227 889 288 926 rum
316 871 360 925 vel
382 870 498 924 maxime
529 869 681 926 confirmat.
725 870 793 924 Oum
817 870 986 924 Donatistae
1009 867 1059 934 (in-
1086 867 1220 921 ecclesiae
1244 873 1343 938 caput,
1370 865 1437 921 licet
1461 883 1517 920 non
1535 864 1571 919 sit
1587 865 1648 934 ejus
1665 881 1762 918 verum
1782 871 1811 919 et
1828 865 1923 919 vivum

227 959 297 1028 quit)
334 958 586 1021 calumniarentur,
625 956 785 1010 Catholicae
819 958 891 1010 cicae
928 955 1060 1009 ecclesias
1086 953 1246 1008 membrum.
1291 953 1337 1008 Sic
1361 953 1432 1008 enim
1459 951 1554 1007 scribit
1577 950 1723 1005 hocloco:
1761 951 1857 1006 Silta
1875 961 1922 1023 est,

219 1046 339 1112 secere,
365 1060 449 1096 atram
471 1060 542 1110 qaae
561 1043 637 1096 solos
657 1043 755 1106 bonos,
780 1042 869 1095 aliam
887 1060 957 1111 qaae
975 1042 1060 1093 ὂυπυε
1087 1039 1151 1104 (hoc
1175 1049 1230 1106 est,
1253 1038 1276 1093 si
1303 1038 1369 1093 muli
1387 1056 1443 1092 non
1462 1045 1526 1092 sunt
1544 1037 1669 1092 membra
1683 1054 1765 1103 vera,
1788 1055 1842 1092 nec
1860 1038 1924 1091 sim·

226 1148 288 1183 enni
304 1129 772 1197 mahscontineret,respondernnt
784 1126 932 1196 Catholici,
950 1145 1059 1180 senan·
1085 1126 1195 1196 pliciter
1222 1126 1344 1196 corporis
1375 1125 1520 1194 ecclesiae,
1552 1125 1601 1181 sed
1631 1132 1738 1180 tantum
1769 1125 1922 1179 secundum

226 1233 311 1284 paam
334 1217 407 1268 dnos
425 1215 557 1268 eccleciae
575 1200 741 1281 sonsniasse,
767 1216 819 1267 sed
837 1222 941 1267 tarnum
960 1214 1059 1268 distin·
1087 1212 1155 1282 quid
1173 1221 1201 1268 et
1219 1213 1379 1283 aequivoce,
1397 1219 1427 1265 ut
1448 1213 1549 1266 docent
1566 1211 1645 1264 multi
1666 1209 1814 1278 Catholici)
1832 1212 1923 1282 sequi-

226 1319 309 1369 paere
329 1310 429 1370 partes
448 1302 493 1354 oei
510 1309 636 1370 tempora
656 1301 807 1370 ecstasim,-
828 1309 928 1370 portea
948 1278 1146 1371 quidemitur,
1172 1300 1331 1369 pontificem
1363 1300 1466 1352 maliem
1495 1317 1551 1352 raon
1582 1314 1639 1350 csse
1667 1305 1750 1364 captet
1778 1298 1922 1351 eccleciae.

227 1389 295 1456 quia
313 1388 398 1441 aliter
417 1388 489 1449 boni,
509 1387 595 1441 aliter
615 1387 686 1440 mali
703 1389 744 1440 ad
756 1387 901 1440 eccleciam
911 1385 1141 1456 pertinenthed
1171 1386 1242 1441 male
1268 1394 1348 1440 cavet
1371 1384 1495 1456 pontifici
1517 1403 1566 1440 suo
1590 1383 1643 1439 hac
1660 1384 1807 1454 nugatoria
1826 1384 1921 1438 distin-

227 1475 293 1527 toni
316 1475 388 1526 enim
408 1481 472 1526 sont
488 1491 561 1542 pore
579 1473 697 1527 interior
715 1481 742 1526 et
761 1474 844 1542 quasi
861 1474 957 1526 animo
976 1473 1060 1526 eccle-
1087 1472 1186 1541 ctione,
1207 1478 1239 1525 ut
1256 1489 1289 1527 ex
1309 1472 1488 1542 sequentibus
1507 1471 1663 1542 apparebit
1696 1477 1720 1526 2.
1735 1470 1921 1527 concedimus

226 1561 294 1623 siae,
315 1561 387 1614 moli
403 1568 466 1612 sunt
480 1577 555 1628 pars
572 1561 692 1614 celerior
711 1567 736 1612 et
753 1561 836 1627 arraei
853 1577 956 1628 corpas
970 1566 995 1613 et
1008 1561 1059 1613 eia·
1087 1557 1159 1612 enirn
1185 1557 1287 1612 melum
1305 1558 1465 1628 pontificem
1483 1575 1516 1612 ac
1534 1558 1620 1612 malos
1640 1558 1785 1628 episcopos
1804 1575 1867 1614 ease
1882 1558 1922 1612 iu·

228 1647 292 1699 bont
313 1648 465 1715 ecentplam
485 1648 520 1699 de
537 1645 645 1700 homine
663 1646 797 1698 interiore
811 1653 837 1698 et
849 1646 992 1713 ecteriore,
1011 1647 1061 1714 qni
1086 1650 1250 1713 strumenta,
1271 1661 1320 1714 per
1339 1662 1411 1715 quae
1430 1644 1507 1700 Deus
1527 1645 1556 1698 in
1576 1644 1693 1699 ecclesia
1712 1644 1788 1714 agit,
1806 1645 1858 1699 sed
1876 1662 1921 1700 ne·

226 1750 282 1788 non
296 1741 360 1786 sant
377 1735 433 1786 dac
452 1732 585 1800 homines,
603 1733 655 1785 sed
672 1733 745 1784 dnae
761 1739 860 1801 partes
876 1733 1059 1802 ejusdemne·
1086 1746 1184 1799 gamus
1212 1747 1259 1785 eos
1285 1748 1346 1785 esse
1367 1747 1434 1786 vera
1458 1731 1579 1800 corporis
1606 1730 1730 1800 mystici,
1757 1729 1787 1783 id
1812 1737 1856 1784 est
1878 1747 1919 1786 ec·

131 1832 167 1875 η
180 1833 213 1876 π.
226 1819 316 1873 misire.
356 1820 496 1887 Tempora
516 1825 609 1870 ostem
626 1818 827 1887 delinquentes
845 1819 988 1885 dicebam,
1006 1819 1059 1871 ali·
1085 1815 1186 1871 clesiac
1211 1816 1364 1872 catholicae
1381 1817 1492 1888 proprie
1512 1817 1678 1885 uindictae,
1703 1817 1836 1871 membra.
1873 1817 1921 1870 Di·

226 1913 269 1959 ter
294 1921 352 1958 esse
376 1922 463 1968 nunc,
488 1905 571 1957 aliter
591 1905 720 1970 fetorem
736 1913 801 1973 poet
820 1896 1253 1973 resurrectionem‚}stinguenda
1277 1903 1349 1958 enim
1373 1912 1486 1959 externa
1510 1902 1642 1959 ecclesiae
1662 1903 1867 1958 administratio
1884 1903 1922 1958 ab

225 2010 298 2045 mma
321 1992 393 2044 enim
418 1991 500 2044 lohet
526 1991 610 2044 bonos
637 1999 663 2044 et
689 1991 793 2059 malm,
820 1999 883 2044 tnnc
905 1992 1060 2044 nonhabet
1085 1988 1193 2042 iuterna
1217 1989 1342 2059 ejusdem
1365 1988 1565 2044 communione.
1604 1987 1672 2043 Mali
1691 1989 1813 2059 episcopi
1833 1998 1921 2045 exter·

225 2079 282 2133 nisi
299 2078 392 2132 honos.
427 2076 516 2148 Atqui
538 2077 635 2133 eadem
649 2077 733 2131 etiam
748 2084 791 2132 est
807 2084 901 2131 nostra
914 2076 1058 2140 sententia,
1085 2091 1149 2128 nam
1186 2075 1451 2130 administrationem
1488 2076 1735 2130 ecclesiasticorum
1765 2074 1921 2132 officiorum

226 2163 312 2218 malm
346 2163 382 2217 ad
411 2171 552 2219 externam
580 2163 713 2219 ecclesiae
737 2163 895 2218 societatem
921 2162 1220 2287 pertinerslsustinere
1238 2171 1361 2232 possunt,
1380 2162 1429 2216 sed
1448 2162 1484 2215 ad
1502 2161 1637 2216 internam
1650 2162 1784 2217 ecclesiae
1798 2180 1920 2219 commu·

227 2249 412 2317 concedimus,
432 2250 481 2304 sed
494 2249 530 2303 ab
543 2250 651 2304 interna
670 2249 853 2320 acspiritnali
867 2247 1193 2303 communionenionem
1221 2266 1276 2303 non
1296 2249 1449 2319 pertinent,
1478 2248 1596 2319 ideoque
1619 2264 1670 2302 nec
1697 2249 1823 2304 membra
1845 2258 1919 2306 sunt

226 2335 351 2391 exclusos
372 2352 431 2390 esse
451 2335 581 2404 dicimus,
603 2336 678 2405 quod
695 2335 786 2406 ipsum
805 2334 968 2389 confirmant
985 2334 1057 2388 simi·
1086 2342 1107 2389 3.
1118 2332 1191 2389 Sane
1209 2335 1332 2392 membra
1344 2336 1456 2391 humani
1476 2337 1598 2406 corporis
1616 2342 1681 2390 sunt
1698 2344 1773 2392 certo
1789 2347 1921 2408 respectu

225 2419 373 2485 litudines,
403 2439 473 2492 quas
498 2438 531 2476 ex
554 2422 712 2492 Augustino
728 2421 913 2476 Bellarminus
934 2421 1058 2488 adducit,
1086 2420 1211 2490 ejusdem
1228 2421 1419 2491 instrumenta,
1439 2423 1488 2476 scd
1506 2439 1540 2476 ex
1559 2439 1591 2476 eo
1609 2423 1809 2493 uousequitur,
1828 2424 1922 2479 omnis

224 2506 264 2562 sic
287 2507 360 2562 enim
378 2525 458 2579 porro
477 2508 586 2562 scribit:
624 2509 708 2561 Hanc
729 2509 888 2561 doctrinam
906 2509 980 2560 idem
999 2508 1057 2560 Am
1077 2498 1267 2562 ¹instrumenta
1291 2526 1351 2564 esse
1377 2509 1460 2562 etiam
1482 2509 1619 2578 mombra3
1646 2508 1782 2573 calamus,
1814 2510 1922 2579 charta,

224 2597 350 2662 pectinos
368 2594 440 2648 alibi
454 2611 539 2662 saepe
556 2597 703 2659 confirmat
723 2602 748 2648 et
763 2596 852 2647 uariis
866 2594 1057 2648 similitudini·
1083 2600 1266 2649 atramentum
1296 2593 1409 2649 fuerunt
1436 2594 1620 2648 instrumenta
1647 2594 1824 2664 Bellarmini‚
1857 2616 1920 2653 curn

225 2682 275 2734 bae
298 2681 427 2750 explicat.
468 2681 543 2733 Nam
567 2681 614 2734 lib.
639 2687 660 2735 t.
686 2689 784 2734 contra
800 2681 944 2734 Donatist.
971 2699 994 2734 c.
1014 2685 1057 2734 51.
1083 2679 1152 2736 baec
1175 2680 1321 2749 scriberet,
1350 2699 1416 2735 num
1441 2697 1504 2735 vero
1528 2680 1614 2750 ipsius
1643 2681 1767 2736 membra
1784 2682 1920 2739 fuerunt?

226 2768 305 2833 aaa,
325 2767 410 2819 bonos
427 2766 468 2818 sic
487 2782 545 2819 ease
563 2767 593 2818 in
611 2767 694 2819 domo
712 2767 777 2832 Dei,
796 2783 866 2835 qnae
880 2768 1057 2834 estecclesio,
1083 2766 1160 2822 Deus
1184 2767 1270 2821 utitur
1295 2784 1379 2837 opera
1405 2766 1509 2820 diaboli
1532 2767 1561 2821 in
1584 2767 1731 2837 puniendis
1752 2768 1920 2836 hominibus,

225 2861 256 2906 at
281 2853 339 2921 ipsi
365 2854 421 2905 sint
448 2854 547 2906 domas
563 2853 623 2906 Dei
639 2860 800 2905 constructo
816 2871 849 2905 ee
865 2853 934 2907 vivis
952 2854 1058 2922 lapidi·
1083 2870 1150 2906 num
1169 2869 1234 2907 vero
1254 2852 1391 2922 dicemus,
1414 2852 1555 2907 diabolum
1572 2870 1631 2908 esse
1652 2870 1747 2907 verum
1763 2854 1818 2910 Dei
1836 2873 1919 2910 mem-

227 2940 291 3003 tos,
315 2939 406 2991 moloc
423 2939 465 2991 sic
482 2955 540 2992 eece
558 2940 587 2991 in
606 2939 703 2992 eadem
723 2941 819 3006 domo,
844 2940 950 3009 stipsi
968 2948 1058 2993 taisson
1084 2937 1184 2993 hrum?
1221 2938 1338 3004 Quando
1358 2956 1425 3009 orgo
1441 2938 1626 2995 Bellarminus
1646 2940 1721 3006 dicit,
1740 2942 1845 2996 molam
1861 2945 1918 3012 epi-

227 3042 283 3078 non
300 3025 357 3076 sint
375 3025 480 3077 domae.
503 3023 564 3077 Ltt.
585 3025 621 3076 dc
639 3025 731 3077 amitat
755 3025 887 3078 ecclesiae
907 3044 930 3080 c.
948 3025 996 3080 ult.
1015 3026 1058 3078 di·
1083 3043 1197 3093 scopcm
1223 3044 1279 3079 reon
1303 3043 1361 3079 esse
1384 3043 1478 3080 oerum
1502 3028 1650 3080 membrum
1668 3030 1778 3082 ratione
1797 3030 1920 3098 mentri,

227 3112 273 3180 cit,
292 3110 382 3165 malos
400 3127 458 3164 esse
471 3110 619 3178 praecisos
634 3111 669 3162 alr
682 3110 813 3163 eccclesia
826 3110 928 3179 aninlo,
946 3129 1000 3166 non
1015 3120 1057 3164 ta·
1083 3120 1113 3164 at
1130 3120 1171 3167 est
1185 3130 1259 3181 pars
1278 3115 1417 3182 qstaedam
1434 3115 1490 3167 civi
1509 3115 1652 3183 corporis,
1678 3116 1730 3168 aad
1745 3123 1854 3168 tantam
1871 3135 1920 3170 ra·

225 3215 287 3252 men
307 3194 439 3266 corpori,
468 3196 730 3266 moderamno,
751 3198 895 3266 pertinere
913 3199 955 3251 ad
973 3199 1058 3251 lomi·
1083 3197 1158 3252 tione
1181 3199 1370 3263 instrumenti,
1397 3199 1507 3269 reipsa
1527 3200 1607 3267 dicit,
1632 3199 1737 3254 malum
1757 3200 1919 3272 episcopum

226 3301 288 3339 nem
307 3285 469 3339 anteriorem
487 3284 628 3348 ccclesiae,
648 3301 705 3337 non
725 3291 814 3338 tamen
832 3286 873 3339 ad
889 3284 1058 3338 interiorem.
1083 3302 1138 3338 non
1165 3301 1225 3340 esse
1256 3285 1423 3355 membrum,
1459 3286 1508 3340 sed
1535 3286 1671 3342 duntaxat
1697 3288 1918 3344 instrumentum.

225 3373 286 3426 Lib.
294 3375 322 3428 3.
336 3374 371 3425 de
383 3375 470 3426 doctr.
484 3371 584 3429 Christ.
600 3389 623 3424 c.
637 3373 684 3425 32.
697 3371 840 3439 explicans
852 3371 929 3424 illud
940 3370 1020 3427 Cant.
1033 3376 1057 3426 1.
1085 3379 1108 3426 4.
1128 3371 1261 3436 Quaestio
1280 3379 1323 3427 est
1338 3372 1486 3444 generalis,
1505 3380 1596 3428 utrum
1609 3373 1674 3428 mali
1688 3375 1744 3429 sint
1757 3393 1824 3430 vera
1835 3395 1919 3433 mem·

224 3461 310 3529 nipro
329 3477 403 3525 sans,
430 3460 482 3512 sed
492 3459 642 3526 formosa,
668 3458 738 3512 eicnt
755 3458 938 3511 tabernaculo
956 3456 1058 3526 Cedor,
1084 3457 1135 3512 bra
1147 3455 1285 3514 'ecclcsiae
1305 3458 1473 3527 catholicae,
1490 3460 1605 3529 proinde
1623 3461 1706 3515 ctiam
1725 3461 1854 3532 probatio
1872 3464 1917 3519 de

226 3547 298 3601 siout
311 3545 404 3613 pelles
418 3544 587 3613 Salomonis,
603 3552 690 3612 stotat,
707 3562 764 3596 non
783 3561 840 3598 esse
860 3545 963 3597 dictam
973 3546 1058 3613 nipro
1083 3542 1169 3598 bebat
1180 3562 1241 3599 csse
1253 3545 1400 3616 generalis.
1422 3544 1478 3600 Sed
1488 3545 1650 3601 Bellsrmini
1662 3547 1803 3603 distinctio
1816 3549 1916 3605 dunta-

224 3632 280 3700 fni,
297 3632 349 3684 secl
367 3632 451 3700 nipro
469 3648 530 3684 snm
548 3639 572 3683 et
586 3631 724 3699 formoso,
744 3632 811 3700 quia
830 3632 893 3700 epea
906 3650 963 3684 csta
974 3639 1000 3685 et
1012 3649 1056 3685 ea·
1083 3636 1132 3684 xat
1143 3631 1179 3685 de
1191 3631 1269 3685 malis
1282 3631 1419 3702 episcopis
1433 3650 1467 3687 ac
1478 3633 1557 3687 malis
1568 3632 1700 3703 praelatis
1713 3634 1781 3704 agit,
1799 3653 1916 3706 quorum
1930 3643 1962 3683 xl
1975 3634 1998 3679 tt

226 3719 289 3772 &m
307 3716 424 3770 ecclesia
442 3733 515 3771 traso
536 3724 576 3771 est
593 3718 687 3784 cipro,
714 3717 786 3771 sicia
804 3718 989 3772 tabernacola
1008 3718 1056 3772 Ce-
1083 3733 1167 3786 opere
1185 3716 1261 3771 Deus
1282 3717 1312 3772 in
1329 3717 1446 3773 ecclesia
1466 3718 1563 3788 utitur,
1583 3720 1663 3789 quasi
1681 3736 1746 3774 vero
1762 3719 1832 3775 nulli
1852 3723 1917 3778 mali

226 3805 282 3858 aar
298 3795 417 3872 propter
429 3811 607 3871 peccatores,
631 3819 699 3871 qnae
717 3804 747 3857 in
763 3821 792 3857 se
812 3805 907 3868 told,
928 3812 953 3856 et
972 3804 1057 3858 sitnnl
1083 3802 1176 3857 sintin
1189 3803 1788 3876 ecclesiallomanapraetersolosepiscopos
1799 3815 1827 3861 et
1836 3827 1916 3879 prae-

226 3899 265 3944 eat
287 3890 430 3958 formosa,
455 3888 525 3943 simet
546 3889 640 3958 pelles
665 3889 837 3957 Salomonis,
865 3891 899 3943 id
921 3899 962 3944 est
987 3893 1057 3944 sieut
1083 3888 1154 3943 latos
1168 3889 1272 3944 malos?
1290 3889 1630 3960 DisputatBellarminus,
1647 3911 1702 3945 non
1716 3894 1845 3948 emotis
1858 3896 1915 3965 epi·

225 3975 350 4030 tentoria
365 3976 441 4044 repis
454 3983 572 4044 propter
585 3977 677 4044 honos,
697 3994 765 4045 prece
775 3977 806 4028 in
816 3992 845 4029 cc
857 3976 948 4031 hahet.
974 3977 1056 4031 idem
1082 3977 1175 4045 scopes
1201 3984 1314 4044 tantum,
1332 3977 1484 4030 sedetiam
1503 3979 1658 4047 cepopulo
1675 3979 1750 4033 rnolo
1769 3981 1914 4035 ecclesiam

225 4063 341 4129 Asperat.
359 4069 438 4116 tract.
456 4064 483 4115 3.
504 4062 534 4114 in
555 4063 634 4131 eps'st.
653 4063 719 4119 doh.
735 4064 821 4130 docet,
840 4063 931 4116 malos
949 4081 1007 4116 esse
1027 4067 1056 4119 in
1083 4070 1211 4116 constare
1217 4084 1227 4131 ,·
1248 4061 1395 4133 oportebat
1412 4079 1478 4132 ergo
1498 4063 1581 4116 talem
1597 4062 1689 4118 afferri
1703 4064 1915 4136 distinctionem,

225 4148 359 4203 molesios
376 4163 506 4216 corpore,
528 4166 584 4200 non
601 4157 632 4200 nt
648 4148 785 4213 risembro,
812 4150 864 4201 sed
880 4157 910 4202 ut
927 4151 1056 4205 tumores
1083 4164 1156 4218 quae
1175 4147 1301 4202 omnibus
1322 4148 1432 4202 omnino
1453 4147 1531 4202 malis
1556 4149 1585 4201 in
1609 4149 1725 4205 ecclesia
1747 4153 1915 4221 conveniret,

225 4241 381 4303 corruptos,
399 4235 448 4302 oni
464 4251 562 4287 revera
579 4242 644 4287 sant
661 4235 690 4287 in
705 4251 824 4302 corpore
843 4243 868 4288 et
886 4242 977 4290 tannen
992 4248 1057 4292 sant
1082 4233 1146 4290 talis
1164 4241 1291 4304 nonest,
1315 4251 1398 4305 quarn
1417 4235 1600 4291 Bellarminus
1619 4237 1746 4305 adducit,
1766 4255 1823 4293 non
1843 4239 1915 4294 enim

225 4320 309 4374 etiam
325 4336 388 4373 oere
407 4320 535 4388 separati
548 4337 567 4372 a
585 4320 713 4373 membris
728 4321 865 4389 corporis.
887 4320 950 4378 Non
965 4331 1057 4393 potest
1083 4323 1211 4377 convenit
1236 4322 1316 4376 malis
1337 4321 1431 4389 laicis,
1457 4322 1505 4392 qui
1528 4339 1583 4376 non
1606 4331 1721 4395 possunt
1741 4325 1797 4379 dici
1813 4327 1913 4380 instru-

225 4405 379 4460 evidentius
397 4421 430 4458 ac
447 4405 548 4460 clarius
566 4405 703 4460 sententia
723 4413 818 4460 nostra
836 4408 948 4477 exponi,
973 4427 1056 4479 quam
1084 4416 1178 4466 merita
1198 4425 1231 4464 ac
1248 4407 1363 4478 proinde
1380 4424 1432 4462 nec
1451 4408 1575 4464 membra
1592 4411 1731 4466 ecclesiae
1763 4419 1787 4467 5.
1807 4411 1836 4467 Si
1848 4412 1914 4466 mali

224 4490 301 4547 hisce
320 4490 548 4545 similitudinibus
565 4490 602 4546 ab
615 4491 773 4561 Augustino
787 4490 900 4560 lactum,
910 4511 979 4564 quas
993 4514 1056 4550 cum
1083 4494 1213 4565 praelati,
1237 4492 1302 4563 quia
1321 4498 1386 4548 sunt
1405 4493 1588 4552 instrumenta
1605 4497 1755 4568 operativa,
1767 4497 1913 4567 judicandi

225 4577 410 4632 Bellarminus
434 4576 548 4647 probet,
573 4577 737 4633 sententiam
759 4584 880 4634 nostram
900 4581 1056 4652 improbare
1083 4598 1116 4636 ac
1135 4580 1244 4637 dicendi
1262 4584 1328 4635 sunt
1345 4597 1410 4635 vera
1428 4582 1552 4638 membra
1563 4584 1703 4652 ecclesiae,
1723 4591 1914 4656 consequetur,

224 4680 281 4719 non
297 4662 405 4734 poterit
1083 4685 1169 4722 unum
1198 4665 1371 4737 eundemque
1396 4666 1534 4724 homiuem
1559 4686 1618 4724 esse
1641 4687 1736 4725 verum
1760 4670 1913 4727 membrum

96 4752 199 4847 attat
260 4754 301 4805 oo.
332 4748 387 4803 Sed
414 4749 519 4820 profert
538 4748 722 4803 Bellarminus
746 4749 885 4820 quandam
904 4751 1055 4809 distinctio·
1083 4752 1184 4809 Christi
1203 4760 1231 4808 et
1249 4768 1344 4807 verum
1360 4753 1512 4809 membrum
1529 4755 1648 4824 diaboli,
1665 4755 1741 4827 quod
1758 4764 1801 4810 est
1818 4757 1912 4813 absur-

98 4857 196 4898 tument.
223 4850 300 4901 nom,
334 4852 391 4906 qua
412 4840 495 4906 putat
524 4833 642 4889 obtineri
664 4850 759 4904 posse,
790 4835 876 4890 malos
905 4854 965 4894 esse
990 4856 1056 4894 vera
1083 4841 1157 4895 dum.
1194 4840 1335 4893 Domnoti
1353 4858 1408 4893 non
1433 4850 1496 4893 sont
1516 4843 1546 4894 in
1563 4859 1680 4911 corpore
1700 4841 1812 4897 Otrtstt.
1848 4847 1914 4900 Non

223 4922 347 4978 membre
365 4922 497 4977 ecclesiae
516 4921 675 4976 catholicae.
711 4924 841 4978 Membra
862 4922 972 4996 (inquit)
993 4944 1055 4980 con·
1083 4927 1154 4982 enim
1170 4935 1261 4995 potest
1275 4926 1403 4980 Christus
1414 4927 1516 4981 lohere
1528 4929 1650 4981 rrrentlro
1663 4929 1806 4999 moenaio,
1825 4930 1915 5003 inquit

223 5005 483 5079 imcompositam
501 5009 608 5062 duoles
628 5009 733 5062 modis.-
762 5028 817 5065 ano
836 5013 927 5080 modo,
946 5021 977 5067 nt
992 5022 1055 5068 sant
1083 5011 1257 5084 Augustinus
1276 5011 1323 5067 lib.
1336 5018 1360 5070 2.
1378 5014 1664 5070 contraCresconium
1676 5033 1699 5071 c.
1712 5020 1753 5071 21.
1774 5015 1914 5073 Couuexio

223 5113 269 5150 res
287 5099 427 5165 quaedam
445 5097 601 5176 'secandum
619 5113 649 5149 se
667 5098 724 5152 sive
743 5100 894 5152 secandam
911 5100 1055 5154 essentiam
1082 5105 1171 5170 patet,
1188 5100 1254 5170 quia
1272 5115 1368 5154 verum
1384 5099 1537 5155 membrum
1555 5101 1688 5156 ecclesias
1705 5101 1857 5157 catholicae
1872 5111 1914 5160 est

224 5198 258 5234 ac
277 5183 461 5237 entsmntram
481 5199 580 5252 snam,-
606 5183 697 5257 altero
715 5188 811 5254 modo,
828 5194 858 5239 at
876 5194 939 5240 sont
954 5187 1054 5240 instra
1083 5186 1166 5242 etiam
1185 5203 1281 5242 verum
1299 5185 1452 5242 membrum
1471 5185 1580 5242 Christi.
1613 5187 1652 5244 Ut
1670 5188 1743 5244 enim
1762 5189 1913 5260 spiritualis

223 5277 315 5323 mente
338 5271 491 5339 operativa.
528 5269 602 5324 Illud
625 5278 723 5342 postea
746 5272 787 5327 sic
806 5273 940 5344 applicat:
970 5275 1055 5340 Deba,
1083 5278 1125 5327 est
1150 5273 1308 5344 conjunctio
1333 5272 1405 5329 inter
1433 5279 1518 5344 caput
1544 5280 1571 5329 et
1597 5275 1721 5330 membra
1743 5275 1773 5330 in
1796 5279 1913 5348 mystico

223 5355 384 5423 episcopum
409 5357 526 5426 malm,
553 5359 746 5428 presbyteram
769 5358 887 5428 molam,
915 5360 1055 5415 doctorem
1083 5358 1185 5416 Christi
1202 5376 1331 5430 corpore,
1354 5360 1395 5415 ita
1412 5376 1522 5430 qnoque
1539 5360 1693 5432 spiritualis
1712 5371 1754 5418 est
1770 5365 1912 5435 conjuntio

223 5439 329 5494 indam
361 5457 418 5495 esse
442 5443 564 5498 membra
589 5452 700 5499 mortno
723 5452 750 5500 et
769 5445 894 5513 proinde
914 5463 970 5500 nos
987 5462 1054 5501 ocra
1081 5446 1267 5503 membrorum
1286 5448 1358 5502 inter
1374 5463 1405 5502 ss
1419 5445 1545 5516 invicem,
1565 5447 1682 5518 proinde
1701 5448 1750 5521 qui
1761 5456 1804 5506 est
1817 5467 1912 5506 verum
