4004 6022
176 348 234 414 l2⁰
765 342 887 400 LOCUS
905 338 1118 398 Vtctstrtus'
1128 340 1272 398 PRIMUS

170 501 267 575 inccta
288 514 404 569 coenae,
429 497 477 572 qui
504 502 547 553 est
567 494 682 552 nutritio
700 496 851 568 spiritualis
869 494 1007 551 advitam
1037 494 1091 549 stia
1107 512 1163 550 nou
1181 499 1353 566 proponatur
1371 494 1466 566 aliqua
1482 493 1551 548 visio
1569 493 1615 548 vel
1633 494 1786 566 apparitio,
1807 513 1877 568 qus·

171 593 320 643 aeternam.
357 585 428 641 Item
452 585 524 638 sicut
545 583 625 654 panis
646 587 688 639 est
706 583 864 639 substantia
882 600 897 639 e
915 581 1009 637 multis
1036 581 1070 635 lis
1106 581 1160 635 fuit
1191 579 1309 651 Spiritus
1341 581 1430 636 sancti
1461 581 1491 634 iu
1520 580 1612 651 specie
1644 580 1791 637 columbae
1828 581 1875 639 de·

172 672 267 745 granis
285 671 419 733 collecta,
439 671 533 725 vinnm
552 678 595 725 est
611 669 768 724 substantia
786 685 819 724 ex
838 669 932 723 multis
949 667 1010 721 uris
1037 667 1211 735 scendentis,
1229 684 1320 738 neque
1342 666 1479 738 quaedam
1498 665 1596 738 ligura,
1614 680 1698 737 typus
1717 672 1747 722 et
1765 684 1876 740 reprae-

174 775 316 828 expressa3
346 760 386 813 ita
408 774 496 811 unum
515 772 615 828 corpus
637 754 806 824 efficiuntur,
836 753 1010 827 quidenna
1037 752 1170 821 tentatio,
1192 753 1282 824 qualis
1303 752 1358 808 init
1382 770 1494 824 serpens
1519 768 1636 820 senens,
1663 753 1713 808 sed
1736 754 1876 810 sanctissi-

174 861 246 916 paue
263 845 437 917 participant
473 842 583 897 Athea
602 841 750 912 analogiae
768 858 861 896 omnes
878 840 1011 895 tolluntur
1038 856 1112 893 mum
1135 846 1354 906 sacramentum,
1378 839 1414 893 ad
1436 839 1512 910 quod
1536 839 1686 910 requiritur
1702 839 1743 895 rel
1759 856 1816 895 nou
1834 856 1876 897 so·

173 947 224 1003 per
256 928 602 986 trarnsnbstsutiationem.
645 926 756 982 Etenim
789 928 812 981 si
852 927 933 997 panis
969 931 1012 980 est
1038 925 1094 979 lurn
1111 925 1248 992 coelestis,
1268 926 1318 980 sed
1335 931 1364 979 et
1382 933 1506 981 terrenae
1525 927 1634 991 veritas,
1652 932 1684 981 ut
1700 926 1769 981 unio
1785 941 1877 983 sacra·

174 1016 359 1073 essentialiter
377 1017 469 1086 ipsum
488 1032 590 1086 corpus
604 1013 714 1076 Christi,
733 1012 845 1084 proprie
863 1011 1010 1083 loquendo,
1038 1011 1166 1067 mentalis
1188 1012 1281 1066 locum
1300 1012 1402 1067 habere
1422 1012 1517 1082 possit.
1553 1013 1716 1084 Repetimns
1730 1013 1818 1086 igitur
1834 1030 1877 1070 ar·

173 1120 229 1159 nou
258 1104 311 1158 erit
344 1102 483 1169 medium,
519 1118 569 1171 per
599 1099 674 1173 qnod
706 1099 881 1154 distribuitur
912 1113 1011 1167 corpus
1037 1108 1198 1170 gementum
1217 1098 1291 1153 Sonti
1312 1114 1345 1152 ex
1365 1097 1528 1154 Ambrosios
1557 1099 1594 1153 Is
1612 1107 1788 1154 samamesto
1806 1101 1878 1155 seri·

174 1186 286 1244 christi,
330 1188 374 1243 Ac
400 1186 583 1259 proprietates
611 1184 676 1238 illae
705 1201 760 1239 non
788 1190 903 1255 possunt
925 1183 1010 1236 tribui
1038 1186 1104 1238 tetr's
1126 1203 1181 1238 non
1204 1184 1284 1239 debet
1303 1201 1363 1239 esse
1384 1185 1502 1250 fulsum.
1543 1187 1582 1240 Ae
1606 1186 1634 1240 si
1655 1188 1729 1241 desit
1749 1187 1878 1242 moues·

174 1274 256 1329 nudis
282 1274 473 1330 accidentibus
503 1271 582 1342 panis
609 1278 637 1326 ct
661 1270 726 1327 riui.
765 1270 951 1325 Bellarminus
975 1267 1011 1322 ad
1038 1271 1080 1324 tia
1098 1273 1197 1340 panse,
1219 1272 1274 1324 erit
1295 1272 1414 1336 falsitas
1437 1272 1467 1325 iu
1490 1273 1690 1327 accidentibus.
1736 1275 1877 1329 Aeciden-

175 1360 332 1433 analogiam
358 1358 540 1431 principalem
569 1354 638 1411 nihil
664 1356 826 1426 respondet,
856 1355 894 1409 ad
920 1354 1011 1408 miuus
1038 1360 1078 1412 tic
1097 1359 1170 1411 enim
1188 1366 1301 1412 esterna
1321 1365 1385 1411 suat
1403 1359 1549 1412 naturalia
1569 1359 1653 1427 sipna
1671 1359 1799 1415 interme
1815 1362 1877 1416 sab·

174 1445 340 1519 principales
366 1445 418 1501 hoc
435 1444 552 1516 regerit,
581 1460 636 1496 non
653 1443 774 1514 requiri,
801 1450 831 1496 ut
846 1442 932 1511 panis
949 1457 1012 1494 sere
1038 1445 1165 1497 stantiae.
1208 1442 1393 1500 Bellarminus
1417 1444 1520 1515 regerit
1539 1460 1563 1499 c.
1584 1451 1625 1500 tt.
1645 1458 1718 1516 resp.
1739 1446 1776 1501 ad
1795 1462 1877 1517 argu·

174 1534 283 1587 nutriat
304 1541 332 1586 et
358 1548 391 1584 ea
413 1530 508 1584 maltis
532 1531 630 1599 pransis
649 1537 765 1597 constet,
788 1530 841 1582 sed
857 1529 927 1580 sotis
946 1544 1013 1595 esar,
1039 1537 1161 1584 mentum
1180 1536 1203 1586 5.
1219 1531 1287 1600 fieri
1302 1546 1391 1601 supra
1407 1532 1535 1583 ordinem
1555 1540 1684 1600 notar-ae,
1702 1541 1732 1586 ut
1749 1534 1800 1586 sab
1817 1535 1879 1590 iilis

174 1620 203 1673 si
228 1617 400 1672 naturaliter
424 1624 613 1686 repraesentet
640 1633 711 1682 rem,
737 1632 810 1684 quus
832 1614 1012 1682 certauerit,
1039 1616 1232 1670 accidentibus
1258 1617 1329 1669 desit
1353 1616 1509 1671 ιιιόιιαιιιία
1527 1618 1620 1685 panis.
1656 1617 1745 1690 Atqui
1762 1617 1817 1674 hac
1834 1634 1878 1676 ra·

174 1704 459 1777 repraesentationem
491 1711 583 1755 autem
613 1710 639 1755 et
669 1701 899 1772 sipnifioationem
932 1700 1013 1753 illam
1039 1702 1113 1757 tione
1132 1700 1235 1771 petitur
1254 1700 1421 1771 principium
1440 1709 1468 1756 et
1485 1710 1579 1757 manet
1591 1703 1751 1770 absurdum,
1770 1705 1880 1764 scilicet

171 1792 241 1862 fieri
259 1807 315 1859 per
341 1789 510 1843 accidentia.
545 1786 738 1842 Declaratouis
756 1801 842 1841 causa
859 1784 940 1840 affert
960 1786 1015 1839 duo
1039 1803 1123 1858 supra
1142 1794 1258 1842 naturae
1275 1786 1401 1841 ordinem
1417 1785 1485 1855 fieri,
1504 1795 1537 1842 ιιι
1556 1789 1594 1842 ιιι
1610 1788 1715 1861 aliquid
1733 1789 1876 1848 falsumiu

178 1874 318 1946 exempla:
348 1874 474 1944 Spiritus
499 1881 613 1927 senetur
642 1875 780 1944 apperuit
804 1874 834 1926 in
858 1874 949 1942 specie
970 1889 1014 1924 co·
1040 1879 1211 1928 sacramento
1230 1872 1361 1927 ιιιιιιιὶι.
1396 1872 1494 1944 Neque
1513 1874 1666 1947 quidquam
1682 1878 1815 1933 momenti
1829 1878 1878 1933 lta·

178 1961 288 2016 lamiae
312 1962 346 2014 ol>
372 1960 536 2028 enalopiam
559 1960 633 2013 inter
656 1960 812 2014 columbam
831 1967 858 2011 et
879 1958 1014 2028 Spiritum
1041 1960 1089 2014 bet
1118 1957 1252 2031 effugium
1283 1957 1460 2028 Bellarmini,
1493 1963 1571 2030 qssod
1596 1963 1680 2015 etiam
1707 1965 1801 2018 saneti
1824 1965 1881 2021 oiri

177 2056 317 2114 tenattem,
344 2055 370 2101 et
395 2054 487 2100 tamen
505 2063 562 2100 non
582 2047 742 2116 opressit,
767 2054 797 2098 nt
817 2044 869 2099 illa
890 2045 1016 2098 colrsmba
1038 2046 1235 2115 fallebantur,
1264 2046 1314 2114 qai
1343 2046 1460 2115 anpslos
1492 2047 1522 2100 in
1551 2049 1643 2117 specie
1670 2048 1797 2105 bumana
1826 2052 1884 2106 ss'ts·

178 2143 249 2188 esset
275 2150 343 2187 nera
366 2134 494 2188 columba
519 2134 617 2203 qesoad
640 2132 839 2198 arietantium,
873 2132 925 2184 sed
946 2132 1016 2183 satis
1042 2139 1213 2203 apparentes
1241 2149 1323 2185 ueros
1351 2130 1476 2186 homines
1496 2134 1595 2201 faisse
1621 2135 1783 2207 putabam
1814 2138 1882 2209 quia

169 2220 248 2289 fuit,
277 2227 308 2273 ut
331 2219 451 2290 speciem
477 2218 640 2273 eeteriorem
663 2217 806 2271 columbae
822 2218 942 2270 baberet.
977 2217 1017 2270 Et
1041 2219 1138 2289 dispar
1156 2217 1227 2272 ratio
1246 2222 1288 2272 est
1307 2217 1379 2272 inter
1397 2217 1584 2288 apparitiones
1602 2227 1630 2275 et
1647 2229 1835 2292 sacramenta,
1852 2229 1883 2280 et

176 2324 291 2376 emperie
314 2322 416 2360 aeaeae
441 2306 583 2361 Girs'stum
613 2304 835 2376 repraesentavit
860 2304 893 2357 ob
919 2303 1016 2357 analo-
1042 2304 1109 2376 quia
1137 2302 1259 2359 visibiles
1284 2303 1347 2357 illas
1375 2304 1563 2375 apparitiones
1590 2305 1652 2376 ipta
1669 2306 1813 2378 Scriptura
1840 2311 1881 2367 sic

177 2393 255 2465 pium
280 2393 354 2447 inter
383 2392 521 2447 Cimbtum
550 2399 576 2445 et
602 2400 768 2462 torpentem,
794 2397 820 2443 st
846 2397 938 2444 minen
962 2405 1015 2443 non
1043 2390 1171 2462 explicat,
1191 2388 1267 2462 quod
1285 2389 1378 2462 angeli
1397 2390 1426 2444 iu
1446 2391 1576 2446 assumtis
1593 2391 1649 2446 iliis
1665 2392 1761 2448 t'ormis
1781 2396 1817 2450 ab
1830 2395 1881 2452 ho·

176 2482 235 2547 fuit
261 2480 311 2535 ilie
340 2495 422 2533 oense
447 2494 563 2548 serpens
589 2480 685 2547 quoad
716 2477 909 2533 animantiam.
962 2474 1017 2530 Re·
1043 2475 1163 2531 minibus
1181 2476 1322 2546 conspecti
1340 2476 1410 2545 sint,
1440 2491 1473 2531 ac
1491 2477 1607 2547 proinde
1625 2478 1686 2533 illas
1702 2479 1806 2535 formas
1823 2499 1882 2540 non

177 2567 356 2638 spondemus:
383 2564 407 2618 sl
430 2565 511 2635 panis
534 2579 598 2619 rere
627 2571 669 2619 est
687 2563 797 2636 signnm
816 2568 845 2618 et
860 2561 1016 2634 symbolum
1042 2563 1128 2619 fuisse
1153 2579 1268 2634 corpora
1290 2579 1355 2618 rere
1375 2561 1511 2632 humaua3
1537 2564 1587 2618 sed
1612 2563 1648 2620 de
1664 2580 1739 2636 pane
1755 2567 1883 2626 euchari·

177 2648 386 2713 marameutala
404 2656 512 2719 oportet
531 2654 564 2703 ut
580 2647 736 2704 accidentia
752 2649 802 2703 illa
823 2657 936 2704 externa
952 2648 1016 2703 sub·
1043 2651 1111 2705 stico
1129 2649 1258 2720 nuspiam
1276 2648 1307 2703 in
1328 2646 1472 2719 Scriptura
1490 2649 1636 2719 asseritur,
1655 2652 1729 2724 quod
1748 2670 1806 2708 non
1824 2672 1882 2712 am·

178 2738 310 2793 stantiam
335 2734 460 2789 habeant
480 2734 664 2796 substratam,
691 2749 754 2788 cum
772 2735 844 2789 euim
863 2732 1018 2789 accidentia
1043 2735 1116 2808 plius
1135 2734 1171 2789 sit
1188 2752 1270 2789 serus
1287 2733 1376 2805 panis.
1413 2732 1468 2788 Sed
1487 2750 1636 2805 ponamus,
1661 2738 1781 2809 speciem
1798 2742 1882 2812 panis

179 2840 235 2880 uon
261 2826 326 2876 sunt
349 2821 407 2876 sine
431 2819 602 2889 substantia,
629 2818 726 2890 utique
743 2836 796 2875 nec
813 2821 923 2893 signare
940 2828 1017 2892 pote
1042 2838 1107 2877 rere
1132 2819 1303 2892 siguificare,
1332 2819 1418 2873 si'vel
1435 2820 1626 2877 maximenon
1645 2823 1682 2879 sit
1699 2840 1781 2880 verus
1798 2828 1880 2898 panis

179 2912 246 2965 runt
264 2908 324 2965 sine
342 2906 505 2962 substantia.
541 2905 585 2961 De
602 2903 740 2975 columba,
757 2906 787 2961 in
805 2923 861 2978 qua
873 2907 1019 2963 descendit
1044 2912 1086 2973 (ut
1110 2906 1183 2962 enim
1206 2905 1287 2976 panis
1312 2905 1486 2960 eucharistici
1511 2907 1665 2982 principale
1683 2910 1805 2967 officium
1823 2931 1881 2970 non

179 2992 300 3068 Spiritus
319 3012 356 3059 s..
379 2992 552 3064 disputatur,
581 3008 617 3047 an
636 2990 721 3047 inerit
737 3008 803 3048 vera
820 2992 960 3060 columba,
980 3010 1017 3049 an
1043 3000 1085 3049 est
1102 2992 1276 3065 significare,
1300 2992 1350 3046 sed
1366 2991 1496 3047 exhibere
1512 3010 1613 3066 corpus
1633 2994 1748 3058 Christi.
1771 2999 1811 3053 ita
1828 3016 1882 3057 neo

179 3100 245 3138 vero
263 3087 371 3136 mutum
388 3079 494 3152 species
511 3095 561 3134 seu
580 3076 757 3133 simulacrum
772 3079 922 3135 columbae.
949 3079 1016 3136 Ter·
1041 3079 1232 3151 principaliter
1248 3078 1352 3133 utimur
1369 3085 1533 3152 argumento
1544 3080 1580 3134 ab
1596 3080 1688 3137 officio
1702 3083 1881 3155 significandi

179 3166 313 3225 tullianus
333 3165 381 3223 lib.
401 3166 436 3222 de
456 3181 539 3221 carne
555 3162 658 3220 Christi
675 3180 698 3219 c.
720 3170 743 3221 3.
761 3165 866 3235 statuit,
883 3174 939 3220 tam
952 3184 1016 3221 vere
1042 3166 1188 3234 deducto),
1216 3172 1245 3220 at
1270 3183 1336 3220 num
1356 3171 1487 3236 poterunt
1510 3167 1602 3223 nudas
1621 3167 1685 3224 illae
1704 3171 1813 3240 speeies
1830 3189 1881 3227 uu·

179 3256 270 3323 fusiss
295 3254 465 3324 soluendam,
492 3271 577 3322 qaam
602 3269 665 3306 vere
680 3253 772 3317 fuerit
792 3252 923 3323 Spiritus.
958 3254 1016 3309 Au·
1042 3250 1127 3307 trite?
1165 3250 1350 3306 Bellerminus
1377 3253 1511 3308 audacter
1533 3253 1644 3318 asserit,
1669 3254 1765 3310 addita
1786 3263 1882 3314 tamen

181 3341 308 3416 gostinus
329 3340 373 3396 vel
391 3341 549 3412 quicunque
566 3337 637 3394 alius
656 3345 754 3393 auctor
769 3336 856 3395 libelli
875 3340 910 3394 de
928 3356 1017 3411 agone
1042 3337 1217 3403 limitatione,
1240 3339 1268 3392 ιι
1291 3344 1320 3392 in
1337 3357 1441 3406 mapsa
1459 3339 1542 3409 eopia
1559 3349 1747 3411 commentar,
1771 3359 1828 3415 qua
1846 3344 1882 3401 de

182 3428 284 3486 christi
302 3444 326 3482 c.
346 3431 387 3485 22.
406 3425 511 3491 scribit,
531 3424 671 3495 Spiritum
689 3443 743 3477 non
755 3426 911 3494 fallaciter
928 3386 1072 3497 oppa-ire
1095 3424 1162 3496 quid
1182 3424 1359 3479 statuendum
1384 3424 1434 3487 sit,
1462 3424 1583 3480 vidimus
1607 3426 1742 3498 superins.
1797 3429 1881 3487 Scho-

177 3515 272 3589 Ιιιιιίιι
298 3513 388 3568 oeulis
409 3511 550 3566 hominum
577 3517 604 3565 tt
626 3512 829 3581 spectatoribus
847 3513 1017 3583 imcpirterio
1044 3510 1142 3578 lastioi,
1158 3518 1191 3565 ut
1210 3511 1380 3582 pronuntiati
1399 3513 1481 3582 hujus
1501 3511 1703 3568 absurditatem
1717 3513 1881 3588 effugerent,

176 3600 377 3670 phantasmate
401 3596 538 3665 illusisse,
565 3598 616 3650 sed
631 3614 726 3650 oerum
738 3598 836 3666 fuisse
857 3600 965 3654 animai
983 3603 1018 3654 de
1043 3598 1125 3654 aliter
1150 3596 1352 3668 responderunt
1377 3597 1414 3651 ad
1432 3597 1504 3652 hauc
1524 3600 1720 3669 quaestionem.
1758 3601 1881 3658 Thomas

182 3702 253 3741 nouo
276 3685 336 3737 sine
359 3683 484 3738 aliarrsm
508 3682 699 3736 columbarum
717 3683 871 3740 ministerio
888 3695 1019 3754 ereetum,
1044 3690 1115 3756 part.
1126 3689 1149 3740 3.
1161 3690 1236 3755 qil.
1253 3689 1304 3737 art.
1315 3688 1338 3739 t.
1350 3683 1427 3753 dicit,
1446 3684 1552 3753 speeies
1569 3685 1639 3739 illas
1655 3688 1766 3740 nutrire
1784 3690 1881 3744 eodem

182 3773 261 3845 qrsod
277 3777 346 3842 post
364 3769 491 3839 officiam
508 3768 584 3823 illud
598 3771 693 3823 rtatim
712 3787 770 3825 esse
788 3773 911 3828 desierit.
946 3773 1018 3828 Tho-
1043 3771 1134 3839 mocio,
1154 3787 1208 3840 quo
1227 3785 1260 3822 en
1277 3769 1337 3822 illis
1356 3769 1470 3838 aliquid
1486 3778 1645 3841 pensentur,
1664 3771 1693 3826 id
1706 3781 1825 3830 conatur
1836 3793 1881 3832 ex·

181 3875 241 3913 mas
267 3863 339 3932 part.
365 3861 390 3912 3.
418 3873 444 3927 q.
463 3860 504 3912 89.
529 3861 579 3910 ιιι
600 3863 625 3913 t.
645 3855 681 3911 ad
703 3862 732 3911 1:
771 3856 895 3927 Spiritus
914 3860 1019 3915 dicitur
1043 3856 1148 3929 plicare
1171 3860 1223 3911 art
1242 3863 1271 3910 5:
1296 3857 1427 3927 Difficile
1443 3855 1553 3927 (inquit)
1572 3865 1611 3911 est
1629 3860 1791 3930 arripuere,
1816 3880 1881 3932 que·

182 3946 360 4000 ἀιιιιιιιιίιιι
396 3942 426 3996 in
463 3942 554 4012 speeie
586 3943 630 3996 nsi
659 3942 845 3997 similitudine
875 3947 1018 4001 columbae
1045 3945 1128 3998 moda
1146 3961 1180 3996 es
1197 3943 1258 3996 illis
1275 3943 1419 4012 speciebus
1436 3942 1550 4011 aliquid
1565 3953 1721 4012 panaretum
1760 3947 1883 4011 Quidam

181 4050 237 4087 non
264 4033 306 4085 ad
331 4030 533 4084 secludendum
561 4028 703 4083 ueritatem
727 4029 883 4100 columboe,
911 4036 963 4087 ssd
980 4037 1020 4088 ad
1045 4030 1184 4094 dixerunt,
1203 4030 1280 4098 quod
1297 4044 1330 4082 ee
1345 4034 1411 4082 atre
1430 4027 1643 4100 circumstante;
1662 4034 1787 4101 quidam,
1806 4038 1884 4105 meod

183 4117 399 4183 ostendendam,
430 4116 509 4184 quod
536 4115 597 4184 ipse
630 4131 686 4170 non
716 4115 853 4184 apparuit
881 4117 910 4170 irs
930 4121 1020 4189 speeie
1044 4117 1143 4168 radent
1160 4116 1318 4169 substantia
1331 4115 1419 4185 panis
1438 4122 1465 4168 et
1482 4116 1547 4169 viai.
1583 4117 1741 4192 Utrumque
1761 4120 1883 4192 ipseim-

183 4220 251 4258 suae
270 4202 414 4256 essentiae.
451 4199 508 4255 Alii
527 4207 623 4255 contra
640 4199 790 4272 disputant,
809 4201 894 4257 fuisse
911 4209 1019 4259 tantum
1044 4201 1147 4272 probat
1170 4207 1198 4256 et
1220 4201 1332 4271 statuit,
1355 4201 1385 4255 in
1409 4203 1617 4258 consecratione
1636 4206 1704 4258 dari
1721 4209 1884 4279 quantitati,

185 4288 392 4346 similitudinem
407 4303 455 4343 seu
468 4286 646 4343 simulacrum
660 4286 812 4352 columbae,
824 4289 928 4360 quiain
939 4290 1020 4346 risio·
1047 4297 1075 4341 nt
1101 4290 1138 4340 sit
1161 4288 1283 4358 primum
1302 4286 1454 4357 ⁸¹⁴&ssch
1473 4289 1696 4359 &intuentium
1711 4295 1883 4360 fmmm,

185 4375 268 4431 nibus
287 4372 405 4429 usitatae
426 4378 492 4428 sunt
509 4373 579 4428 tales
597 4373 794 4444 apparitiones,
814 4374 936 4447 itemque
954 4379 1019 4450 quia
1045 4376 1097 4430 itoe
1115 4383 1206 4428 autem
1223 4393 1283 4428 eam
1295 4376 1332 4428 sit
1344 4375 1496 4444 proprium
1508 4378 1652 4447 materiae,
1665 4379 1729 4434 ideo
1744 4398 1777 4434 cs
1788 4399 1883 4438 sonsa

183 4458 444 4531 additnrparticula
462 4457 529 4513 ciust
545 4468 573 4513 et
589 4459 944 4532 quiaLucasvocateldoe.
974 4462 1020 4519 Ita
1046 4463 1142 4531 quenti
1149 4461 1218 4514 dari
1226 4461 1377 4530 quantitati
1383 4478 1461 4514 amne
1470 4462 1510 4530 id,
1523 4466 1600 4533 prod
1611 4466 1653 4518 ad
1664 4468 1813 4522 materiam
1818 4486 1883 4539 per·

183 4553 310 4606 statuunt
339 4542 552 4617 chrysostomus
581 4543 675 4603 homil.
707 4553 746 4604 ll.
775 4547 804 4601 in
828 4547 927 4602 Matth.
962 4555 1019 4605 Au·
1047 4548 1122 4604 tinet.
1148 4545 1234 4602 Gabr.
1244 4545 1305 4601 Biel
1315 4545 1362 4602 lib.
1373 4552 1398 4602 t.
1407 4553 1477 4604 sent.
1489 4547 1551 4604 dist.
1564 4555 1603 4606 tt.
1614 4569 1639 4624 q.
1652 4559 1736 4610 tart.
1744 4559 1769 4612 ³.
1783 4555 1882 4614 orbs.

183 4635 311 4710 gustinus
338 4631 418 4704 epist.
439 4637 495 4688 tot.
521 4637 549 4687 et
566 4630 615 4688 lib.
636 4636 660 4688 2.
680 4632 715 4688 de
732 4632 830 4688 Trinit.
848 4651 871 4689 c.
893 4641 917 4691 5.
952 4635 1019 4691 Am·
1046 4634 1086 4688 sic
1098 4633 1235 4703 procedit:
1261 4632 1368 4687 Samiis
1386 4636 1530 4704 speciebus
1548 4645 1575 4690 et
1592 4638 1632 4690 eis
1650 4638 1779 4696 alteratis
1796 4660 1882 4714 usque

183 4720 293 4779 brosius
310 4719 358 4775 lib.
378 4724 400 4774 l.
421 4719 456 4774 de
474 4734 588 4774 meram.
608 4734 631 4773 c.
651 4724 674 4773 5.
710 4714 764 4773 Sed
783 4718 920 4792 quidquid
934 4720 970 4775 sit
984 4721 1020 4777 de
1047 4722 1088 4775 ud
1108 4736 1168 4774 tam
1193 4719 1403 4790 dispositionem
1410 4762 1418 4789 ,
1444 4723 1495 4776 sub
1519 4740 1574 4793 qao
1598 4742 1655 4779 non
1677 4736 1802 4781 maneret
1820 4731 1883 4784 sub·

87 4808 233 4864 utlaius
265 4804 407 4875 columba,
433 4802 538 4861 suflicit
565 4805 640 4876 quod
668 4804 774 4874 species
801 4805 850 4860 illa
875 4805 1019 4863 columbae
1045 4806 1152 4860 stantia
1165 4808 1261 4878 penis,
1280 4805 1308 4859 si
1322 4824 1378 4861 non
1387 4810 1585 4879 praecessisset
1598 4813 1881 4877 consecratio,etsub

182 4911 238 4950 non
262 4893 349 4951 fuerit
370 4891 429 4948 sine
445 4907 560 4963 corpore
578 4890 698 4963 quodam
712 4890 852 4961 subiecto,
876 4893 951 4964 quod
970 4910 1018 4966 ag·
1046 4912 1101 4964 pun
1122 4894 1261 4947 desr'nerst
1279 4909 1337 4946 esse
1356 4911 1458 4965 corpus
1479 4893 1594 4967 Christi,
1613 4897 1662 4950 sui
1681 4901 1823 4969 spemebus
1840 4903 1881 4958 sie

182 4980 273 5036 noscit
296 4979 379 5036 etiam
401 4976 553 5034 Barradius
570 4982 637 5032 tom.
658 4983 681 5035 2.
702 4978 830 5033 concord.
849 4994 947 5051 evang.
969 4979 1017 5037 lib.
1045 4980 1176 5033 alteratis
1190 4981 1362 5049 mudantur
1379 4982 1499 5035 materia
1519 4983 1563 5036 eei
1580 4983 1678 5053 panis,
1705 5002 1778 5055 quae
1794 5004 1880 5057 pras·

184 5070 208 5122 t.
227 5082 251 5122 ι.
273 5071 319 5123 tt:
346 5062 525 5120 Crediderim
544 5060 668 5136 (inquit),
689 5064 830 5119 coiurrbae
840 5066 936 5132 faisse
953 5068 1018 5131 effl-
1035 5067 1114 5136 suit,
1140 5065 1185 5120 sel
1212 5065 1274 5120 alia
1299 5084 1413 5120 numero
1438 5074 1463 5120 et
1484 5068 1566 5122 illam
1588 5070 1737 5124 materiam
1759 5074 1880 5143 miun-

180 5151 470 5223 ps'empssleisrrimat
487 5157 513 5204 st
531 5149 752 5205 candidissimae
772 5168 805 5204 ea
823 5157 890 5205 aire
907 5168 1016 5222 campa·
1042 5160 1138 5206 natam
1168 5151 1294 5223 reliquas
1324 5153 1407 5208 cerni
1434 5154 1566 5207 sumentis
1595 5156 1695 5227 incipit
1721 5158 1880 5225 informare

182 5246 266 5295 ctam.
315 5239 360 5295 Ita
389 5254 500 5310 quoque
530 5252 642 5333 serpeus
668 5253 771 5293 aeneus
795 5237 934 5293 Mosaicus
951 5237 1137 5349 licet'forma
1158 5238 1284 5292 iommis.
1889 5265 1925 5309 ,ι

181 5340 237 5379 non
263 5321 347 5378 inerit
370 5341 452 5379 verus
475 5339 509 5379 ac
533 5321 613 5375 rivus
638 5339 765 5393 serpens,
792 5328 886 5379 tamen
909 5323 1015 5397 effigies
1079 5330 1135 5382 tte
1171 5325 1417 5399 Argumentumt:
1447 5324 1639 5399 Quodcunque
1657 5328 1761 5401 dogma
1778 5320 1925 5410 evetita}

172 5408 230 5490 ‚tila
256 5410 390 5481 serpentis
419 5426 474 5465 non
499 5407 554 5465 iuit
577 5407 636 5464 siue
659 5423 791 5480 corporea
811 5410 931 5482 quadem
951 5411 1014 5466 sub·
1040 5418 1168 5468 naturam
1184 5412 1238 5477 rei,
1263 5412 1297 5468 ds
1315 5429 1371 5484 qua
1391 5412 1465 5484 agit,
1489 5430 1539 5484 pro
1559 5414 1675 5471 articulo
1695 5415 1762 5472 fidei
1780 5418 1913 5514 haberi„
1891 5430 1925 5514 ⁸¹:

180 5495 294 5566 stmtia,
311 5494 360 5551 sad
377 5494 517 5551 Pontificii
535 5499 669 5560 statuunt
687 5494 808 5569 speciem
821 5494 901 5569 panis
914 5496 1014 5554 encha-
1039 5500 1144 5571 nequit
1166 5498 1278 5572 Dogma
1295 5493 1612 5555 transsubstantiationis
1632 5503 1730 5558 erertit
1747 5484 1913 5562 naturamn
1888 5530 1925 5565 ιιι

181 5580 268 5643 esan
294 5578 592 5655 essesinesubjtrcto.
627 5578 1013 5654 atcs‚qu0‹1msuchsrt-
1039 5583 1093 5655 rei,
1128 5582 1163 5640 de
1194 5600 1250 5659 qua
1281 5582 1348 5656 agit
1390 5583 1474 5657 Ergo.
1517 5585 1680 5642 Assumtum
1708 5578 1925 5679 pmosnusdjg,
