4004 6022
196 291 254 349 152
796 280 919 338 Locus
934 278 1140 339 monemus
1156 278 1301 338 PRIMUS

191 437 338 492 verborum
364 434 544 491 institutionis
562 436 634 491 hanc
654 436 724 504 vim,
748 443 780 491 ut
800 452 901 508 corpus
920 444 948 493 et
966 454 1027 491 san·
1039 438 1043 493 l
1055 434 1245 488 bencetm'ms
1270 436 1383 490 solenni
1407 443 1537 489 socratas
1555 439 1596 488 orl
1615 436 1699 490 totins
1717 435 1840 492 bominis
1857 438 1899 491 oi·

192 521 305 594 guinem
333 520 437 577 Christi
461 523 572 578 occulta
595 523 690 594 aliqua
705 523 807 578 virtute
823 523 915 579 verbis
934 522 1027 577 inhae-
1055 527 1112 574 tam
1138 522 1311 591 salntemque
1332 524 1450 591 proiicit
1471 527 1522 577 etc.
1560 522 1721 578 Ambrosius
1742 523 1779 578 dc
1797 523 1832 578 iis
1848 524 1898 596 qui

165 638 169 645 ·
193 615 271 663 rente
295 607 566 678 penestrinam,
592 609 675 676 (sicut
693 610 836 682 magisne
854 609 1029 665 caminada
1056 606 1203 661 initiantur
1229 614 1339 678 myster.
1364 626 1388 661 c.
1414 614 1438 664 9.
1456 615 1521 663 tom.
1543 615 1565 664 l.
1586 627 1613 679 p.
1632 615 1694 665 427:
1736 608 1770 662 Si
1789 616 1899 663 motum

191 695 264 753 Jove
282 694 380 762 Elicio,
398 701 447 749 aut
465 694 501 750 de
518 695 584 749 luna
602 696 679 749 coelo
699 696 863 752 deducenda
877 697 959 752 certis
971 714 1030 752 rer·
1041 674 1045 789 i
1056 692 1144 746 noluit
1169 695 1292 747 bumana
1317 694 1487 762 benedictio,
1512 702 1543 746 nt
1563 703 1695 748 naturam
1716 703 1900 765 converteret,

193 780 237 835 bis
261 780 389 849 recitant)
419 780 506 836 multo
530 781 635 851 minus,
655 788 687 836 ut
704 788 818 838 externa
835 782 972 838 elementa
989 778 1127 857 es-tovid
1157 780 1281 834 diem
1309 782 1345 832 do
1373 780 1439 848 ipso
1465 782 1674 834 commotione
1703 781 1817 851 divino,
1852 783 1901 835 obi

194 866 348 923 sentislitsr
365 871 544 934 transmutet3
570 868 620 922 sed
637 868 743 923 sincem
761 869 899 923 credimus
918 885 951 923 ac
968 884 1030 939 pro·
1041 862 1045 947 l
1056 864 1141 916 storbo
1167 866 1232 934 ipsa
1250 867 1371 919 Domini
1392 866 1545 920 sabratoris
1564 868 1739 936 operantur!
1768 886 1834 921 nam
1853 887 1899 922 sa-

193 953 316 1022 fitemur‚
339 954 413 1026 quod
431 955 589 1024 praesentia
606 956 727 1026 corporis
746 963 774 1010 et
793 954 936 1026 sanguen
954 955 1227 1061 Chri-{cranemere
1259 952 1348 1020 illuct,
1379 954 1458 1022 meod
1491 953 1612 1022 scalon,
1642 952 1749 1008 Christi
1773 972 1900 1009 sermone

193 1041 229 1095 sti
249 1057 266 1094 a
283 1041 343 1095 sola
359 1041 505 1095 voluntate
525 1046 554 1095 et
571 1041 751 1112 promissione
768 1040 870 1096 Christi
890 1048 918 1096 et
935 1059 952 1096 a
970 1059 1030 1112 per·
1043 1068 1045 1131 ,
1057 1037 1211 1102 conficitur.
1247 1036 1319 1092 Ibid.
1356 1039 1419 1092 Non
1438 1039 1489 1091 boc
1511 1047 1558 1106 est,
1575 1042 1653 1108 qnod
1668 1047 1772 1094 natura
1782 1042 1899 1109 forma-

194 1132 278 1198 petuo
304 1126 422 1181 durante
444 1126 549 1197 primae
573 1127 752 1181 institutionis
776 1126 903 1182 efficacia
922 1127 950 1182 in
969 1122 1109 1190 soli-ruit,
1132 1125 1184 1176 sed
1209 1126 1287 1193 qnod
1311 1124 1464 1179 benedictio
1483 1127 1663 1181 consecrarit.
1681 1125 1743 1180 libr.
1762 1133 1786 1182 i.
1802 1128 1839 1182 de
1856 1147 1898 1183 ea·

195 1213 260 1268 dum
279 1213 451 1284 dependeat,
476 1213 583 1268 interim
608 1218 702 1266 tamen
718 1213 1032 1283 addimus,.primnerae
1057 1225 1141 1263 oram·
1161 1226 1183 1264 o·
1204 1216 1228 1264 t·
1246 1215 1312 1263 tom·
1332 1216 1355 1265 4.
1376 1229 1403 1281 p·
1423 1215 1489 1267 4³9:
1512 1212 1657 1272 Quomodo
1672 1219 1768 1280 potest
1784 1215 1834 1283 pai
1845 1233 1898 1284 pc-

194 1297 269 1354 illius
294 1299 475 1353 institutionis
497 1298 690 1369 repetitionem
712 1316 730 1352 a
753 1299 878 1355 ministro
900 1302 1032 1357 ecclesiae
1057 1295 1101 1346 oio
1122 1303 1178 1363 tot,
1206 1312 1309 1365 corpus
1329 1312 1386 1351 otoo
1407 1296 1538 1351 Christi!
1569 1299 1787 1356 comessatione,
1827 1301 1898 1356 Gon·

194 1386 224 1440 in
241 1383 428 1441 celebratione
442 1384 626 1439 eucharistiae
643 1384 747 1440 iactam
765 1403 820 1440 non
837 1386 926 1441 solum
946 1387 1031 1442 histo-
1056 1381 1178 1434 malti
1198 1382 1286 1449 itit?
1303 1384 1403 1452 infimi
1420 1385 1512 1438 ⁰⁶er
1524 1391 1563 1438 ⁶⁸2
1576 1392 1601 1437 ⁶2
1613 1387 1696 1454 mim
1707 1389 1900 1441 mmmm?
1976 1437 1985 1445 -

194 1469 280 1525 ricem
312 1487 344 1525 nc
374 1469 570 1538 doctrinalem,
602 1469 652 1524 sed
689 1470 772 1525 etiam
801 1474 1032 1528 consecrantium
1057 1467 1177 1520 Domini
1185 1468 1265 1520 Jesn.
1293 1470 1898 1541 Namperreliquaomnimpnacriicnntnr,

194 1572 268 1623 esse,
296 1573 352 1627 qua
372 1557 454 1626 juxte
482 1554 683 1610 ordinationem
703 1555 804 1610 Christi
829 1564 942 1614 externa
958 1577 1031 1629 sym·
1057 1551 1121 1605 ²⁰¹&
1139 1553 1366 1623 000‘10sssrmr2
1393 1556 1485 1609 ‘’itii‘’
1498 1557 1691 1624 P'Mmt'iliitt?
1708 1575 1766 1627 1)Γο
1780 1561 1900 1628 Ptl't‘lt’»

193 1640 259 1695 bola
284 1659 348 1697 vere
371 1648 399 1696 st
422 1640 574 1696 efficaciter
596 1641 632 1695 ad
659 1657 739 1695 usum
763 1658 871 1696 sacram
893 1643 1031 1699 destinari·
1054 1655 1110 1706 pro
1128 1640 1256 1708 roobia,
1271 1658 1328 1709 pro
1346 1641 1459 1707 ceteris,
1477 1643 1526 1694 nbi
1541 1643 1665 1708 nomnen,
1683 1651 1714 1697 nt
1733 1646 1900 1708 conficiatur

194 1731 249 1791 tur,
266 1734 298 1781 nt
318 1727 346 1782 in
366 1727 428 1797 ipsa
446 1725 641 1781 distributione
660 1727 716 1781 sint
734 1728 856 1798 eorporis
874 1733 903 1783 et
920 1731 1032 1801 sangui·
1057 1725 1216 1779 venerabile
1240 1735 1462 1791 sacramentnm,
1483 1729 1550 1796 jam
1574 1746 1630 1780 non
1648 1730 1708 1782 suis
1727 1731 1902 1785 sermonibus

194 1813 239 1867 nis
261 1812 363 1867 Christi
385 1817 532 1880 κοινωνία,
557 1812 631 1868 sicut
655 1813 797 1884 spostolus
823 1815 924 1871 diserte
945 1816 1031 1888 loqui·
1057 1813 1200 1874 sacerdm,
1219 1815 1271 1865 sed
1288 1814 1378 1866 atitnr
1389 1815 1560 1868 sermonibus
1575 1815 1687 1873 Christi.
1713 1817 1793 1886 Erpo
1808 1835 1901 1872 sermo

194 1904 249 1963 tur,
271 1906 292 1955 l.
311 1899 372 1954 Cor.
398 1905 436 1963 λθ,
454 1917 481 1954 v.
505 1904 548 1954 tt:
574 1900 677 1963 Panis,
698 1917 778 1969 anem
791 1903 973 1973 pascimus,
992 1912 1032 1957 est
1059 1896 1166 1950 Cbristi
1199 1899 1251 1953 boc
1283 1901 1394 1970 conjicit
1425 1910 1636 1956 sacramentnm.
1684 1902 1901 1974 Chrysostomus

195 1984 408 2039 communicatio
429 1986 557 2054 corporis
576 1984 697 2053 Christi·
715 1987 849 2056 poculum
866 1989 1031 2042 benedictio-
1058 2000 1137 2038 serm.
1164 1984 1199 2038 de
1222 1985 1380 2054 proditione
1397 1986 1491 2042 ludas
1509 1994 1574 2042 tom.
1595 1995 1617 2043 5.
1637 2006 1665 2058 p.
1685 1994 1732 2045 85:
1764 1993 1804 2045 Et
1824 2010 1899 2043 nanc

196 2071 256 2139 nse,
287 2071 335 2123 cni
357 2072 559 2138 benedicimus,
583 2080 622 2124 est
648 2073 860 2127 communicatio
885 2076 1032 2142 sanpar'nis
1058 2069 1105 2123 elli
1122 2077 1236 2138 protelo
1257 2079 1297 2124 eet
1317 2073 1453 2140 ttrnsm,
1472 2074 1522 2142 qni
1538 2074 1620 2127 idam
1638 2075 1748 2130 ornarit
1765 2092 1898 2144 mensam

196 2155 310 2210 ibristi.
355 2157 419 2226 Ipse
443 2156 498 2212 Dei
524 2157 613 2212 Filius
635 2158 721 2213 verba
744 2159 924 2214 institutionis
947 2161 1032 2217 semel
1058 2155 1118 2223 irase
1144 2154 1227 2209 istam
1254 2175 1362 2226 quoqne
1383 2166 1536 2212 consecrat.
1574 2161 1638 2214 Non
1658 2161 1730 2214 enim
1748 2161 1830 2215 bomo
1849 2169 1899 2229 cst,

195 2241 304 2314 prolata
339 2260 389 2313 per
421 2261 451 2297 os
481 2243 606 2299 ministri.
625 2245 725 2315 repetit
747 2252 775 2299 et
799 2263 849 2316 per
873 2263 906 2300 ea
931 2263 1031 2317 panem
1059 2239 1109 2307 tui
1120 2243 1272 2310 mortorio
1291 2245 1327 2297 de
1345 2245 1553 2298 cmrsecratione
1571 2262 1679 2299 mensae
1699 2247 1821 2301 Domini
1838 2265 1897 2300 cor·

195 2334 224 2382 et
241 2327 335 2382 riuum
354 2329 521 2398 sanctificat,
546 2335 689 2385 consecrat
709 2338 736 2384 et
753 2331 907 2399 benedicit,
929 2340 960 2385 ut
977 2332 1033 2386 sint
1044 2310 1112 2395 lpm
1138 2327 1245 2382 Cbrieti
1266 2331 1340 2393 fooit
1358 2339 1384 2383 ot
1403 2332 1582 2400 toopuin'em,
1605 2335 1657 2386 see
1674 2333 1723 2387 ille
1740 2335 1791 2404 ossi
1808 2335 1898 2389 ensei-

195 2414 318 2485 eorporis
341 2420 370 2468 et
387 2415 531 2487 sanguinis
553 2416 736 2472 distribuendi
756 2417 855 2472 medie.
1057 2413 1130 2481 riter
1151 2432 1209 2484 pro
1229 2416 1308 2468 nobi
1328 2423 1381 2482 eet,
1407 2418 1565 2472 sacerdotis
1582 2436 1630 2473 ore
1646 2419 1730 2477 rerba
1744 2422 1899 2490 proferan-

67 2509 167 2558 cuono·
233 2504 290 2557 152.
316 2499 385 2556 Inde
408 2501 448 2571 pii
474 2507 581 2557 veteres
605 2500 640 2555 de
665 2503 872 2558 consecratione
899 2521 932 2558 eo
951 2504 1033 2559 modo
1060 2506 1107 2551 tor
1123 2508 1150 2551 ot
1169 2501 1228 2554 Dei
1244 2502 1344 2555 virtute
1362 2511 1560 2557 consecrantur
1582 2513 1607 2558 et
1624 2505 1730 2572 pratia.
1770 2507 1831 2560 Hoc
1849 2515 1899 2573 est,

68 2559 159 2651 iiiiii.
197 2587 362 2659 loquuntur,
389 2592 421 2641 ut
446 2594 474 2642 et
497 2587 656 2642 historicam
677 2589 870 2644 tantummodo
892 2590 1032 2661 repetitio·
1059 2585 1115 2648 ait,
1141 2603 1243 2657 corpus
1267 2605 1369 2657 meam,
1397 2590 1448 2644 boc
1465 2591 1549 2643 verbo
1563 2592 1717 2660 proposita
1734 2609 1900 2647 consecran-

68 2661 184 2703 ΜΝ·
196 2690 261 2729 nem
280 2679 309 2729 et
326 2671 501 2728 Pontificiam
520 2674 857 2731 transsubstantiationem
877 2676 1032 2732 excludant.
1059 2677 1113 2723 tor·
1150 2675 1190 2726 Et
1205 2674 1278 2728 riom
1296 2675 1351 2728 illa
1366 2693 1426 2744 roe,
1445 2691 1518 2745 orme
1536 2677 1627 2731 elisit:
1648 2677 1773 2732 Crescite
1790 2687 1817 2732 et
1828 2680 1899 2733 mnt-
1914 2683 1940 2725 L
1953 2682 1998 2725 m

68 2713 185 2805 with.
199 2758 327 2814 ,Iustinus
358 2759 429 2830 apol.
450 2764 473 2813 2.
499 2777 549 2830 pro
577 2758 678 2814 Christ.
702 2778 730 2831 p.
752 2767 800 2816 76:
833 2762 959 2816 Diaconi
975 2764 1033 2817 ‹iis-
1059 2758 1232 2827 tiplr'camini
1253 2767 1279 2814 et
1304 2762 1410 2831 replete
1433 2769 1552 2832 terram,
1577 2765 1660 2818 semel
1686 2763 1799 2834 quidem
1819 2767 1900 2820 clieta

68 2814 164 2907 masn-
198 2846 322 2900 tribuunt
349 2846 498 2914 anianique
522 2846 726 2914 praesentiam,
748 2855 778 2899 nt
791 2848 946 2917 participet
965 2851 1116 2927 commeat,
1133 2848 1187 2897 seri
1204 2849 1281 2898 omni
1299 2853 1423 2916 tempore
1441 2850 1522 2902 sentit
1541 2850 1667 2919 effectum
1687 2851 1729 2904 nd
1745 2853 1900 2920 permeno-

197 2932 228 2985 in
254 2950 308 3001 ono
332 2933 444 2999 cratiae
469 2939 550 2986 actae
577 2933 644 3001 sint,
672 2949 773 3001 panem
795 2937 960 3003 μεταλαβεῖν
979 2933 1034 2988 inb
1061 2948 1124 2984 nem
1145 2941 1280 3001 operante
1300 2941 1422 3004 natnrc,·
1443 2936 1485 2988 ita
1501 2943 1529 2989 et
1547 2953 1599 2990 roc
1617 2936 1671 2991 illa
1688 2938 1773 2992 semel
1788 2938 1901 3010 animm

194 3019 246 3073 roi
261 3017 506 3093 εὐχαριστηθένιος
523 3016 617 3090 ἄρτου.
634 3037 662 3090 p.
682 3025 727 3074 tt:
758 3022 843 3088 Eam,
858 3022 889 3074 in
908 3039 965 3091 qrm
979 3039 1035 3092 per
1061 3017 1138 3071 dicta
1165 3025 1220 3088 eet,
1245 3021 1297 3074 sed
1318 3037 1372 3090 per
1396 3037 1490 3074 omnes
1517 3037 1627 3076 mensas
1656 3023 1790 3078 ecclesiae
1816 3044 1903 3096 usqae

191 3122 292 3178 preces
321 3106 400 3159 serbi
428 3106 489 3176 ejas
519 3107 555 3160 ab
586 3106 648 3176 ipso
676 3108 804 3176 profecti
830 3109 942 3178 pratiae
970 3117 1035 3164 sant
1061 3104 1103 3155 od
1128 3103 1295 3158 bodiencm
1322 3106 1397 3161 diem
1426 3114 1452 3160 et
1481 3125 1568 3178 neptes
1591 3111 1633 3163 asi
1659 3110 1721 3179 ejas
1754 3113 1902 3166 mentum

197 3198 290 3259 astae,
317 3192 497 3260 alimoniam,
526 3189 575 3261 τὴν
600 3189 639 3245 δι’
670 3190 750 3263 εὐχῆς
774 3193 862 3264 λόγου
887 3197 937 3249 τοῦ
964 3196 1032 3271 παρ’
1056 3197 1186 3258 proiciat
1215 3192 1357 3258 sacrificio
1375 3194 1550 3262 firmitatem.
1595 3194 1676 3252 Idem
1703 3195 1775 3252 hom.
1804 3204 1845 3254 51.
1873 3200 1903 3255 in

199 3275 284 3332 circi
304 3276 552 3350 εὖχαριστηθεῖσαν
568 3276 686 3350 τροφήν,
704 3279 848 3334 incarnati
866 3281 945 3335 illins
963 3283 1034 3335 Jesn
1060 3273 1159 3331 Metth.
1180 3280 1246 3333 tom.
1268 3284 1288 3333 1.
1308 3296 1371 3350 pag.
1393 3285 1456 3335 2³4:
1479 3282 1577 3334 Nonne
1593 3280 1736 3336 Christum
1747 3299 1805 3352 per
1820 3299 1902 3338 eonn-

102 3390 113 3406 .
197 3380 309 3419 mmm
329 3371 355 3417 et
373 3364 535 3432 sanguinem
557 3381 615 3419 ωας
632 3366 726 3419 edocti
744 3384 856 3433 numm
878 3383 950 3439 quw
968 3385 1034 3423 vero
1060 3360 1190 3429 poliebam
1221 3362 1378 3431 loqueniem
1403 3365 1507 3419 audie!
1543 3364 1656 3421 Crediie
1684 3367 1771 3436 t'qt'bttr
1800 3386 1901 3438 omitte,

197 3450 253 3506 siut
279 3449 344 3505 illae
371 3466 485 3521 preces,
522 3451 625 3508 ibidem
655 3453 737 3507 docet
767 3452 925 3510 immediate
949 3453 1035 3509 verba
1061 3447 1128 3515 qnia
1146 3455 1172 3500 et
1191 3466 1262 3501 nnnc
1280 3449 1334 3504 illa
1353 3466 1440 3504 coena
1458 3453 1628 3512 celebrentur.
1646 3453 1677 3507 in
1694 3470 1751 3523 qna
1771 3453 1901 3509 Cbristns

197 3534 378 3592 institutionis
396 3537 577 3609 subjungens.
613 3537 745 3593 irenaeus
760 3537 822 3595 libr.
839 3545 860 3594 t.
874 3557 895 3594 c.
910 3546 933 3595 9.
949 3557 975 3610 p.
993 3547 1032 3596 tt.
1060 3532 1121 3602 ipre
1144 3535 1325 3590 remordebat.
1368 3537 1450 3592 Nihil
1476 3539 1580 3608 qsttbpe
1606 3539 1718 3593 s'otorest
1735 3540 1809 3594 inter
1827 3540 1900 3595 banc

196 3626 278 3678 voest
297 3619 383 3692 λόγον
395 3622 568 3692 ἐπικλήσεως,
585 3640 737 3679 sermonem
751 3624 940 3680 invocationis.
954 3627 1000 3682 lib.
1012 3634 1035 3683 4.
1061 3627 1087 3671 ct
1109 3619 1197 3673 illam·
1234 3622 1299 3676 Non
1324 3624 1396 3677 enim
1419 3624 1488 3678 baec
1506 3625 1541 3678 ab
1560 3625 1683 3692 bomine,
1708 3624 1762 3679 illa
1781 3627 1818 3678 ab
1836 3627 1900 3697 ipso

196 3725 219 3764 c.
242 3712 284 3765 34.
303 3726 331 3780 p.
349 3712 412 3765 263:
433 3708 579 3771 Quomodo
596 3710 731 3763 constabit
750 3711 799 3777 eis,
808 3728 923 3780 panem,
938 3713 967 3766 in
981 3729 1035 3781 qno
1061 3707 1216 3769 conficitur·
1266 3708 1385 3771 spumeo
1416 3710 1504 3781 ipitnr
1529 3712 1701 3766 sacedotem
1725 3727 1827 3782 corpas
1850 3714 1903 3766 nbi

195 3795 307 3867 pretim
326 3794 384 3849 sint
401 3801 490 3863 aetas,
508 3811 612 3864 carpes
631 3811 690 3849 esse
709 3797 849 3850 Domini!
866 3796 912 3852 lib.
932 3804 955 3853 5.
973 3815 997 3852 α,
1010 3804 1033 3855 4,
1056 3793 1196 3861 praebere
1217 3792 1335 3860 sideria
1361 3795 1423 3849 noli
1444 3797 1614 3866 sacerdotis,
1643 3798 1694 3849 sed
1714 3795 1822 3852 Christi
1842 3816 1900 3852 ma·

142 3892 150 3903 '
194 3899 222 3954 p.
242 3886 307 3939 bii:
334 3880 454 3952 Quaem
477 3882 579 3935 mintrio
598 3883 674 3935 colia
694 3891 720 3936 et
737 3883 852 3949 fractas
867 3883 953 3952 panis
967 3901 1035 3954 per·
1061 3896 1127 3931 nom
1156 3881 1197 3933 od
1226 3887 1252 3934 to
1274 3883 1392 3951 porrici
1417 3883 1560 3936 arbitrari.
1604 3881 1681 3937 Idem
1705 3881 1778 3939 hom.
1804 3888 1845 3940 83.
1873 3885 1901 3939 in

195 3967 266 4039 cipit
289 3968 401 4022 verbnm
422 3968 493 4031 Dei,
514 3970 553 4035 fit
576 3967 750 4022 mobaristia
776 3970 905 4039 corporis
927 3978 953 4024 et
970 3989 1035 4024 san·
1061 3963 1159 4021 Matri,
1179 3972 1243 4021 torn.
1267 3973 1287 4021 l.
1307 3984 1335 4037 p.
1356 3972 1422 4024 359:
1443 3969 1508 4022 Non
1528 3975 1591 4020 sant
1610 3968 1678 4021 baec
1693 3969 1832 4023 barnanae
1846 3972 1902 4024 oir-

196 4054 291 4123 puinis
322 4052 435 4110 Cbristi.
477 4053 634 4125 Cyprianus
661 4054 709 4109 lib.
739 4059 761 4110 l.
787 4054 868 4126 epist.
887 4055 936 4110 ult.
959 4056 1035 4111 circs
1062 4051 1128 4103 tutte
1147 4069 1243 4121 opero,
1263 4070 1335 4121 qnae
1354 4062 1418 4106 tnnc
1438 4054 1468 4107 in
1486 4053 1541 4107 ella
1561 4068 1648 4106 coena
1663 4055 1797 4123 ptrfwii·
1834 4056 1900 4126 [pet

197 4140 283 4197 med:
323 4140 509 4194 Encbaristia
535 4141 565 4194 in
592 4141 682 4194 altari
708 4143 910 4205 sanctificater.
956 4142 1034 4197 Idem
1060 4154 1133 4190 nono
1159 4155 1266 4208 qwqrse
1298 4147 1444 4209 operator,
1477 4139 1669 4193 ministrarem
1695 4158 1746 4194 nos
1771 4144 1901 4197 ordinem

197 4226 256 4299 (vel
283 4225 443 4298 quicunque
470 4226 541 4281 alius
566 4230 673 4295 auctor)
700 4244 778 4282 serm.
806 4227 840 4283 de
866 4245 953 4284 coena
979 4245 1034 4283 non
1061 4230 1190 4291 tenemus,
1207 4226 1258 4293 cni
1272 4224 1588 4289 oerobaecsanctificnt
1606 4234 1633 4280 et
1649 4230 1901 4299 transmeatione

196 4313 280 4385 longe
306 4328 324 4366 a
348 4311 452 4382 princ:
490 4313 715 4367 immortalitatis
740 4313 878 4368 alimonia
905 4317 991 4368 datur
1016 4334 1034 4368 a
1062 4316 1102 4362 est
1138 4307 1274 4366 Oeenses,
1325 4310 1427 4366 Hamil.
1459 4316 1500 4366 24.
1539 4318 1560 4366 l.
1593 4311 1656 4367 Cor.
1690 4317 1730 4369 10.
1759 4313 1808 4369 tol.
1835 4320 1899 4372 523:

197 4398 387 4452 commsmibne
410 4397 478 4452 cibis
502 4398 651 4468 defferens,
682 4399 842 4468 corporalis
862 4401 1035 4455 snbstantias
1061 4394 1194 4467 ποτήριον
1214 4394 1343 4468 εὐλογίας
1361 4396 1501 4459 ἐκάλεσεν,
1519 4396 1615 4465 ἐπειδὴ
1632 4397 1698 4452 abrb
1717 4397 1786 4472 μετὰ
1803 4406 1902 4472 χεῖρας

195 4485 317 4539 retinens
341 4484 472 4554 specim,
501 4486 554 4537 sesi
574 4485 685 4538 virtutis
705 4486 819 4539 dirim
839 4485 975 4540 invisibili
991 4489 1033 4555 es·
1061 4483 1169 4552 ἔχοντες
1187 4480 1564 4557 αὕτωςαύνόνᾶνυμνοῦμεν
1578 4484 1771 4558 θαυμάζοντες,
1786 4484 1899 4554 irains-

194 4571 319 4636 ficientia
340 4571 467 4641 probans
491 4574 592 4625 adesse
615 4573 816 4641 praesentiam.
866 4572 1034 4641 Sipnificata
1061 4566 1170 4642 νόμενον
1196 4572 1241 4636 τῆς
1266 4567 1376 4641 ἆφάῐου
1404 4570 1522 4641 δωρεᾶς,
1555 4573 1739 4640 ἒινλογοῦννες,
1766 4569 1809 4625 ὅτι
1833 4571 1902 4630 oiri

196 4656 264 4710 olim
290 4675 309 4710 a
332 4642 456 4727 tempore
473 4657 680 4711 Melchisedech
694 4659 839 4728 prodeunt
856 4668 1033 4714 sacramenta
1060 4654 1175 4724 iiixttv,
1193 4657 1239 4707 ἵνα
1256 4654 1297 4728 μὴ
1314 4659 1456 4727 μείνωμεν
1473 4655 1504 4710 ἐν
1522 4659 1554 4732 τῇ
1574 4654 1672 4733 πλάνῃ,
1692 4661 1738 4711 καλ
1755 4659 1790 4713 οὐ
1806 4657 1900 4735 μᾶνιν

196 4750 221 4797 et
239 4745 316 4812 filiis
333 4744 464 4799 Abrabae
480 4744 650 4810 facientibus
668 4761 756 4813 opera
774 4745 836 4814 ejus
849 4762 971 4799 memmae
988 4764 1033 4799 aa.
1060 4741 1174 4810 ἐξέχεεν,
1193 4739 1263 4793 ἀλλὰ
1281 4744 1326 4794 eat
1347 4744 1432 4794 πᾶσιν
1450 4739 1517 4812 ἡμῖν
1535 4743 1620 4798 αὐτοῦ
1636 4745 1799 4817 μετέδωκεν.
1819 4740 1916 4819 Aper·

195 4832 296 4886 cordas
318 4847 422 4901 panem
441 4832 558 4901 profert
581 4836 610 4885 et
625 4830 735 4885 cinam:
763 4831 826 4886 Hoc
845 4840 901 4899 est,
933 4833 1032 4902 inquit,
1059 4829 1148 4882 stolus
1165 4828 1238 4882 banc
1255 4826 1372 4881 calicem
1390 4829 1591 4886 benedictionis
1605 4831 1728 4900 vocarit,
1746 4834 1825 4901 mod
1836 4848 1900 4888 enm

194 4933 298 4986 corpas
316 4933 414 4973 meam.
450 4917 699 4971 Mmdnccreranr
712 4925 737 4970 et
752 4918 1033 4973 biberantdeeodem
1059 4914 1190 4968 babentes
1221 4913 1251 4966 in
1282 4914 1408 4968 manibus
1435 4916 1476 4970 sic
1506 4934 1569 4972 enm
1592 4918 1701 4986 byrnns's
1723 4926 1749 4972 et
1767 4919 1900 4974 londibsss

191 5019 268 5073 pune
291 5005 443 5057 secundnm
463 5005 590 5067 sormam
617 5001 768 5072 risibilem,
798 5006 850 5058 sed
867 5013 929 5057 ante
947 5007 1032 5059 rerba
1053 5001 1255 5072 prosequimur
1271 5003 1455 5073 admirantes,
1475 5004 1618 5076 ineffabile
1631 5005 1736 5058 donem
1749 5013 1900 5076 stupentes,

194 5087 249 5143 illa
268 5088 347 5142 cibas
372 5089 422 5142 ille
447 5089 599 5142 communie
618 5095 726 5143 tantam
744 5092 896 5145 nutriendo
918 5092 1034 5161 corpori
1059 5088 1249 5142 benedicentes
1272 5088 1404 5160 bonisque
1421 5091 1513 5145 rabis
1527 5097 1736 5162 prosternentes,
1750 5095 1900 5163 camdem

195 5176 355 5228 commodus
376 5181 438 5227 erat
462 5182 489 5227 et
509 5174 583 5228 citae
601 5174 761 5243 cmporalis
778 5176 935 5230 subsidium
951 5177 1039 5232 mini,
1058 5174 1149 5244 ipsum
1174 5174 1290 5244 effodit,
1313 5191 1349 5229 ne
1366 5193 1541 5231 maneremus
1559 5175 1589 5228 in
1606 5190 1716 5247 errore,
1739 5194 1790 5232 nec
1807 5179 1904 5234 solam·

193 5260 318 5327 strabat,·
335 5261 388 5313 sed
405 5275 437 5313 en
456 5277 511 5329 orso
530 5279 550 5314 a
567 5261 692 5313 Domino
714 5261 891 5331 dictumest,
909 5263 973 5316 Hoc
983 5264 1031 5327 sa·
1057 5260 1166 5330 effudit,
1183 5263 1235 5313 sed
1252 5261 1338 5316 etiam
1356 5279 1417 5317 mm
1434 5265 1526 5335 speum
1543 5261 1623 5316 nobis
1640 5262 1800 5334 impertiret.
1838 5266 1896 5320 Au·

195 5347 247 5402 cite
264 5347 296 5400 in
314 5362 404 5400 meam
423 5348 717 5416 commemorationem,
738 5347 864 5402 irascere
882 5366 951 5403 caro
969 5365 1032 5403 mea
1057 5345 1184 5417 gustirm
1209 5347 1257 5402 lib.
1277 5353 1301 5404 ³.
1328 5347 1363 5403 de
1379 5348 1478 5403 trinit.
1495 5362 1520 5401 c.
1539 5352 1564 5401 4.
1588 5346 1662 5403 circa
1679 5348 1776 5406 tinem:
1813 5352 1899 5407 Iliad
1995 5346 1998 5353 ’

195 5439 223 5489 et
239 5433 286 5488 lic
301 5440 341 5488 est
360 5434 477 5504 sanpnis
494 5452 584 5505 mne,
603 5433 816 5506 pnonmcanqne
834 5434 878 5488 bis
895 5435 986 5489 verbis
1005 5442 1032 5489 et
1058 5448 1162 5503 corpses
1182 5432 1289 5488 Cbrr’sti
1306 5441 1333 5488 et
1352 5434 1516 5503 sanpninem
1534 5430 1667 5503 dimmm,
1691 5438 1769 5505 qnod
1785 5454 1818 5491 en
1834 5440 1902 5502 sm:

195 5520 251 5579 loo
266 5521 325 5585 ride
341 5527 435 5576 annm
451 5527 503 5590 est,
520 5523 610 5591 panis
625 5510 892 5577 ine-messanicus
911 5529 940 5576 et
956 5498 1047 5579 celiel
1059 5519 1146 5574 stibna
1164 5528 1258 5598 terrae
1277 5527 1421 5590 acceptum
1438 5525 1465 5573 et
1477 5531 1563 5588 prece
1577 5519 1695 5583 menica
1705 5532 1898 5578 consecratam
