4004 6022
670 194 1077 267 =÷·-··nnntsurern.·
1701 208 1763 276 ese

73 363 283 440 quesistlilli
300 363 429 427 irrueret
445 362 706 437 termepropriee,
723 364 907 421 licetstueas
934 365 1030 419 aare.
1068 366 1147 433 turea
1170 376 1228 419 aaa
1245 369 1339 435 potest
1358 372 1422 419 'tite
1442 363 1579 419 seem
1595 358 1677 420 &noia
1709 364 1765 420 ffl-

73 452 132 509 sibl
149 451 312 522 vendicent3
329 451 402 507 forts
418 450 491 507 enim
513 468 556 507 res
573 450 747 524 designanda
757 466 813 507 non
823 450 914 506 hebet·
933 455 1054 505 sumtum
1087 449 1232 505 confirmet
1266 448 1367 521 triplicl
1400 455 1624 520 remeaturum
1655 464 1765 522 genere

73 538 246 607 talentinus,
260 536 793 610 quaenonpoeeinteibinliivendicnrs3
806 498 1027 639 inexc'Primo
1050 552 1085 591 er
1109 535 1209 591 nostris
1234 534 1445 607 hypothesibus.
1480 536 1650 591 Adversarii
1671 537 1766 592 volam

74 622 154 682 nine
164 624 340 696 postmodum
353 623 576 694 deprehenditur,
590 624 654 694 jure
667 640 704 677 an
716 622 827 693 injuria,
843 638 908 679 vers
919 642 923 721 q
935 621 1057 694 (inquit),
1074 640 1131 676 aon
1147 622 1237 677 cahem
1242 621 1488 691 praedicationum
1502 622 1581 676 verbi
1598 636 1658 677 esse
1671 613 1766 677 notavi

75 726 115 767 an
131 710 212 780 falso,
231 717 310 766 notas
326 709 388 764 illae
399 709 446 763 alii
461 709 516 764 sibi
527 708 682 766 vendicent.
708 708 738 764 Si
750 726 805 781 qne
817 726 846 764 ee
858 724 908 779 pro
935 708 1076 776 eccleciae,
1088 708 1388 776 nemausensem
1401 715 1429 760 et
1437 708 1627 777 receptionem,
1642 709 1684 762 iti
1694 709 1767 762 aisn

75 814 182 871 sponse
198 797 272 870 regie
290 796 423 863 venditet,
440 796 587 868 purpureis
605 794 729 851 vestibus
745 795 857 850 mesdei
867 795 908 849 in-
934 794 1031 847 dicant
1048 810 1106 848 sese
1121 808 1218 847 anam
1237 794 1392 861 eccleciam,
1412 793 1461 847 nbi
1469 794 1665 863 pandantur,
1684 794 1767 848 aedi·

76 884 149 941 duta
166 888 197 938 st
218 896 327 939 omnsrn
344 889 485 938 externum
502 883 596 953 regias
607 898 724 953 sponsas
737 881 908 952 splendorem
934 887 982 933 tra·
1003 888 1030 934 et
1053 878 1180 934 crediaer
1200 879 1321 934 sabam.
1356 883 1392 932 At
1415 880 1477 949 qns's
1493 896 1575 934 nosse
1587 887 1694 950 potest,
1718 882 1768 934 abi

75 969 236 1039 mandatur,
248 969 396 1024 multorum
409 967 537 1039 opinione
548 985 600 1039 pro
610 969 685 1041 regie
696 982 798 1039 eponm
811 965 909 1023 baberi
934 982 998 1021 vere
1016 968 1152 1021 anacam
1170 966 1301 1020 verbam!
1335 964 1558 1036 Respondemus:
1579 967 1691 1038 qnando
1706 967 1766 1038 qui·

76 1057 195 1129 poterit3
222 1055 273 1111 sed
297 1054 492 1111 recurrendum
517 1055 554 1109 ad
575 1053 685 1109 tabulas
708 1054 825 1110 foederis
845 1070 908 1109 oon·
936 1053 999 1108 dnm
1021 1058 1176 1108 nostrorum
1193 1070 1257 1108 curn
1276 1052 1482 1124 nundinatione
1497 1052 1575 1108 verbi
1593 1055 1768 1126 conjungunt

73 1141 288 1217 jngnbe‚‚tunc
307 1139 467 1213 apparebit,
488 1140 563 1213 quod
582 1158 638 1196 non
657 1140 694 1196 sit
709 1156 776 1196 rere
794 1154 909 1211 sponve;
935 1138 1011 1195 illine
1029 1138 1201 1207 manum,
1218 1138 1350 1194 videlieet
1367 1138 1562 1213 mspdonem,
1580 1144 1647 1195 tune
1666 1138 1766 1196 intelli·

76 1228 120 1286 sie
142 1228 211 1284 licet
232 1227 349 1283 ecclesie
365 1224 518 1299 apostatica
536 1242 587 1298 pro
603 1240 671 1282 vere
688 1226 789 1282 (ibrieti
809 1240 910 1298 eponae
935 1230 1006 1296 gurm
1023 1239 1078 1280 uon
1100 1225 1257 1281 interimam
1272 1224 1457 1297 receptionem
1474 1241 1525 1296 per
1540 1224 1633 1293 fidem,
1652 1225 1702 1281 esd
1721 1241 1766 1282 ex·

76 1330 142 1373 sess
167 1313 293 1369 venditet
318 1320 347 1370 et
372 1320 485 1368 emano
504 1312 651 1384 splendore
668 1312 790 1385 fulgent,
817 1319 909 1368 temen
935 1319 1042 1367 arnum
1058 1311 1251 1384 receptionem,
1263 1328 1319 1383 per
1338 1327 1422 1383 quem
1441 1326 1523 1367 raes
1535 1312 1675 1368 dscminse
1688 1311 1765 1368 lacus

75 1401 193 1459 tabulas
216 1400 342 1456 coelestis
363 1399 583 1471 desponsationis
607 1399 699 1455 lectae
715 1399 745 1454 in
762 1397 832 1463 dds,
855 1398 909 1454 boc
935 1398 1026 1455 detur.
1062 1388 1194 1465 Quemvis
1218 1398 1306 1470 igitur
1331 1414 1387 1454 non
1409 1398 1546 1470 possimne
1570 1399 1599 1453 in
1621 1399 1765 1455 individuo

76 1494 122 1546 eet
139 1486 298 1558 Scriptores
319 1502 425 1554 merae,
448 1485 609 1553 ostendunt,
626 1485 701 1556 qnod
716 1502 772 1539 non
791 1485 827 1540 eit
844 1498 911 1539 vere
936 1500 1117 1557 cognoscere,
1141 1501 1159 1540 a
1182 1485 1283 1556 quilnue
1306 1484 1362 1540 fide
1386 1484 1476 1543 sordis
1500 1485 1629 1542 interiore
1650 1485 1766 1542 verbnm

77 1572 207 1637 eoelssia,
227 1587 283 1644 quo
302 1572 422 1644 petinet
440 1570 517 1640 illud,
532 1570 608 1642 quod
627 1570 801 1642 Augustinus
817 1569 866 1625 bb.
884 1575 909 1625 t.
936 1572 1096 1643 recipietur,
1122 1578 1216 1628 maren
1237 1573 1287 1628 ubi
1309 1588 1393 1628 verae
1417 1573 1561 1629 dootdnas
1585 1574 1664 1628 locus
1685 1572 1766 1627 detur

78 1660 117 1717 de
140 1659 230 1732 symb.
255 1674 279 1715 c.
304 1657 532 1729 reconpensari
549 1663 631 1712 vocat
647 1656 756 1712 tabulae
773 1656 910 1712 matrimo-
937 1664 1021 1732 atque
1045 1659 1094 1714 ubi
1116 1658 1145 1712 tn
1168 1659 1282 1730 publico
1308 1658 1460 1716 mimetsrio
1476 1660 1592 1717 rsrbuun
1609 1659 1663 1714 Dei
1682 1664 1767 1724 sonet

77 1746 169 1804 nieles
191 1746 274 1818 bnjue
297 1760 421 1817 sporum.
457 1750 481 1801 6.
506 1744 673 1799 invertimus
690 1742 850 1798 Bellermini
868 1756 910 1797 ar
937 1745 1046 1801 omnino
1066 1760 1233 1818 cognoscere
1250 1762 1403 1818 possumus.
1440 1747 1606 1819 Ubicunque
1622 1762 1768 1817 veropurs

80 1838 253 1909 gementum.
287 1830 330 1886 Ex
354 1846 388 1886 eo
411 1829 484 1886 enim
505 1831 580 1902 ipso,
603 1831 678 1903 quod
700 1830 815 1904 quasvis
837 1835 913 1884 secte
937 1831 1115 1903 praedicetur
1132 1832 1256 1898 verbnm,
1274 1833 1313 1889 ibi
1331 1850 1439 1905 semper
1455 1839 1521 1889 eunt
1537 1833 1632 1905 aliqui,
1652 1832 1700 1904 qui
1711 1831 1768 1888 ilde

78 1922 120 1977 de
145 1920 287 1975 doctrines
312 1917 429 1997 veritate
453 1917 588 1990 gloriatur
610 1931 727 1988 eamque
746 1916 798 1972 sibi
816 1915 911 1972 vendi·
937 1918 1027 1974 cordis
1052 1918 1122 1973 illud
1147 1919 1300 1991 recipiunt,
1321 1921 1392 1992 quia
1416 1920 1532 1976 verbum
1550 1919 1604 1976 Dei
1627 1934 1768 1991 nunquam

78 2024 147 2065 care
164 2007 272 2074 nititur,
290 2003 384 2077 colligi
403 2010 501 2075 potest,
519 2020 618 2076 puram
634 2002 713 2059 verbi
730 2002 910 2075 praedicetis·
937 2003 1010 2060 redlt
1031 2020 1149 2061 vacuum
1173 2021 1206 2061 ec
1229 2010 1288 2061 rste
1305 2005 1447 2061 caninae
1464 2005 1643 2077 evangelicae
1662 2020 1769 2076 semper

78 2110 145 2151 nem
162 2108 224 2149 sees
240 2091 374 2148 ecclesiae
392 2098 499 2158 notam,
517 2090 668 2145 simoneta
683 2106 751 2146 vera
768 2107 823 2145 non
841 2094 914 2145 esset
936 2090 1044 2163 aliquos
1068 2091 1157 2163 pisces
1180 2091 1267 2148 bonos
1291 2092 1382 2162 cepit,
1406 2092 1435 2146 id
1459 2092 1535 2164 qnod
1559 2089 1639 2148 noble
1652 2090 1767 2159 sufficit,

77 2178 154 2251 talis,
171 2181 295 2236 homines
315 2179 351 2233 ed
371 2194 431 2233 enm
449 2192 536 2248 preve
552 2176 705 2233 imitatione
715 2176 913 2248 pseudomons·
936 2183 969 2232 nt
994 2194 1027 2233 er
1047 2192 1119 2249 pure
1143 2177 1220 2234 serbi
1237 2178 1446 2249 praedieatione
1461 2176 1575 2249 publice
1593 2184 1706 2249 recepte
1723 2192 1766 2233 se·

78 2276 139 2325 tam
154 2284 212 2324 non
227 2267 387 2322 formarent
423 2267 469 2333 At,
486 2263 577 2336 inquit
590 2263 781 2334 Bellsrminue,
794 2262 912 2333 praedi·
937 2262 1048 2319 alesiam
1071 2262 1217 2320 eeedmare
1238 2269 1267 2320 et
1278 2264 1448 2336 'dignam
1465 2264 1617 2336 possimus,
1641 2263 1767 2335 quemvis

79 2355 158 2411 catio
178 2354 248 2408 baec
264 2352 308 2407 ret
324 2352 406 2405 debet
422 2366 481 2405 esse
496 2367 571 2419 para
588 2348 625 2403 ab
642 2350 719 2403 mani
734 2365 844 2412 enare,
868 2347 913 2402 oei
937 2350 1062 2421 ignotum
1084 2349 1165 2406 nobis
1189 2348 1240 2413 eit,
1264 2349 1379 2422 quinam
1402 2364 1469 2404 rere
1491 2348 1548 2404 tide
1565 2348 1680 2405 verbum
1698 2349 1767 2405 reei-

79 2441 183 2497 saltem
204 2440 242 2493 ab
264 2438 406 2493 mentae
420 2436 687 2505 smdamerualibes
711 2443 739 2489 et
757 2432 912 2490 urentiali-
937 2436 1016 2509 pient
1033 2435 1130 2491 etheo
1146 2435 1254 2491 ratione
1270 2433 1340 2490 fiant
1356 2450 1425 2491 vere
1442 2440 1472 2490 st
1485 2435 1550 2491 vive
1567 2434 1767 2491 invisibilisne

79 2527 139 2583 bers.
178 2525 214 2580 ur·
224 2524 445 2594 detarprimam,
461 2523 558 2577 enirm
570 2530 636 2576 nota
649 2522 821 2591 colligemus,
834 2523 914 2592 apes
938 2522 1039 2579 clerieo
1058 2521 1190 2578 membre.
1225 2521 1353 2578 munus
1376 2537 1409 2577 ex
1429 2520 1596 2593 quibusdem
1619 2520 1701 2578 dictis
1717 2526 1767 2592 ps·

78 2613 178 2669 asilos
194 2611 416 2667 lutheranorum
440 2626 498 2664 esee
524 2610 680 2673 ecclesiam,
704 2626 769 2663 nam
792 2607 852 2679 ipsi
867 2610 913 2672 sa·
937 2615 1022 2665 mum:
1048 2609 1114 2664 Bias
1135 2610 1218 2664 delio
1235 2607 1350 2680 (inquit)
1367 2610 1459 2663 mass
1479 2616 1532 2677 eet,
1555 2625 1627 2679 qnae
1645 2609 1683 2662 sit
1695 2618 1767 2662 bera

79 2708 184 2764 taeter,
213 2716 284 2753 ereas
300 2696 431 2752 ecclesiae
448 2713 504 2751 nan
525 2711 622 2750 carere
639 2696 750 2764 nasein
774 2696 801 2749 ei
817 2712 912 2749 secan·
939 2696 1082 2764 eccelsia,
1101 2712 1185 2766 psam
1196 2695 1318 2765 maced
1328 2712 1397 2749 vera
1403 2695 1586 2765 praedicatio
1600 2695 1684 2764 verbi,
1701 2710 1768 2748 narn

80 2788 158 2851 bns,
170 2786 238 2855 jans
254 2785 307 2839 erit
321 2792 387 2837 nota
402 2783 553 2838 commissis
564 2782 660 2837 endiis
671 2782 761 2837 ecelin
790 2781 912 2853 Respon-
937 2783 972 2836 iri
986 2782 1023 2836 ai
1040 2782 1157 2836 ecclesia
1176 2782 1319 2850 dsbcimeoe,
1336 2789 1367 2835 nt
1383 2783 1481 2836 dean
1493 2783 1639 2851 Irenaesss,
1659 2780 1768 2837 Tnnat-
1841 2778 1847 2801 ⁸

79 2872 197 2930 nsaw
214 2888 265 2943 per
279 2886 381 2926 naevos
397 2870 531 2925 ecclesiae
549 2868 728 2925 adhaerentes
746 2884 802 2922 non
813 2866 912 2923 intelli·
938 2869 1039 2935 lianae,
1056 2868 1229 2938 Aspauinrse
1247 2875 1273 2923 et
1290 2885 1385 2924 omnes
1394 2877 1506 2924 mures.
1541 2869 1672 2925 isannem
1682 2867 1731 2923 lib.
1744 2873 1769 2924 t.

78 2958 174 3035 gimne
193 2957 346 3013 mamone
369 2957 518 3026 dootdnes,
543 2955 592 3010 sed
614 2955 755 3026 opiniones
778 2954 911 3026 quasdam
937 2971 963 3009 c.
981 2960 1011 3010 t:
1037 2954 1113 3017 Qate
1128 2956 1215 3023 eninr,
1240 2954 1295 3008 etsi
1309 2956 1345 3009 de
1362 2955 1463 3024 digna
1480 2955 1593 3009 neam
1610 2954 1770 3024 emenone

77 3060 144 3102 enm
185 3043 371 3099 fundamento
400 3042 466 3097 fidei
499 3040 714 3114 haudquaquam
748 3047 912 3113 pugnantes.
938 3042 1104 3113 disceptatio
1130 3050 1194 3095 orta
1210 3041 1330 3110 frana,
1355 3058 1447 3094 nonne
1470 3048 1610 3111 oporteret
1641 3043 1671 3094 in
1697 3040 1768 3094 aeti·

79 3131 186 3190 Omnes
214 3128 288 3186 enim
314 3130 440 3184 haereses
467 3128 578 3199 proprie
604 3127 644 3182 sic
669 3126 759 3183 dictae
786 3134 913 3199 pugnant
938 3129 1088 3199 masinae
1110 3144 1255 3183 cacunem
1280 3126 1413 3181 munos
1437 3134 1464 3180 et
1486 3127 1523 3179 ab
1544 3128 1585 3180 sis
1608 3142 1716 3180 mvnere
1733 3128 1769 3179 de

79 3224 179 3275 cauma
204 3215 427 3280 tundamentum,
455 3213 478 3268 ei
506 3230 561 3269 non
588 3213 717 3284 primario
745 3219 774 3269 et
800 3213 912 3281 directa,
936 3216 1081 3284 praesenti
1102 3214 1276 3285 quantiam,
1302 3214 1378 3282 qaod
1394 3220 1498 3266 ceram
1515 3212 1698 3281 aliquidem
1714 3214 1769 3267 cett

79 3312 176 3361 tamen
192 3301 368 3371 secundario,
387 3317 419 3355 ex
438 3305 625 3372 consequente
646 3305 674 3355 st
691 3299 839 3368 indirecte3
858 3299 913 3354 elie
937 3299 1125 3356 Tmtullienus
1142 3298 1202 3355 libr.
1218 3299 1254 3354 de
1267 3298 1434 3370 praescript:
1457 3297 1535 3362 Quid
1542 3299 1769 3368 praedicaverint

78 3406 147 3447 vero
163 3395 208 3444 est
225 3388 298 3443 ratio
315 3387 400 3459 ligni,
424 3385 498 3441 foeni
516 3403 549 3441 nc
565 3385 744 3457 stipularum,
762 3402 834 3458 quse
851 3386 913 3440 run-
937 3384 1074 3457 apostoii,
1101 3385 1247 3455 quintillia
1266 3386 1392 3441 Oiristrse
1408 3386 1586 3450 revelaverit,
1608 3402 1666 3440 non
1685 3387 1770 3441 aliter

79 3478 212 3533 mento
236 3475 314 3529 salvo
332 3480 361 3528 st
377 3474 485 3544 integro
500 3479 662 3528 conservato
679 3476 912 3543 eupemtruantur.
935 3473 1056 3543 probari
1080 3473 1159 3526 dela
1179 3473 1237 3525 enisi
1259 3488 1312 3542 per
1330 3474 1443 3527 eudem
1459 3473 1607 3542 missiae,
1625 3488 1697 3542 qnae
1713 3474 1770 3544 ipsi

78 3556 914 3634 ”Distinguendumitnqnetintersrroreelnqaaestionibas
938 3559 1063 3631 apostoli
1080 3558 1275 3613 maenas.
1310 3557 1533 3629 Respondemus:
1551 3558 1687 3631 quaedem
1704 3568 1770 3615 sant

76 3649 152 3715 ndei
169 3656 196 3702 et
208 3648 285 3701 circa
295 3647 396 3711 stiam
413 3647 441 3699 in
452 3645 496 3700 hie
509 3650 672 3716 potestesse
684 3644 826 3699 dissensus
837 3644 915 3698 salva
937 3644 1046 3702 notiore
1071 3653 1191 3713 nawa,
1215 3643 1353 3715 quaedem
1376 3660 1443 3700 vero
1460 3645 1569 3702 nodare
1585 3646 1672 3701 nolin
1707 3646 1770 3701 Ari·

77 3733 215 3791 missiae
237 3733 368 3800 veritate,
393 3731 422 3786 in
446 3731 500 3785 illis
522 3730 650 3798 minime3
676 3736 700 3787 2.
724 3730 795 3787 inter
813 3745 914 3785 naevos
938 3732 1050 3789 roasa
1077 3738 1099 3788 1.
1123 3737 1195 3802 post.
1221 3730 1293 3786 anal
1316 3747 1339 3786 c.
1363 3736 1388 3788 t.
1410 3737 1477 3789 text.
1500 3738 1525 3787 i.
1543 3738 1645 3789 natura
1661 3734 1770 3791 notiam

77 3820 224 3877 doctrinae
244 3826 273 3874 et
296 3819 457 3874 morumfl
492 3814 649 3872 Monuimne
667 3822 760 3872 eutem
777 3816 912 3888 superine,
938 3825 1004 3874 eunt
1020 3834 1121 3875 canem
1141 3822 1172 3873 et
1186 3818 1369 3890 proprietates
1383 3819 1553 3889 eesendalss3
1570 3821 1651 3877 nobis
1662 3821 1770 3878 notan

78 3922 142 3963 esse
159 3906 263 3978 padue
282 3904 417 3976 puritatis,
436 3920 518 3976 quam
537 3902 670 3959 ecclesiae
685 3902 840 3972 tribuimus,
857 3920 912 3974 quo
937 3912 1002 3961 eunt
1023 3911 1137 3960 externe
1160 3903 1297 3976 quaedem
1319 3911 1348 3959 st
1364 3905 1522 3960 communie
1540 3906 1695 3964 accidentia
1712 3908 1770 3964 eive

78 3994 154 4051 errim
181 3991 275 4064 purior
302 3999 332 4047 et
356 3991 486 4047 sincerior
511 3997 553 4046 eet
571 3988 648 4045 verbi
667 3988 850 4061 praedicatio,
879 4004 911 4044 eo
937 3990 1037 4048 effoeta
1052 3991 1083 4045 in
1100 4006 1197 4045 senens
1213 3989 1392 4045 incurrentia
1427 3989 1481 4045 llln
1499 4006 1571 4061 ques
1589 3998 1690 4047 natura
1705 4000 1771 4048 sant

78 4080 165 4137 etiem
183 4078 278 4151 purior
295 4085 337 4135 est
353 4076 486 4134 ecclesiae
507 4074 912 4149 satn,qu0p1urssstipulne
937 4079 1053 4148 notius,
1073 4075 1211 4149 praebent
1229 4076 1345 4133 solidani
1364 4081 1392 4132 st
1409 4075 1569 4132 distinam
1586 4078 1627 4134 rei
1636 4078 1770 4150 cognitio-

78 4165 282 4233 edrnisoentur,
305 4180 340 4219 eo
359 4164 492 4234 impurior
516 4168 559 4219 est
581 4168 609 4219 et
625 4163 786 4232 corruptior.
821 4162 850 4219 si
870 4161 910 4217 in·
936 4179 1016 4234 nsm3
1047 4180 1120 4236 qnae
1144 4162 1225 4218 nobie
1250 4161 1373 4231 notiore,
1402 4161 1537 4218 innatam
1564 4169 1595 4218 et
1619 4163 1768 4221 conium

76 4252 224 4308 valeseant
245 4250 371 4306 haeresse
395 4249 604 4305 fundamentum
622 4253 791 4317 evocantes,
810 4248 912 4303 desinit
937 4252 994 4309 Noe
1017 4251 1070 4307 boc
1092 4251 1153 4305 loco
1173 4249 1244 4306 tales
1268 4255 1348 4304 notu
1372 4250 1544 4321 quaerimus,
1566 4267 1639 4322 quae
1654 4256 1767 4320 ceam,

79 4354 141 4395 esse
163 4352 230 4393 vera
253 4336 368 4392 visibilis
391 4335 508 4391 ecclesie
527 4342 555 4392 st
572 4333 607 4390 fit
623 4334 740 4390 oedesie
758 4334 911 4407 malignan-
936 4336 1110 4394 infallibilem
1135 4342 1164 4392 et
1189 4334 1369 4392 scientificum
1393 4336 1582 4410 cognitionem
1607 4332 1767 4409 praebeant,

78 4425 165 4489 dam,
191 4423 302 4479 interim
330 4422 353 4476 ei
383 4422 535 4493 baptismus
561 4427 590 4477 et
611 4420 747 4492 quaedam
772 4419 911 4477 caninae
937 4440 986 4481 ees
1003 4423 1089 4497 igitm
1105 4423 1243 4495 petendae
1262 4429 1343 4478 erum
1354 4438 1389 4477 er
1398 4420 1554 4480 notioribus
1566 4429 1675 4494 nature,
1691 4424 1768 4481 vide·

78 4511 175 4582 sepita
195 4509 288 4564 adbuc
309 4512 453 4563 esmanmr
476 4506 599 4579 integra,
629 4507 707 4563 Deus
728 4507 758 4561 in
781 4512 911 4578 corrupto
936 4509 1002 4566 licet
1020 4526 1054 4566 ex
1072 4508 1163 4567 causis
1181 4515 1211 4565 et
1223 4508 1441 4581 proprietatibus
1458 4510 1573 4567 internis
1591 4517 1620 4568 st
1637 4512 1767 4570 samua·

79 4595 216 4656 milesiae
237 4594 353 4650 visibilis
370 4600 459 4663 steten
482 4593 537 4648 imo
556 4592 585 4646 in
602 4592 694 4648 medio
712 4593 911 4650 masuam
936 4594 1024 4666 libne,
1050 4596 1118 4666 qaia
1141 4595 1214 4650 scire
1240 4603 1281 4649 est
1304 4612 1365 4651 rens
1384 4611 1440 4665 per
1463 4614 1579 4652 caesam
1598 4614 1768 4667 cognoscere.

79 4692 164 4742 nosen
188 4698 238 4754 per
263 4682 339 4737 dicta
361 4680 410 4735 illa
428 4680 520 4735 rnsdia
537 4679 702 4736 invisibilem
721 4678 842 4753 eliquarn
858 4680 911 4736 sle-
936 4682 1002 4738 lem
1024 4698 1090 4737 vero
1112 4681 1227 4738 verbum
1247 4680 1302 4737 Dei
1325 4688 1369 4737 est
1391 4688 1492 4739 nature
1512 4684 1605 4740 notius
1622 4701 1707 4757 quenu
1725 4702 1768 4741 so·

78 4778 188 4829 stomm
222 4769 365 4826 ecclesiam
391 4767 445 4823 sibi
469 4766 583 4839 colligit.
624 4765 704 4832 Quod
725 4766 910 4824 Bellerminus
937 4768 1034 4833 clsem,
1056 4774 1100 4823 sn
1123 4767 1196 4823 enim
1221 4768 1387 4840 principiam
1404 4775 1434 4825 et
1450 4786 1536 4826 cause
1554 4771 1689 4828 ecclesiae
1704 4788 1767 4828 oon-

79 4858 170 4928 eddit,
187 4857 358 4925 Pelagianos
377 4857 406 4911 ia
419 4854 569 4924 primariis
586 4854 716 4909 aneae
733 4870 790 4908 non
807 4853 911 4909 duen-
937 4853 1093 4911 edtnendne
1109 4857 1138 4909 et
1155 4852 1338 4926 colligendae,
1356 4861 1399 4909 eet
1415 4872 1515 4923 emen,
1533 4874 1567 4913 ex
1580 4873 1636 4930 quo
1646 4858 1769 4914 nascitur

79 4946 150 5001 desc
169 4944 207 4997 ab
221 4942 348 5012 walaia,
365 4948 514 5010 anaqam
531 4940 717 4995 Nestorianos
728 4942 911 5010 peperissent,
938 4940 1056 4998 ecclesia
1071 4939 1151 4996 Rom.
1166 4946 1188 5008 1,
1206 4954 1234 4997 v.
1249 4945 1288 4996 lt.
1313 4956 1337 4997 c.
1354 4947 1392 5007 lt,
1410 4958 1438 4999 v.
1453 4948 1492 5000 t'l.
1521 4948 1543 4998 t.
1556 4943 1632 5002 Patr.
1647 4951 1670 5014 t,
1685 4962 1713 5001 v.
1727 4950 1768 5003 2³.

78 5030 184 5087 mum
207 5035 261 5098 ar,
284 5028 350 5101 qua
371 5032 553 5100 corruperunt
571 5025 725 5083 eamn-n
744 5027 780 5082 ee
797 5004 981 5099 penales
998 5028 1219 5095 summane
1243 5025 1377 5083 enema
1398 5028 1502 5099 neue.
1522 5035 1553 5095 2,
1571 5048 1597 5084 v.
1615 5036 1657 5087 ru
1679 5031 1768 5104 -nrgo

80 5115 226 5190 aiginali,
261 5115 297 5171 ds
325 5114 412 5170 libero
439 5113 566 5183 arbitrio,
596 5112 632 5169 de
657 5110 855 5183 justificatione
884 5114 1052 5171 st'verbunr
1067 5111 1121 5167 Dei
1137 5119 1180 5168 eet
1198 5110 1317 5182 proprie,
1333 5113 1488 5170 infallibilis
1505 5122 1623 5173 eteerta
1635 5117 1768 5174 sertulae

80 5202 194 5260 similes
923 5194 1010 5291 insta
1045 5197 1156 5255 conas
1190 5197 1333 5271 Quidquid
1355 5200 1538 5258 munuca
1558 5200 1769 5259 definitur-ste

117 5294 176 5346 tet.
211 5293 236 5343 t.
257 5289 349 5343 Notae
373 5285 472 5340 ἀοὸοηι
491 5301 549 5339 erse
564 5284 688 5339 nonnae
704 5298 740 5339 aa
757 5301 805 5353 re,
831 5285 1022 5360 ag‘ss5priori
1040 5284 1201 5359 affloecitur
1216 5300 1251 5340 se
1269 5284 1404 5357 probem
1420 5302 1455 5343 er
1472 5287 1526 5343 Dei
1544 5287 1648 5361 verbe,
1666 5288 1697 5345 id
1712 5306 1768 5347 nan

79 5384 147 5432 nec
163 5383 254 5438 notae
272 5373 715 5444 alioqaieninnonsantnotas,
732 5354 982 5438 adtemtaefeet
997 5378 1098 5428 namra
1112 5370 1205 5427 nedae
1222 5372 1308 5428 verbo
1325 5371 1387 5442 Dei,
1412 5371 1481 5443 qvia
1496 5372 1621 5431 dedmiv
1640 5376 1768 5432 mnda-

79 5465 235 5519 «ἴω-Μ
253 5459 690 5532 perapraesticatiaverbissoe
707 5406 974 5515 umescit·
990 5459 1338 5531 petndautsautute
1355 5456 1716 5534 prices'basetaotieslbae,
1732 5479 1768 5519 ec
