3998 6024
812 338 864 395 DE
881 338 1073 398 mutuala.
1188 356 1190 361 ⁴
1725 354 1786 413 293

92 492 221 564 aliquod.
247 493 439 559 (eucharistiae
454 498 534 566 puta)
558 495 611 550 sibi
630 497 695 551 solis
712 497 852 569 integrum
868 494 928 550 rin-
958 495 1079 564 aliquod
1095 499 1279 566 Porisierses,
1296 508 1326 553 ut
1348 498 1466 569 Gerros,
1485 502 1608 561 Atracio,
1627 501 1789 570 Alprhoosus

93 580 203 648 dicant3
230 580 344 651 aliquod
367 582 544 648 (matrimonii
563 587 642 654 puta)
666 585 731 639 solis
747 585 825 639 laicis
841 582 927 638 tribu·
956 584 991 635 de
1010 581 1111 638 Castro
1131 594 1157 638 et
1175 586 1324 639 Adrianus
1347 586 1394 642 VI.
1412 604 1508 656 papc5
1523 588 1559 642 de
1578 587 1631 642 hac
1650 587 1795 642 sententie·

92 671 252 738 nutatque
277 684 295 722 a
318 685 348 723 se
370 685 483 740 prorsus
500 671 666 741 repudiant?
702 676 726 725 ι.
745 670 775 727 si
793 669 927 741 professio
953 670 1128 739 postmodum
1147 671 1294 742 subjungit
1311 688 1389 725 suam
1407 673 1560 742 ἐπίκρισιν,
1581 677 1657 742 quod
1676 691 1732 728 ror
1748 675 1786 727 sit
1826 684 1828 687 ·

93 754 160 809 fidei
176 753 334 826 requiritur.
353 761 386 810 ut
402 755 464 826 quis
483 757 520 811 sit
536 757 670 812 ecclcsiae
687 757 849 818 membrum,
866 759 926 809 tum
953 758 1070 825 proprie
1090 759 1246 825 ιαιιιιιια,
1272 777 1333 812 cum
1357 760 1392 811 oh
1416 761 1533 813 secusia
1556 761 1650 813 adhuc
1667 761 1786 815 tolerer·

92 841 216 896 infantes
234 840 382 910 baptizati,
407 859 469 896 cnm
492 841 576 898 fidem
598 844 717 898 exterius
735 841 859 913 profiteri
877 856 928 912 per
953 851 1007 908 tur,
1026 844 1077 912 qui
1091 844 1173 896 illum
1191 853 1350 913 sequuntur.
1385 846 1424 900 At
1441 847 1497 911 illi,
1525 848 1572 918 qui
1590 848 1631 901 ita
1650 852 1784 916 statuunt,

92 934 214 983 aetatem
242 929 366 982 nondum
392 929 512 999 possint,
541 929 623 1000 plane
647 936 727 984 erunt
751 927 787 983 ab
811 927 927 984 ecclesia
954 945 1094 1000 nunquam
1114 930 1274 1000 probabunt
1293 932 1447 986 absolutam
1466 935 1494 987 in
1513 933 1703 1002 spiritualibus
1721 933 1785 988 sub-

91 1013 205 1069 exclusi.
247 1018 271 1070 3.
291 1012 320 1069 Si
342 1030 393 1084 per
408 1030 502 1070 veram
518 1014 601 1070 fidem
618 1015 785 1087 intelligitur
802 1013 927 1068 doctrina
949 1014 1108 1084 jectionem.
1145 1015 1178 1070 ln
1196 1018 1394 1087 temporalibus
1414 1017 1722 1089 absolutumpontificis
1736 1020 1832 1072 ini-11·
1846 1021 1879 1066 ⁶1·

91 1100 160 1155 fidei
176 1116 194 1154 a
211 1098 322 1155 Christo
345 1100 476 1170 apostolis
500 1102 605 1156 tradita
622 1107 651 1157 et
668 1117 722 1172 per·
735 1099 875 1171 apostolos
895 1098 927 1152 li·
953 1100 1059 1170 perium
1090 1103 1172 1173 longe
1202 1103 1296 1171 plnres
1324 1104 1459 1159 Catholici
1487 1104 1656 1173 improbant,
1687 1110 1720 1159 ut
1749 1121 1784 1160 ex

92 1187 160 1242 teris
187 1185 351 1258 consignata
374 1188 418 1256 (ιιι
440 1191 550 1257 oportet
576 1187 706 1257 intelligi)
725 1202 759 1242 ac
774 1186 797 1239 si
815 1202 866 1256 per
884 1200 926 1238 sa·
953 1187 1062 1256 scriptis
1087 1187 1208 1243 Barolaii
1234 1194 1263 1243 et
1287 1189 1478 1260 theologorum
1502 1189 1699 1245 Parisiensium
1723 1206 1786 1245 con·

91 1278 235 1329 ammenta
260 1273 453 1344 intelliguntur
478 1290 524 1337 ea,
551 1289 622 1344 quae
640 1288 657 1325 a
673 1271 783 1328 Christo
801 1271 927 1325 instituta
953 1277 1022 1341 stat,
1047 1273 1088 1327 illi
1115 1291 1181 1345 ergo
1205 1275 1292 1329 multo
1315 1276 1406 1329 minus
1426 1277 1610 1330 omnimodam
1630 1283 1659 1332 et
1677 1276 1786 1332 absolu·

91 1364 209 1415 suntet
226 1359 359 1415 ecclcsiae
378 1360 570 1415 commendata
597 1364 640 1429 (ut
666 1362 775 1429 oportet
797 1357 926 1428 intelligi,
952 1365 1010 1414 tam
1033 1360 1237 1429 subjectionem
1259 1369 1419 1432 agnoscant.
1455 1369 1478 1417 6.
1498 1362 1527 1418 Si
1552 1380 1585 1417 ex
1607 1370 1698 1418 mente
1723 1363 1787 1419 Bel-

90 1463 157 1502 cum
178 1462 235 1501 non
258 1446 406 1513 identitas,
434 1446 483 1500 sed
507 1447 609 1501 veritas
632 1451 864 1501 sacramentorum
883 1459 926 1499 ec·
953 1445 1061 1500 larmini
1086 1447 1172 1501 verba
1203 1446 1372 1503 definitionis
1400 1448 1567 1517 spectanda,
1597 1455 1665 1502 tunc
1693 1449 1786 1504 omnia

90 1533 205 1589 clesiam
225 1532 386 1600 devinciat);
408 1539 475 1586 tunc
501 1532 529 1585 ri
551 1532 719 1588 definitionis
743 1532 817 1586 illiue
842 1529 926 1584 facile
952 1531 1097 1587 verborum
1116 1533 1273 1604 significata
1293 1542 1372 1589 munt
1390 1535 1500 1588 inversa
1516 1542 1544 1589 et
1557 1534 1706 1605 Scripturis
1720 1551 1786 1589 con·

89 1619 204 1691 probari
228 1625 332 1690 potest,
357 1624 465 1674 coetum
484 1619 657 1689 Papisticum
683 1636 737 1674 non
756 1633 816 1673 esse
832 1632 925 1672 reram
952 1618 1044 1673 traria.
1089 1618 1144 1673 Per
1175 1619 1361 1674 Christianam
1396 1619 1479 1675 fidem
1509 1620 1641 1692 intelligit
1668 1621 1783 1675 verbum

90 1704 253 1772 ecclesiam,
281 1721 345 1759 cum
373 1705 526 1759 doctrinam
548 1705 624 1759 illam
647 1705 713 1761 fidei
732 1703 816 1758 variis
836 1703 926 1758 modis
953 1704 1086 1783 scriptum
1103 1711 1131 1758 et
1148 1720 1204 1759 non
1222 1705 1369 1775 scriptum,
1395 1705 1571 1766 traditiones,
1590 1706 1719 1775 concilia,
1736 1708 1784 1764 de-

90 1791 255 1861 curruperit,
273 1789 383 1845 Christo
398 1791 428 1844 in
444 1789 537 1845 officio
555 1791 714 1846 mediatoris
733 1797 843 1845 sanctos
861 1805 925 1843 con·
952 1796 1028 1844 creta
1045 1790 1181 1860 pontificis
1198 1797 1250 1846 etc.
1270 1807 1319 1860 per
1338 1799 1511 1847 sacramenta
1529 1792 1662 1864 intelligit
1679 1801 1784 1864 septam

86 1879 215 1951 junxerit
241 1884 270 1933 et
293 1893 366 1932 nova
389 1883 561 1931 sacramenta
585 1877 694 1932 duobus
718 1875 863 1931 aChristo
886 1876 927 1929 in·
952 1877 1014 1945 illa,
1042 1893 1115 1947 quae
1139 1878 1169 1932 in
1195 1878 1312 1932 ecclesia
1333 1879 1460 1933 Romana
1485 1886 1665 1934 numerantur
1693 1897 1784 1937 sacra·

90 1964 195 2021 stitutio
218 1964 371 2026 addiderit,
398 1980 432 2017 ea
448 1981 526 2027 vero,
553 1981 624 2035 quac
642 1964 780 2019 aChristo
801 1962 927 2017 instituta
952 1969 1058 2030 menta,
1077 1979 1128 2033 per
1144 1969 1269 2032 pastores
1285 1964 1418 2036 intelligit
1435 1982 1494 2033 eos,
1519 1966 1568 2037 qui
1586 1971 1663 2020 certo
1681 1967 1784 2022 rituum

91 2059 173 2120 sunt,
205 2050 353 2117 mutilarit,
381 2050 533 2120 corruperit
558 2056 586 2105 et
607 2050 637 2104 in
661 2050 785 2105 actiones
804 2056 862 2104 toto
880 2065 926 2120 gc·
952 2048 1121 2119 praescripto
1139 2054 1168 2103 et
1188 2050 1240 2105 sub
1258 2050 1383 2120 conjugii
1401 2049 1577 2119 abjuratione
1597 2052 1633 2106 ab
1647 2052 1790 2123 episeopis·

91 2156 158 2195 nere
184 2138 306 2193 diurnas
324 2136 533 2192 transformarit
556 2143 591 2192 ’4.
612 2135 641 2192 Si
660 2137 797 2206 subjectio
816 2136 853 2188 ad
870 2135 925 2188 Ro-
952 2135 1114 2189 ordinantur
1141 2141 1209 2204 etc.;
1242 2136 1292 2190 sed
1321 2135 1391 2190 haec
1420 2136 1513 2191 omnia
1540 2137 1612 2191 veria
1638 2138 1784 2193 verborum

90 2242 204 2279 manum
222 2222 381 2294 pontificem
397 2222 553 2277 necessario
573 2222 736 2292 requiritur,
762 2229 794 2276 ut
813 2221 874 2291 quis
890 2221 927 2275 sit
951 2219 1200 2291 significationibus
1219 2219 1248 2274 in
1267 2220 1411 2290 Scriptura
1427 2222 1550 2290 usitatis,
1569 2239 1651 2278 verae
1671 2224 1784 2294 inquam

90 2304 245 2366 membrum
264 2309 406 2378 ecclesiae,
426 2309 494 2380 quid
511 2307 562 2363 fiet
581 2308 750 2364 deecclesia
769 2309 869 2363 veteris
885 2313 924 2363 te·
951 2306 1094 2361 doctrinae
1112 2306 1222 2375 Christi,
1242 2306 1314 2362 veris
1333 2307 1511 2363 sacramentis
1528 2315 1557 2363 et
1575 2310 1646 2364 veris
1667 2310 1783 2385 pastori·

90 2397 229 2461 stamenti,
247 2397 314 2467 quid
331 2396 381 2451 fiet
401 2397 437 2451 de
457 2396 573 2450 ecclesia
588 2396 616 2448 in
631 2395 716 2450 coelis
728 2395 924 2466 triumphante,
950 2393 1004 2447 bus
1019 2398 1085 2448 sunt
1102 2394 1225 2448 adversa

90 2486 146 2541 imo
169 2484 238 2555 quid
261 2483 311 2538 fiet
334 2484 370 2538 de
395 2482 511 2536 ecclesia
536 2488 660 2550 tempore
680 2480 782 2535 Christi
806 2487 835 2535 et
858 2497 923 2550 apo·
986 2485 1028 2536 53.
1061 2479 1140 2534 Haec
1156 2487 1185 2534 et
1202 2480 1302 2535 similia
1320 2480 1348 2534 in
1367 2480 1526 2536 definitione
1543 2481 1705 2536 Bellarmini
1718 2483 1783 2552 jura
1796 2488 1882 2529 aerter-

92 2572 225 2626 stolornm
251 2568 382 2633 collecta,
409 2586 473 2623 cum
498 2586 534 2624 ne
557 2584 657 2623 nomen
678 2568 790 2638 quidem
806 2567 924 2622 Romani
951 2566 1103 2637 meritoque
1120 2566 1272 2622 desiderari
1293 2574 1424 2637 possunt,
1443 2568 1492 2622 sed
1509 2567 1709 2638 praetermissis
1727 2567 1783 2622 illis
1795 2540 1898 2632 3¹:5⁰3&ss

90 2656 231 2730 pontificis
262 2656 290 2709 in
321 2656 402 2710 terris
428 2660 501 2710 esset
526 2654 643 2709 notum?
677 2653 819 2709 Ecclesiae
844 2655 924 2710 Asia·
950 2653 1077 2708 omnihus
1098 2653 1210 2706 unicum
1227 2652 1297 2708 illud
1315 2652 1367 2708 hac
1379 2654 1440 2709 ricc
1451 2670 1597 2726 urgemus,
1617 2655 1692 2727 quod
1704 2670 1783 2726 prae·
1795 2644 1901 2736 effitie-

90 2747 161 2800 tices
185 2749 310 2813 tempore
336 2741 473 2810 Victoris,
504 2741 655 2797 Africanae
680 2748 804 2810 tempore
826 2739 923 2811 Augu·
949 2743 1138 2795 termittautur
1160 2739 1189 2792 in
1207 2738 1260 2794 hac
1275 2738 1436 2795 definitione
1453 2740 1508 2811 illi,
1536 2741 1646 2812 qui-vel
1664 2742 1881 2798 marinaeus·

90 2832 163 2899 atini,
181 2829 358 2901 anglicanae
375 2836 440 2884 ante
457 2828 607 2882 adventum
623 2827 776 2899 Augustini
797 2826 923 2882 monachi
949 2828 986 2881 ad
1005 2826 1152 2881 ecclesiam
1168 2827 1322 2897 pertinent,
1341 2827 1447 2881 scilicet
1463 2830 1511 2898 qui
1529 2827 1645 2883 internis
1661 2828 1781 2898 Spiritus
1794 2799 1903 2840 mm

92 2919 118 2972 in
137 2900 312 2972 Britanniam
330 2915 383 2969 suh
406 2914 541 2986 regimine
562 2931 653 2986 papae
671 2931 728 2969 non
745 2912 923 2984 comprehen·
950 2912 1037 2967 sancti
1059 2912 1138 2967 donis
1164 2918 1193 2967 et
1216 2911 1365 2966 virtutihus
1386 2912 1504 2982 praediti
1527 2920 1599 2970 sunt.
1635 2912 1733 2984 Neque
1751 2914 1782 2969 id

35 3060 42 3071 ,
92 3004 235 3061 debentur.
267 3002 425 3058 Secundum
437 3017 571 3057 canonem
584 3001 923 3070 Nicenumrepimcospi·
949 2999 1085 3056 diffitetur
1100 2999 1299 3064 Bellarminus,
1325 2999 1365 3054 sic
1382 3001 1456 3055 anim
1475 3016 1557 3070 porro
1576 3001 1686 3055 scribit:
1716 3002 1781 3056 Hoc

90 3091 168 3160 scopi
183 3090 308 3145 Romani
328 3090 407 3142 ultra
425 3089 590 3142 suburbicas
608 3089 741 3141 ecelesias
759 3105 815 3141 riou
835 3095 924 3140 emsa·
949 3087 1064 3139 interest
1093 3087 1166 3139 iuter
1194 3086 1359 3139 ementium
1383 3095 1511 3141 nostrum
1534 3096 1561 3140 et
1582 3088 1658 3141 alors
1681 3105 1781 3157 omncs,

92 3178 216 3241 debatur,
233 3173 351 3230 Rufinus
368 3174 416 3234 lib,
440 3180 462 3229 1.
479 3190 502 3230 c.
521 3181 545 3249 o.
564 3190 632 3227 num
648 3189 714 3228 vero
731 3178 774 3226 tot
784 3189 819 3227 ac
830 3179 924 3227 tantas
949 3173 1026 3241 quod
1054 3188 1148 3225 omres
1175 3173 1252 3225 oliae
1278 3173 1426 3241 requirunt
1451 3175 1577 3227 internas
1600 3175 1716 3227 ιινιιιιιι
1740 3177 1783 3228 (ιιι

92 3261 221 3318 ecclesias
238 3260 388 3321 Asiaticas,
406 3259 562 3324 Africanas,
579 3259 752 3330 Anglicanas
765 3265 817 3314 etc.
832 3275 850 3312 a
864 3275 923 3314 cor·
949 3259 1170 3312 constituendum
1195 3259 1317 3326 otiqrsem
1340 3260 1370 3311 ia
1389 3259 1508 3312 ecclesio
1525 3267 1552 3313 et
1566 3268 1721 3329 propterca
1739 3278 1781 3314 cc·

92 3348 165 3419 poris
181 3347 289 3402 unitate
306 3345 514 3400 rescindemusi
543 3345 726 3400 Bellarminus
744 3345 804 3415 ipsc
821 3344 925 3399 fatetur
949 3345 1064 3399 clerium
1081 3344 1250 3397 irrisibilem
1262 3345 1389 3411 faciunt,
1407 3363 1459 3398 cos
1480 3354 1572 3399 omem
1589 3353 1615 3398 et
1632 3347 1781 3414 credimus,

92 3435 136 3490 lib.
155 3441 180 3489 4.
204 3434 240 3488 de
263 3431 362 3501 pontii.
381 3430 497 3487 Roman.
520 3447 582 3501 cap.
604 3437 645 3488 lt.
668 3436 791 3502 tempore
815 3430 924 3485 concilii
949 3433 980 3484 ιιι
1007 3431 1124 3484 cocleas
1152 3430 1272 3482 inveniri
1300 3447 1393 3483 omues
1415 3433 1545 3500 ιιινιιιιιιι,
1568 3434 1670 3501 fidem,
1695 3448 1781 3500 spera

93 3518 312 3576 Constantiensie
329 3518 464 3571 incertum
484 3534 517 3571 ac
536 3517 651 3572 dubium
670 3518 771 3586 mnes,
796 3517 923 3588 quisnam
949 3517 1097 3570 curs'totem
1116 3524 1143 3569 ct
1161 3523 1282 3585 ceteras,
1300 3524 1393 3569 tamon
1410 3525 1441 3570 ut
1459 3518 1564 3586 aliquis
1583 3518 1680 3586 aliquio
1695 3521 1781 3572 modo

92 3611 163 3661 essct
179 3621 263 3660 varus
281 3603 418 3673 pontifex,
438 3611 518 3657 munt
536 3603 646 3674 (inquit)
664 3620 695 3658 eo
714 3612 837 3673 tempore
855 3612 920 3672 tres,
949 3604 1009 3657 dici
1023 3603 1115 3672 posss't
1132 3620 1204 3671 pars
1222 3620 1306 3656 cerae
1324 3604 1466 3673 ccclesiae,
1485 3607 1520 3657 de
1539 3622 1596 3673 qua
1616 3605 1781 3673 Scripturas

91 3694 138 3762 qui
153 3693 305 3760 Pontifices
322 3691 421 3742 haberi
439 3689 579 3754 uolebant,
606 3688 762 3758 Gregorius
780 3691 861 3744 XII..
871 3691 923 3744 Jo·
948 3693 1109 3759 loquuntur,
1126 3707 1182 3743 aco
1197 3679 1331 3759 pmomus
1348 3689 1457 3759 requiri
1472 3691 1562 3744 ιιῑιαιιι
1575 3691 1714 3744 ιἰιιιιιιαιιι
1725 3694 1780 3745 uir·

91 3781 195 3832 Marses
222 3776 341 3831 XXIII.
372 3784 399 3829 et
425 3775 597 3831 Benedictus
621 3774 711 3831 XIII.
739 3792 788 3828 aec
808 3784 923 3844 poterut
947 3786 1047 3846 tutem,
1072 3779 1123 3830 sed
1142 3784 1251 3830 tautum
1277 3783 1418 3828 externam
1438 3776 1513 3844 fidei
1530 3778 1737 3845 professionem
1754 3787 1781 3832 ct

89 3865 177 3927 focile
198 3865 335 3932 iudicari,
354 3864 417 3931 quis
434 3879 530 3916 eorum
545 3878 627 3915 uerus
645 3879 680 3915 ac
698 3863 839 3932 legitimus
851 3872 923 3917 esset
947 3872 1183 3918 samuoseatorum
1201 3863 1429 3930 communionem,
1447 3878 1520 3930 quae
1536 3863 1599 3931 ipso
1616 3881 1700 3918 scaea
1712 3882 1779 3934 per·

88 3947 229 4020 poatifcc',
259 3968 321 4004 curn
344 3968 401 4002 noa
417 3951 543 4002 deesseret
558 3949 679 4017 siapulis
696 3951 853 4003 doctissimi
867 3969 920 4020 pc·
947 3951 1060 4020 capitia.
1095 3949 1229 4004 Videmus
1247 3966 1322 4018 ergo,
1341 3949 1451 4018 qualem
1469 3948 1613 4004 ecclesiam
1628 3951 1779 4005 constituat

90 4041 172 4093 troci.
208 4036 314 4102 Quodsi
340 4052 408 4107 ergo
434 4034 571 4106 subjectio
593 4035 629 4088 ad
649 4034 805 4105 pontificem
827 4054 920 4092 neces·
946 4036 1138 4093 Bellarminus.
1169 4035 1270 4090 Verbis
1283 4035 1394 4104 quidem
1406 4033 1559 4104 profitetur,
1577 4035 1678 4089 essein
1691 4037 1778 4092 eccle·

90 4126 160 4180 sario
181 4123 340 4195 requiritur,
358 4129 390 4177 ut
408 4122 471 4193 quis
488 4122 525 4177 sit
540 4121 695 4176 membrum
708 4122 848 4191 ecclesiae,
866 4124 920 4178 imo
947 4126 988 4179 sia
1006 4123 1128 4177 internas
1147 4122 1278 4185 virtutes,
1296 4119 1406 4176 interim
1423 4126 1530 4197 nmen,
1547 4124 1580 4174 ut
1597 4122 1659 4192 quis
1678 4122 1715 4175 sit
1731 4140 1777 4178 re·

90 4214 169 4268 stiam
187 4219 229 4264 est
242 4212 278 4263 de
290 4209 572 4277 memsuutesulutrs,
590 4215 622 4262 ut
633 4207 763 4263 definitur
774 4225 797 4264 c.
828 4209 920 4266 Unam
946 4228 1006 4265 rum
1026 4209 1161 4264 ecclcsiae
1180 4208 1209 4261 in
1226 4206 1375 4277 scripturis
1390 4205 1604 4277 depraedicatae
1614 4208 1777 4277 membrum,

90 4304 214 4353 sancum
232 4297 322 4350 Extra
341 4296 377 4351 ds
390 4295 556 4366 majoritate.
587 4294 647 4349 Vae
660 4294 765 4348 miseris
776 4294 831 4348 illis
843 4294 921 4350 Chri·
946 4301 1031 4368 negat
1050 4295 1112 4348 illas
1130 4294 1240 4365 requiri,
1257 4310 1321 4347 cum
1339 4292 1424 4348 etiam
1442 4293 1502 4348 sins
1519 4294 1561 4347 his
1578 4294 1666 4364 possit
1676 4295 1776 4366 aliquis

91 4384 197 4451 suanis,
224 4382 326 4453 quiec
349 4387 473 4452 tempore
490 4379 631 4434 vixerrmt!
667 4387 691 4434 5.
712 4378 854 4451 Subjectio
872 4381 921 4435 illa
947 4399 1006 4437 csse
1037 4380 1171 4435 ecclesiae
1200 4379 1367 4449 membrum,
1397 4380 1479 4434 modo
1507 4380 1677 4450 professione
1702 4380 1776 4445 fidei,

91 4472 125 4525 ad
148 4471 306 4525 Romanum
332 4467 505 4537 pontificem,
534 4483 620 4537 (quac
644 4466 709 4521 licet
734 4466 833 4522 ultimo
860 4467 920 4523 loco
946 4474 1179 4522 sacramentorum
1211 4483 1265 4520 usu
1297 4471 1326 4521 et
1357 4466 1529 4537 subjectione
1555 4466 1592 4521 ad
1618 4467 1776 4536 pontificem

91 4555 295 4612 indefinitione
314 4554 478 4617 collocetur,
503 4558 597 4608 umen
622 4552 711 4623 prima
733 4553 788 4608 init
809 4554 838 4608 in
856 4555 920 4610 Bel·
947 4553 1080 4610 ecclesiac
1105 4568 1165 4607 sese
1190 4555 1351 4623 conjungat.
1386 4552 1442 4606 Sed
1460 4559 1600 4607 ostensum
1622 4553 1677 4608 fuit
1696 4572 1777 4624 supe-
1869 4604 1871 4608 .

91 4643 198 4698 larmini
215 4641 381 4705 intentione)
400 4639 481 4692 nimis
498 4639 666 4710 generaliter
684 4640 809 4709 ponitur,
833 4647 921 4695 restat
946 4641 1003 4694 rius
1021 4644 1049 4694 et
1067 4655 1112 4693 res
1129 4640 1191 4710 ipsa
1206 4639 1352 4694 manifeste
1372 4640 1548 4708 demonstrat,
1565 4639 1714 4712 magnifica
1728 4641 1777 4696 illa

90 4732 159 4784 enim
184 4727 327 4799 quaestio,
355 4743 390 4781 an
415 4724 444 4778 in
462 4725 653 4795 spiritualibus
670 4725 856 4796 solummodo,
882 4743 919 4780 an
946 4725 1071 4783 encomia
1096 4730 1125 4780 et
1146 4726 1266 4780 illustres
1285 4725 1492 4796 promissiones,
1516 4743 1588 4797 qnae
1605 4727 1640 4782 de
1658 4726 1777 4783 ccclesia

91 4832 152 4871 vero
174 4814 260 4868 etiam
282 4812 312 4866 in
335 4810 533 4883 temporalibus
551 4809 689 4879 subjectio
705 4810 755 4865 illa
770 4812 807 4864 sit
825 4828 918 4866 neces·
945 4815 974 4867 in
993 4812 1141 4880 scripturis
1160 4818 1276 4879 exstant,
1294 4829 1349 4865 non
1368 4812 1506 4880 pertinere
1523 4812 1576 4866 nisi
1594 4814 1630 4867 ad
1649 4814 1735 4868 bonos
1747 4820 1777 4869 et

89 4903 172 4971 saria3
198 4901 320 4970 itemque
339 4914 376 4953 an
396 4899 552 4969 requiratur
568 4896 706 4965 subjectio
723 4897 864 4959 absoluta,
883 4915 919 4952 an
945 4900 1047 4954 electos
1065 4898 1180 4952 internis
1197 4897 1347 4953 virtutibus
1365 4899 1514 4969 praeditos.
1549 4899 1635 4954 Porro
1654 4909 1775 4971 praeter-

89 5006 150 5043 vcro
168 4987 288 5041 limitata
307 4990 336 5040 et
353 4984 486 5038 resuicta.
521 4982 705 5037 Bellarminus
725 4983 810 5037 dubio
822 4985 919 5055 procul
944 4983 1015 5038 mitti
1045 4984 1074 5037 in
1101 4983 1261 5038 Bellarmini
1288 4983 1448 5040 definitione
1481 4985 1615 5055 potiorem
1643 4987 1777 5044 ecclesias

88 5073 273 5129 omnimodam
291 5078 319 5125 et
336 5069 492 5124 absolutam
509 5069 538 5122 in
556 5067 745 5138 spiritualibus
769 5075 798 5124 et
814 5073 919 5140 tempo·
944 5074 1051 5141 partem
1083 5076 1169 5140 atque
1196 5086 1257 5136 eos,
1287 5070 1336 5139 qui
1360 5071 1405 5126 vel
1431 5073 1551 5125 maxime
1574 5073 1612 5126 ad
1631 5074 1776 5131 ecclesiam

87 5162 191 5216 ralihus
217 5157 417 5228 subjectionem
441 5154 568 5227 requirit,
595 5154 645 5208 sed
670 5163 850 5225 recognoscat
868 5128 1097 5228 sualpeuinent,
1128 5154 1219 5208 adhuc
1245 5154 1418 5210 manifestius
1446 5165 1553 5213 constat
1578 5176 1611 5212 ex
1629 5160 1678 5229 iis,
1704 5179 1776 5232 quae

87 5247 172 5303 rerba
190 5244 240 5300 lib.
261 5252 286 5298 4.
308 5243 342 5297 de
360 5241 458 5313 pontii.
475 5242 592 5297 Itoman
614 5257 638 5294 c.
653 5245 682 5295 ιι
710 5240 843 5296 Secunda
858 5260 918 5296 aca-
944 5248 1041 5311 postea
1059 5255 1092 5293 ex
1109 5239 1270 5310 Augustino
1289 5238 1481 5295 illustrationis
1507 5244 1598 5311 gratia
1620 5247 1774 5320 subjungit

86 5336 176 5388 tentio
195 5338 244 5400 est,
260 5330 419 5399 pontificem
437 5330 522 5382 etium
538 5336 568 5380 ιιι
584 5328 745 5396 pontificem
758 5344 844 5395 posse
859 5345 919 5384 cess
943 5326 1118 5399 Augustinus
1142 5327 1171 5380 in
1195 5326 1338 5381 breviculo
1356 5327 1509 5382 collationis
1528 5329 1621 5384 collat.
1641 5336 1665 5385 a.
1691 5335 1775 5387 cccle-

84 5419 256 5474 lscerctieum
280 5424 306 5469 et
324 5418 427 5469 docere
444 5416 589 5480 haeresia,
615 5414 642 5466 si
664 5414 768 5481 absque
789 5417 919 5480 generali
942 5417 1015 5469 sium
1041 5430 1100 5467 esse
1126 5413 1166 5468 ait
1189 5431 1291 5483 corpus
1314 5415 1416 5479 ciorum,
1443 5417 1473 5467 io
1496 5434 1552 5485 quo
1574 5425 1615 5471 est
1631 5421 1728 5472 animo
1748 5428 1775 5473 ct

81 5505 205 5564 οοιισιιιο
227 5503 385 5572 aliquando
408 5502 526 5558 definiat
550 5509 576 5554 et
598 5503 634 5554 de
655 5502 736 5564 facto
760 5500 917 5569 aliquando
943 5519 1062 5573 corpus,
1089 5507 1117 5554 et
1144 5502 1258 5570 quidem
1284 5502 1382 5555 crima
1410 5510 1474 5555 suat
1505 5502 1617 5558 iuterna
1649 5504 1774 5575 Spurius

79 5595 127 5648 ito
146 5589 295 5647 accidisse
329 5588 418 5643 Haas-
442 5586 601 5656 opinionem
618 5593 772 5657 requiem
791 5586 916 5642 Nilusct
941 5587 1142 5656 mnam,
1166 5587 1253 5651 fides,
1273 5603 1353 5658 spes,
1376 5587 1483 5642 curum
1505 5593 1559 5648 etc.
1583 5606 1687 5661 corpus
1709 5598 1774 5648 amet
