4004 6022
777 347 828 407 DE
845 347 1036 407 ecanae.
1693 360 1752 424 51⁷

63 510 246 570 mammeas
265 509 348 583 juxta
371 510 473 567 christi
499 510 699 565 institutionem
723 508 895 563 administra·
908 508 910 547 t
925 515 972 562 tra
996 515 1125 578 mortam
1144 514 1325 578 praeceptum
1344 508 1460 564 docetur
1477 505 1506 564 in
1525 513 1630 582 papatu
1649 513 1673 569 1.
1692 529 1754 568 con-

62 599 140 654 tione
164 598 246 670 inque
275 597 444 652 sabbatismo
467 596 575 651 animae
592 596 713 660 interno,
737 594 785 649 sed
804 593 833 649 in
853 609 894 647 ce·
922 600 1021 648 temtus
1042 602 1202 664 parentum.
1237 592 1346 649 Doceat
1363 593 1452 664 enim,
1477 595 1578 652 liberos
1592 598 1755 668 parentibus

63 684 198 740 rameniis
223 684 344 738 secernis
359 682 472 737 ludicris
490 687 518 736 et
535 680 744 752 superstitiosis,
768 678 897 736 videlicet
922 679 1100 750 inconsultis,
1131 679 1187 735 imo
1214 680 1434 753 repugnantibus
1463 699 1545 752 posse
1574 685 1755 742 monasticam

63 774 91 827 ln
111 771 270 844 spectandis
289 770 392 836 missis,
409 770 438 823 in
455 767 704 824 demurmuratione
723 767 894 838 precularum
921 767 1007 822 sitam
1031 766 1184 838 suscipere,
1210 765 1247 822 ab
1269 768 1391 839 ipsorum
1407 768 1579 836 visitatione,
1605 788 1755 845 congressu

63 860 92 915 in
127 859 224 932 lingua
255 857 363 929 ignota,
397 856 426 911 in
453 855 686 927 processionibus,
718 853 894 908 candelarum
922 860 950 909 et
976 853 1121 925 colloquiis
1148 854 1288 910 abstinere
1315 862 1343 911 et
1369 856 1421 911 bac
1443 857 1556 914 ratione
1579 855 1699 933 ἀμοιβὰς
1720 876 1755 917 sc

62 942 286 1013 accensionibus,
305 949 457 998 statuarum
479 947 506 997 et
521 941 699 1015 reliquiarum
713 939 894 995 venerationi·
920 940 1032 1010 pietatis
1058 939 1152 996 officia
1174 942 1237 1013 jure
1261 942 1382 997 naturali
1408 949 1436 999 et
1459 943 1552 999 dirirm
1571 944 1638 1016 ipsis
1658 947 1754 1003 debita

62 1033 117 1088 bus
137 1038 189 1087 etc.
220 1031 318 1102 Neque
336 1030 424 1084 solum
441 1030 470 1084 in
479 1030 565 1100 praxi,
583 1030 632 1085 sed
651 1029 732 1083 etiam
746 1028 775 1082 in
788 1025 895 1082 theoria
920 1044 975 1082 non
995 1027 1125 1097 reddere,
1150 1043 1206 1098 quo
1223 1028 1432 1084 accommodant
1447 1029 1517 1085 illud
1534 1030 1696 1104 Hieronymi
1716 1033 1753 1089 ad

63 1117 176 1174 sabbati
204 1117 422 1188 profanationem
448 1115 554 1171 docent.
596 1114 710 1170 Toletus
736 1113 784 1168 lib.
809 1119 833 1168 t.
855 1112 894 1167 in·
920 1111 1114 1168 Heliodorum:
1137 1114 1216 1168 Licet
1233 1115 1372 1183 parvulus
1391 1117 1509 1170 sacello
1521 1119 1646 1187 pendeat
1657 1136 1752 1191 nepos,

62 1211 158 1262 smuct.
178 1222 202 1260 c.
222 1209 270 1260 lt:
303 1204 395 1257 Homo
413 1210 519 1256 tenetur
535 1203 586 1255 snb
603 1201 718 1255 mortali
735 1202 775 1254 ad
792 1199 895 1252 sancti·
920 1199 985 1252 licet
1008 1216 1110 1269 sparso
1134 1199 1211 1253 crine
1236 1208 1261 1253 et
1283 1201 1380 1254 seusu
1395 1203 1514 1256 aestimes
1530 1204 1631 1269 uberm
1654 1206 1753 1274 quibus
1766 1206 1814 1250 ¹1¹·
1826 1206 1859 1250 ⁸4

61 1294 205 1360 strandum
222 1292 341 1359 fatam,
359 1291 411 1343 sed
428 1308 484 1344 non
502 1296 608 1342 tenetur
628 1288 753 1340 adiens
772 1284 893 1351 sanctifi·
920 1292 946 1336 te
964 1286 1115 1354 nutrierat,
1138 1293 1228 1339 mater
1255 1289 1396 1352 ostendat,
1422 1289 1488 1343 licet
1508 1290 1537 1343 in
1556 1291 1653 1346 limine
1669 1299 1753 1362 pater

60 1381 191 1436 candum
210 1395 233 1434 c.
254 1383 295 1435 25.
324 1377 402 1432 Licet
420 1376 473 1429 iter
489 1377 586 1439 facere
604 1374 704 1438 audito
718 1371 895 1442 priussacro
913 1370 1020 1439 jaceat,
1035 1371 1201 1442 percalcato
1216 1389 1304 1442 perpe
1318 1381 1412 1443 patre,
1429 1377 1520 1430 solam
1531 1377 1649 1446 pietatis
1666 1394 1753 1445 penus

61 1475 88 1522 et
106 1464 214 1529 senari,
234 1464 297 1517 licet
315 1464 428 1515 studere
440 1479 525 1531 snper
538 1461 601 1514 lites
608 1467 728 1530 propter
735 1456 894 1529 pecuniam,
921 1465 962 1510 est
986 1457 1016 1509 in
1039 1457 1092 1511 lac
1114 1474 1145 1513 re
1169 1475 1226 1513 esse
1252 1460 1402 1514 crudelem.
1435 1460 1620 1518 Bellus-minus
1638 1462 1710 1519 libro
1729 1470 1754 1520 2.

61 1554 128 1607 licet
152 1567 251 1606 carnes
272 1550 403 1610 rendae,
432 1546 572 1601 animalia
594 1546 721 1601 candae
738 1545 779 1597 ael
795 1543 896 1597 victam
922 1543 956 1598 de
981 1544 1122 1599 monacbis
1144 1561 1169 1599 c.
1196 1550 1244 1600 36:
1282 1547 1361 1601 Licet
1378 1547 1452 1617 filiis
1476 1549 1571 1603 inuitis
1588 1552 1755 1620 parentelas

58 1647 179 1712 propesi-
192 1634 356 1706 pecuniam,
379 1633 441 1686 licet
457 1634 487 1685 in
505 1632 718 1687 solennitatibus
737 1636 895 1683 construere
921 1629 1043 1682 transire
1070 1631 1112 1683 ad
1133 1632 1298 1699 religionem
1319 1633 1415 1702 (vitam
1443 1635 1649 1705 monasticam),
1673 1645 1752 1707 post·

61 1726 126 1780 loca
154 1741 210 1794 pro
246 1719 426 1791 spectaculis,
463 1720 576 1789 quando
607 1735 661 1771 non
685 1722 805 1786 posmnt
833 1714 897 1779 ficri
922 1733 1005 1785 mam
1029 1717 1069 1769 acl
1095 1734 1184 1770 annos
1201 1719 1370 1790 pubertatis,
1395 1722 1487 1775 idest
1504 1725 1607 1776 aetatis
1624 1742 1692 1778 suae
1711 1728 1754 1779 ll.

62 1811 121 1865 nisi
146 1811 176 1864 in
204 1811 287 1873 sesto.
332 1807 463 1875 Denique
484 1803 624 1876 pontificis
649 1810 700 1857 out
719 1801 844 1870 episcopi
861 1801 894 1853 li·
917 1809 1118 1873 pervenerant,
1144 1804 1201 1857 nisi
1221 1814 1352 1875 parentes
1379 1808 1408 1861 in
1432 1809 1489 1863 tali
1510 1811 1672 1865 necmmtats
1689 1812 1753 1877 sint,

61 1898 155 1952 centra
172 1896 236 1950 licet
255 1895 286 1947 in
305 1896 379 1961 sesto
400 1892 522 1962 operari.
558 1889 675 1944 Asamus
692 1887 738 1944 lib.
759 1895 783 1942 l.
803 1887 893 1941 instit.
920 1897 951 1941 at
968 1890 1149 1960 nonpossint
1168 1891 1227 1943 sine
1246 1893 1353 1948 ancilia
1370 1893 1493 1956 tiliorum
1510 1897 1609 1952 cicere.
1637 1896 1753 1961 Qualem

60 1982 157 2039 moral.
176 1997 199 2036 c.
218 1987 247 2035 t:
283 1981 350 2034 Mos
366 1996 422 2031 non
440 1985 480 2030 est
496 1978 710 2047 improbandus,
733 1992 787 2044 quo
807 1974 893 2027 eidam
919 1991 985 2030 vero
1016 1974 1170 2045 ‹larapytnr
1195 1976 1265 2032 haec
1294 1979 1420 2035 doctrina
1447 1982 1578 2037 cordibus
1604 1983 1753 2040 liberorum

58 2089 114 2142 pro
141 2068 279 2139 dipnitate
300 2082 441 2136 personae
466 2071 531 2134 post
553 2064 654 2116 obitam
679 2062 735 2114 siri
749 2078 834 2113 cama
853 2061 894 2112 lu·
921 2078 988 2132 erga
1012 2068 1140 2131 parentes
1164 2063 1280 2132 inserat,
1304 2066 1364 2136 ejus
1387 2066 1426 2122 rei
1452 2069 1578 2140 exempla
1595 2070 1659 2126 sido
1678 2072 1753 2141 apud

61 2167 122 2211 ctas
146 2154 224 2209 domi
245 2168 274 2205 se
298 2151 416 2205 continet
440 2151 481 2202 ad
504 2167 607 2202 annam
630 2165 680 2200 nec
705 2149 817 2199 mnsam
844 2163 893 2197 au·
920 2147 1162 2202 Hasenmullerum
1188 2149 1215 2202 in
1239 2149 1332 2206 bistor.
1357 2151 1457 2207 lesuit.
1478 2170 1501 2208 c.
1525 2161 1548 2210 5.
1585 2155 1694 2212 Docent
1713 2158 1753 2212 in·

62 2245 113 2299 dit.
158 2244 184 2294 2.
209 2240 356 2294 Festos-am
382 2235 593 2306 multiplicatio,
620 2249 691 2304 quae
717 2231 745 2285 in
763 2230 894 2286 bonorem
921 2251 1017 2304 super,
1044 2235 1224 2288 matrimonia
1250 2236 1402 2291 liberorum
1421 2248 1551 2309 praeter,
1580 2242 1636 2295 imo
1654 2251 1752 2300 contra

62 2335 220 2386 sanctorum
250 2325 447 2392 instituuntur,
474 2329 502 2376 et
526 2321 553 2375 in
580 2319 681 2390 quibus
705 2317 792 2373 sancti
816 2317 893 2372 invo·
916 2329 1068 2390 parentam
1093 2321 1263 2375 volantatem
1286 2331 1431 2378 contracta
1452 2342 1511 2379 esse
1530 2335 1603 2382 rata.
1638 2329 1752 2386 Toletus

61 2422 174 2483 cantur,
202 2419 311 2467 statuae
340 2410 448 2464 illorum
475 2408 735 2479 circumgestantur,
761 2404 893 2474 reliquiae
919 2406 981 2462 libr.
1002 2406 1294 2464 sincerissimam.
1315 2410 1397 2480 capit.
1419 2417 1446 2466 l:
1480 2413 1576 2468 Potest
1591 2415 1669 2479 filias
1685 2434 1751 2470 aco-

61 2503 171 2559 illorum
196 2500 232 2555 ad
250 2497 453 2553 venerationem
472 2495 629 2566 religiosam
650 2496 823 2548 ostentantur
840 2497 892 2546 etc.
919 2510 977 2546 rem
1000 2496 1100 2546 ducere
1125 2510 1154 2546 se
1182 2495 1296 2562 dipnam
1320 2496 1416 2550 invitis
1431 2501 1597 2568 parentibus
1613 2502 1673 2554 sine
1685 2519 1750 2573 pec·

61 2594 87 2644 3.
108 2587 297 2642 Baalitismns
322 2599 354 2638 ac
375 2582 474 2637 boatus
499 2579 546 2634 ille
570 2580 599 2633 in
622 2578 747 2649 templis,
773 2576 892 2636 sacellis.
919 2587 980 2633 cato
1006 2579 1129 2634 mortali.
1171 2579 1301 2636 Pontifex
1323 2601 1379 2638 non
1405 2584 1493 2639 solum
1513 2585 1614 2642 liberos
1632 2587 1668 2642 ab
1685 2588 1749 2643 obe-

59 2673 181 2730 basilicis
200 2677 229 2727 et
246 2669 442 2725 monachorum
461 2666 596 2726 claustris,
615 2681 670 2736 quo
687 2665 783 2735 lingua
795 2662 891 2735 ignota
920 2665 1024 2719 dientia
1049 2682 1116 2736 erga
1140 2673 1268 2736 parentes
1290 2668 1420 2734 absolvit,
1445 2672 1493 2726 sed
1513 2672 1596 2728 etiam
1614 2673 1685 2730 filios
1701 2675 1749 2730 ad·

61 2763 225 2834 plerumque
244 2756 343 2829 psalmi
362 2772 417 2809 non
438 2753 570 2808 intellecti
589 2752 771 2807 decantantur
794 2767 827 2805 ac
844 2751 892 2803 tri·
918 2769 1013 2806 versus
1029 2759 1157 2823 parentes
1177 2760 1273 2811 mmet.
1306 2755 1451 2812 Paschalis
1469 2758 1507 2816 ll.
1544 2759 1695 2815 Henricum
1713 2760 1749 2819 V.

58 2849 156 2904 buitur
180 2845 246 2899 buia
271 2840 457 2898 decantationi
483 2839 519 2893 ad
541 2845 632 2894 certas
652 2837 732 2892 boras
750 2837 892 2892 restrictae
913 2838 999 2908 jussit
1023 2839 1147 2911 gladium
1171 2840 1306 2913 stringere
1330 2843 1462 2898 adversm
1487 2852 1628 2916 parentem
1648 2846 1749 2902 Henri·

59 2935 152 2989 cultus
169 2947 203 2986 ac
219 2929 355 2995 meritum,
375 2944 437 2981 curn
454 2932 547 2980 tamen
564 2940 616 2979 nec
636 2940 669 2978 ex
683 2922 891 2994 fidcprocedat,
918 2943 980 2979 cum
1005 2924 1053 2980 IV.
1081 2943 1162 2997 quem
1189 2925 1321 2983 instinctu
1343 2945 1433 3000 papae
1453 2930 1482 2985 in
1500 2931 1613 2987 vincula
1631 2934 1751 3005 conjecit

60 3036 110 3076 nec
136 3018 164 3073 in
191 3016 276 3070 solius
294 3014 348 3069 Dei
371 3013 501 3067 bonorem
520 3010 693 3078 instituatur,
722 3025 772 3064 nec
792 3007 891 3062 seriam
919 3018 947 3065 et
971 3011 1007 3065 ad
1031 3019 1146 3067 mortem
1173 3031 1262 3086 usque
1289 3015 1452 3073 detestando
1470 3018 1572 3073 scelere
1592 3018 1622 3072 in
1640 3037 1750 3079 carcere

61 3105 241 3163 attentionem
264 3102 367 3156 habeat
387 3100 570 3169 conjunctam.
606 3097 696 3151 Docet
712 3095 785 3151 enim
804 3095 891 3166 Aqui·
918 3096 1043 3152 detinuit.
1084 3101 1110 3152 2.
1132 3099 1287 3154 Contentus
1312 3103 1501 3167 magistratus.
1536 3104 1663 3161 Pontifex
1685 3124 1749 3163 cum

60 3211 112 3248 nas
142 3199 165 3247 t.
190 3195 260 3246 sent.
287 3188 468 3243 distinctim
491 3190 595 3257 quaest
616 3190 640 3239 4.
660 3182 765 3237 articul.
786 3186 810 3237 2.
831 3182 891 3248 saf-
918 3183 974 3237 suis
1000 3183 1138 3255 episcopis
1162 3189 1190 3239 et
1214 3185 1320 3242 clericis
1339 3187 1375 3242 ab
1395 3188 1553 3245 obedientis
1570 3191 1748 3263 magistratus

56 3283 155 3351 ficere,
186 3278 320 3331 &centem
344 3290 446 3344 preces
474 3272 606 3325 horarias
637 3269 814 3323 intentionem
845 3285 890 3337 pe·
918 3269 1021 3341 politici
1050 3269 1156 3326 nefarie
1185 3275 1213 3326 et
1243 3279 1339 3327 contra
1367 3291 1527 3344 expressum
1556 3274 1609 3331 Dei
1633 3278 1749 3334 verbum

58 3365 185 3425 nsralem
205 3364 305 3417 labne
322 3360 463 3413 servitiam
483 3358 607 3412 diuinam
627 3355 752 3422 dicendi,
770 3363 892 3408 ceteram
917 3357 995 3412 Rom.
1021 3361 1064 3424 ta,
1091 3374 1118 3411 v.
1144 3362 1166 3414 l.
1191 3374 1252 3413 sese
1276 3359 1391 3427 avulsit,
1416 3359 1586 3415 dominatum
1606 3363 1749 3433 politicum

58 3471 116 3507 non
139 3453 263 3520 referre,
287 3447 412 3516 manicis
435 3445 545 3497 animas
563 3442 624 3511 aas
641 3443 682 3494 ad
698 3441 759 3494 alia
779 3441 891 3506 ‹ticeps-
917 3450 1013 3498 eontra
1030 3443 1154 3514 regulam
1173 3441 1275 3499 Christi
1293 3444 1360 3500 Luc.
1381 3451 1428 3513 22,
1446 3464 1471 3502 r.
1491 3452 1531 3503 26.
1551 3447 1603 3503 sibi
1624 3450 1749 3523 arripuit,

57 3549 114 3594 tar.
153 3541 177 3594 t.
196 3534 361 3604 Scripturas
381 3536 619 3596 constantiensem
638 3527 890 3581 enimvocantim-
918 3530 991 3584 unde
1014 3546 1045 3584 se
1061 3528 1143 3584 effert
1160 3547 1244 3601 supra
1263 3531 1470 3602 imperatorem,
1500 3551 1580 3606 reges
1600 3552 1632 3591 ac
1648 3538 1750 3606 princi·

52 3626 229 3700 perfectam,
249 3621 406 3686 absarrum,
426 3615 574 3669 materiam
594 3613 669 3675 litis,
689 3613 799 3666 literam
818 3630 891 3666 mor·
917 3633 966 3687 pes
993 3621 1021 3699 et
1043 3615 1174 3671 vendicat
1197 3614 1250 3670 sibi
1274 3634 1411 3672 summum
1431 3620 1479 3689 jus
1496 3620 1614 3676 Romani
1632 3623 1749 3695 imperii,

56 3723 147 3778 snam,
166 3711 326 3777 comparant
344 3704 419 3757 illam
439 3718 509 3755 nasa
527 3716 614 3766 caeo,
631 3700 730 3765 plodio
743 3699 892 3769 Delphico,
913 3704 1100 3773 juramentum
1123 3699 1266 3756 fidelitatis
1288 3702 1325 3757 ab
1345 3703 1509 3774 imperatore
1529 3707 1655 3778 erigens,
1680 3711 1748 3782 quia

56 3799 181 3867 „apinae
204 3809 310 3846 esame
333 3795 384 3844 etc.
405 3786 441 3842 ab
462 3786 523 3856 ejus
548 3785 665 3839 lectione
683 3784 767 3840 laicos
787 3790 889 3849 meent,
916 3789 971 3842 ime
1001 3805 1120 3858 negans,
1151 3788 1211 3841 sine
1240 3805 1290 3843 suo
1319 3808 1454 3846 consensu
1481 3799 1509 3847 et
1535 3792 1748 3865 iirauguratione

56 3902 116 3958 qua
133 3882 238 3937 ratione
255 3895 310 3933 non
328 3876 416 3930 solum
427 3874 456 3927 in
468 3872 559 3944 ipsum
569 3871 660 3925 Deum
675 3869 832 3942 Scripturas
843 3888 890 3925 au·
916 3890 1072 3944 quenquam
1110 3874 1216 3944 imperii
1253 3875 1445 3947 gubernacula
1482 3896 1624 3949 capessere
1659 3900 1748 3953 posse,

55 3981 163 4030 ctorem
183 3965 275 4038 injurii
297 3966 372 4030 sunt,
391 3961 440 4016 sed
457 3960 541 4014 etiam
558 3974 651 4012 reram
668 3958 777 4013 sabbati
791 3958 890 4012 sancti·
916 3959 1098 4014 ceremoniale
1119 3958 1274 4014 Romanum
1300 3961 1348 4015 lib.
1374 3968 1397 4017 3.
1424 3969 1490 4018 sect.
1512 3971 1535 4019 7.
1556 3965 1629 4020 titul.
1651 3967 1686 4022 de
1704 3985 1746 4023 re·

54 4059 223 4120 ficationem,
240 4067 312 4124 quae
324 4046 496 4119 potissimum
508 4044 536 4099 in
550 4044 728 4100 meditatione
739 4044 815 4100 verbi
828 4060 891 4098 con·
917 4044 1045 4100 versutiis
1063 4061 1136 4116 quae
1148 4062 1238 4117 papae
1254 4047 1426 4102 exhibentur.
1455 4051 1562 4104 Caesar
1576 4059 1607 4104 nt
1620 4053 1745 4121 primam

55 4145 141 4212 sistit,
159 4147 187 4196 et
200 4137 311 4212 pietatis
325 4133 478 4206 profectum
490 4131 651 4202 impediunt.
681 4130 802 4185 Prodest
813 4130 891 4186 testis
917 4131 993 4186 sidet
1018 4148 1141 4200 papam,
1176 4133 1283 4185 detecto
1313 4133 1404 4202 capite
1435 4133 1515 4188 illum
1543 4154 1616 4203 penes
1643 4146 1749 4193 terram

53 4217 892 4303 hujusreidomesticusClaud.episcopusEspencaeustheo·
917 4227 1035 4288 tenpens
1051 4226 1212 4286 veneratur,
1235 4220 1380 4271 etiterum
1400 4237 1460 4272 cum
1480 4223 1751 4292 appropinquaturi

53 4308 354 4389 logusPsrisieusisin
366 4306 485 4363 l.Tim.:
502 4305 673 4357 Ubioerlnm
682 4305 894 4372 neplipitesrnec
918 4306 1027 4371 prodas
1045 4304 1122 4357 seclis
1140 4319 1213 4372 pena
1225 4303 1316 4372 flectit
1335 4312 1361 4357 ct
1374 4322 1471 4374 papae
1486 4309 1576 4376 perles
1596 4310 1749 4378 eradatur,

54 4403 188 4463 auditur,
207 4399 291 4461 tidem
311 4395 352 4447 ibi
362 4393 461 4463 perire
478 4407 587 4445 necesse
605 4398 653 4454 cst,
669 4391 703 4443 id
716 4392 793 4459 qaod
809 4392 892 4445 lodie
918 4395 983 4444 sect.
1010 4395 1034 4445 5.
1058 4387 1130 4444 titul.
1157 4388 1192 4442 de
1213 4387 1328 4459 ingrees.
1353 4390 1438 4447 urbis.
1478 4393 1584 4446 Caesar
1602 4401 1674 4448 tenet
1691 4403 1748 4448 sta·

48 4488 132 4562 proli
151 4485 235 4540 dolor
253 4483 377 4538 amnibus
396 4479 467 4532 locis
484 4477 636 4544 cernimus,
658 4484 688 4529 at
710 4479 752 4529 ad
767 4485 892 4546 tempora
914 4477 1017 4545 piam,
1041 4476 1137 4544 quoad
1160 4491 1240 4544 papa
1257 4491 1355 4543 equum
1374 4478 1566 4558 adscenderit,
1590 4488 1616 4533 et
1634 4488 1749 4550 accepto

56 4572 291 4644 appropinquare
330 4568 490 4627 uideamur,
531 4565 566 4617 de
602 4564 701 4632 quibas
738 4563 892 4615 Dominus:
919 4561 984 4631 equi
1004 4562 1088 4624 freno
1108 4575 1164 4627 per
1184 4559 1293 4628 aliquot
1309 4578 1415 4630 passus
1432 4564 1511 4616 discit
1529 4580 1627 4634 eqrsnm
1643 4582 1747 4636 papae.

56 4663 168 4718 Putas.
197 4657 291 4711 Filius
321 4653 440 4706 hominis
467 4650 577 4703 veniens
600 4651 690 4717 fldem
717 4648 836 4701 inueniet
863 4648 893 4700 in
921 4649 1029 4710 stodsi
1051 4663 1132 4716 papa
1158 4662 1213 4699 non
1234 4662 1317 4715 equo,
1342 4651 1395 4701 sed
1411 4649 1484 4703 sella
1501 4651 1660 4717 uelleretur,
1684 4660 1748 4706 asna

57 4747 168 4802 terrisl
197 4742 320 4814 qualiter
345 4739 374 4791 in
401 4738 454 4791 iac
477 4743 636 4807 tempestate
658 4735 770 4805 lepatar
792 4751 893 4787 sacrm
918 4734 1073 4802 imperator
1088 4730 1134 4784 cel
1149 4748 1213 4794 rec,
1237 4733 1264 4785 si
1280 4735 1398 4801 adnant,
1420 4736 1519 4789 debera
1539 4737 1631 4806 ipsam
1648 4738 1749 4792 seuam

60 4833 229 4903 Scrspnsrac
247 4845 350 4893 canon,
372 4824 442 4877 satis
460 4830 500 4877 est
517 4823 710 4886 manifestam,
729 4822 779 4874 abi
795 4837 827 4874 ea
844 4823 892 4873 sle·
918 4821 977 4872 sais
1001 4818 1123 4871 humeris
1144 4826 1277 4888 portare,
1303 4818 1352 4873 lib.
1381 4826 1402 4876 l.
1426 4837 1524 4878 cerem.
1546 4829 1610 4879 sect
1630 4829 1653 4880 2.
1676 4824 1747 4879 titul.

56 4917 209 4975 amicitiae
225 4923 251 4968 et
268 4912 442 4966 indevotione
455 4907 893 4962 minmtrisecclesiasticissacra
919 4905 994 4962 Ordo
1019 4905 1209 4975 processionis.
1245 4904 1292 4962 Sic
1313 4922 1379 4978 ergo
1402 4925 1523 4963 summus
1547 4909 1575 4963 in
1595 4911 1674 4964 terris
1691 4927 1747 4966 ma-

58 5011 90 5061 in
117 5003 266 5069 fastidium
289 5005 428 5052 cenerum.
468 4999 493 5052 5.
520 4994 673 5048 Doctrinae
699 4991 825 5046 coelestis
846 4993 893 5044 cle·
920 4992 1051 5064 gistratus
1078 4989 1200 5045 officium
1222 4992 1334 5046 statoris
1353 4993 1412 5049 sive
1432 4995 1578 5051 constablii
1597 5013 1686 5067 papae
1701 5014 1747 5052 ex·

52 5089 201 5165 precatio.
230 5084 368 5146 Pontifex,
388 5081 542 5137 cardinales
561 5085 590 5134 et
603 5078 725 5149 episcopi
745 5076 893 5131 adocendi
920 5077 1015 5132 hibere
1038 5077 1155 5148 cogitur.
1202 5082 1229 5136 3.
1255 5079 1364 5134 deditio
1390 5083 1524 5136 adversm
1546 5082 1747 5151 mapistratum.

57 5191 176 5235 munem
202 5173 327 5244 plerique
353 5185 447 5224 omnes
472 5167 626 5231 abstinent,
655 5165 677 5218 si
703 5163 750 5235 qui
774 5179 838 5217 vero
858 5180 892 5217 ex
920 5164 1028 5218 Docent
1045 5163 1126 5222 enim.
1146 5180 1248 5234 papam
1267 5164 1390 5220 subditos
1408 5184 1425 5221 a
1440 5169 1606 5238 juramento,
1624 5184 1678 5239 quo
1692 5185 1747 5224 ma·

56 5266 126 5332 illis,
144 5259 304 5332 praesertim
322 5255 447 5312 lesuitae
466 5259 494 5308 et
511 5251 622 5323 quidam
642 5248 777 5316 monachi,
796 5250 894 5304 docere
919 5248 1045 5323 gistratui
1076 5266 1125 5304 suo
1153 5256 1281 5306 tenentur
1311 5251 1451 5316 obstricti,
1490 5253 1631 5308 absolvere
1660 5271 1747 5324 posse,

58 5353 255 5424 praesumunt,
286 5361 341 5398 non
366 5340 509 5412 proferunt
532 5337 596 5390 viva
616 5335 669 5390 Dei
696 5335 817 5406 eloquia,
844 5336 893 5390 scd
919 5334 1046 5390 nimirum
1066 5335 1089 5390 si
1110 5336 1286 5408 magistratus
1305 5337 1341 5391 ad
1359 5344 1456 5392 nutum
1476 5343 1504 5393 et
1520 5337 1664 5393 arbitrium
1681 5358 1747 5412 pou·

58 5435 150 5493 aniles
174 5448 262 5504 nugas
282 5430 317 5484 de
334 5427 398 5482 ritis
418 5431 590 5493 sanctorum,
618 5421 780 5477 traditiones
798 5421 893 5476 huma·
919 5422 1000 5478 tiliois
1019 5439 1079 5478 sese
1099 5423 1305 5478 accommodare
1318 5423 1413 5479 nolint.
1445 5424 1628 5480 Bellarminus
1640 5424 1710 5481 libro
1722 5434 1747 5484 5.

59 5540 128 5589 nas,
152 5517 277 5574 convicia
294 5520 390 5572 contm
407 5511 560 5567 doctrinam
580 5508 730 5583 evangelii,
757 5525 893 5564 commen·
920 5508 955 5565 de
980 5508 1103 5565 Romarm
1125 5507 1255 5579 pontifice
1278 5525 1300 5564 c.
1319 5515 1350 5564 a:
1387 5512 1522 5579 Pontifex
1537 5513 1682 5574 Romanas
1697 5531 1747 5569 suo

59 5609 132 5664 daut
151 5601 359 5675 superstitiones
375 5604 404 5654 et
423 5597 515 5656 cultus
529 5595 713 5653 idololatricae
731 5600 782 5652 etc.
821 5594 892 5650 Con·
913 5595 983 5665 jurs
1008 5602 1099 5668 potest
1120 5595 1266 5666 prinsipes
1291 5599 1435 5653 seculares
1462 5598 1698 5654 aecumenicam
1722 5605 1748 5653 el
