4004 6022
687 266 691 273 .
751 242 755 247 ·
805 215 873 272 1ΒΕ
891 213 1083 275 EOGLESIA.
1736 229 1796 295 437

103 376 250 436 Habemus
269 374 595 444 connumeratusque·
612 375 648 429 ab
666 375 804 446 apoaotis
821 371 955 427 institisti!
968 369 1060 428 firmat
1081 373 1168 430 literis
1197 376 1320 447 Agapeti
1341 391 1440 448 papae
1483 373 1605 432 Proinde
1628 391 1684 432 nen
1706 382 1800 449 potest

101 471 168 515 sarrit
188 462 312 530 menapi
328 462 358 513 in
376 462 500 515 ccelesiis
518 469 544 515 et
562 478 735 516 successores
747 477 940 529 aerumnaque
966 459 1076 528 negari,
1097 461 1431 533 Constantinopolitanam
1448 462 1592 519 ecelesiam
1611 479 1670 518 esso
1689 465 1797 536 aposto·

103 551 148 601 ad
165 567 225 601 rios.
261 547 297 600 Et
313 547 397 616 paulo
416 554 494 617 post:
518 550 608 602 Valde
626 550 738 616 lorspnm
758 556 798 602 est
818 547 937 601 omnium
951 562 953 567 ’
965 543 1055 601 licam.
1092 546 1265 618 Nicephorus
1283 549 1382 612 tradit,
1405 549 1519 604 camah
1540 551 1665 620 apostolo
1683 550 1798 606 Andrca

103 635 288 688 ecclesiaram
323 650 486 688 enunierare
517 637 711 691 successiones.
764 594 1024 704 Nicephorusiesse
1042 633 1196 697 fundatam,
1215 635 1262 688 lib.
1283 640 1307 689 8.
1327 635 1391 690 hist.
1411 635 1507 689 eccles.
1528 652 1552 688 c.
1574 640 1598 692 ti.
1619 653 1701 707 quern
1721 637 1797 692 illam

102 721 150 774 lib.
179 727 202 775 3.
221 720 285 778 hist.
305 721 371 775 ecel.
392 738 415 776 e.
437 728 459 776 1.
479 738 542 775 cnm
564 737 734 776 successores
753 720 829 775 Petri
847 721 875 774 in
894 704 1164 789 ocisuccessionom
1187 720 1367 787 confinxisse,
1391 738 1446 775 non
1466 726 1558 791 potest
1581 722 1681 777 idoneo
1704 724 1797 794 aliquo

100 806 191 862 clesia
209 808 334 863 Romana
352 813 552 877 enumerasset,
578 807 735 879 subjungit:
759 808 795 861 In
812 806 936 860 Alexan·
952 811 1125 876 ¹argumento
1144 806 1341 877 demonstrari,
1362 810 1497 878 cujusque
1516 809 1589 862 enim
1608 810 1730 880 episcopi
1748 828 1796 864 an-

100 894 190 948 drina
209 895 328 948 ccclesia
342 902 408 963 post
420 895 554 948 Marcum
572 895 773 962 evangelistam
791 893 936 961 episcopia·
963 910 1012 945 nos
1037 900 1133 947 exacte
1159 898 1275 948 annotat
1299 900 1326 948 et
1346 894 1503 965 catalogum
1523 895 1637 950 deducit
1655 914 1743 967 usquc
1761 899 1797 952 ad

100 989 160 1035 tum
186 981 299 1049 primns
323 981 439 1033 obtinuit
465 980 608 1044 Arrianus,
627 988 693 1050 post
716 982 789 1033 nune
814 979 936 1047 Atilius,
962 980 1171 1047 Alexandrum,
1205 981 1285 1049 cujus
1319 980 1447 1049 precibus
1474 980 1557 1035 Arius
1592 988 1634 1036 cst
1661 982 1796 1050 sublatus,

100 1069 152 1138 qui
176 1084 238 1121 cunt
254 1069 412 1121 successori
430 1067 554 1122 Ceretani
573 1067 695 1136 reliquit.
732 1067 935 1120 Antiochenam
961 1070 1089 1120 numerat
1106 1065 1142 1119 ab
1160 1065 1275 1120 Andrea
1291 1084 1379 1137 usque
1398 1067 1434 1119 ad
1446 1066 1636 1122 Alexandrum
1651 1069 1797 1140 episcopos

97 1162 166 1225 post
184 1155 300 1206 Petrum
322 1161 349 1207 et
364 1155 472 1215 Lucam
490 1155 600 1224 primns
620 1154 747 1207 Eoodim
764 1153 936 1220 puhmnaoit,
962 1151 1060 1223 uiginti
1080 1157 1145 1206 tres.
1180 1151 1221 1205 Ae
1240 1158 1374 1207 testantur
1397 1170 1491 1208 omnes
1510 1155 1649 1223 historiae,
1670 1158 1795 1226 apostolo

100 1241 208 1293 abisac
227 1242 364 1293 secundas
382 1240 440 1303 fuit
458 1241 601 1308 ignatius,
620 1240 667 1293 enei
682 1240 815 1293 successit
833 1240 935 1294 Heras.
962 1235 1092 1292 Andreae
1111 1237 1245 1309 obtigisse
1264 1237 1339 1293 illam
1358 1226 1534 1309 provinciam,
1553 1243 1580 1295 in
1599 1259 1655 1313 qua
1669 1249 1729 1297 erat
1740 1244 1795 1314 By·

101 1329 141 1381 In
157 1327 414 1393 Hierosolymitano
430 1328 601 1394 episcopatu,
621 1343 699 1395 quem
714 1328 808 1390 frater
818 1326 938 1378 Domini
963 1323 1096 1392 nantium,
1113 1323 1172 1393 ipse
1194 1341 1304 1396 quoque
1322 1325 1494 1395 Nicephorus
1512 1326 1560 1384 lib.
1585 1335 1606 1383 l.
1626 1346 1649 1382 o.
1672 1336 1692 1384 1.
1712 1334 1794 1384 testa

100 1413 194 1466 Jacob
211 1415 250 1463 det
266 1430 354 1465 annos
364 1419 500 1478 tenuerat,
511 1421 576 1482 post
589 1413 849 1480 Hierosolymorum
862 1428 935 1465 eaer-
961 1417 1015 1478 tur,
1033 1429 1062 1465 se
1077 1429 1110 1465 ex
1128 1419 1248 1464 uetemm
1267 1415 1448 1466 maurimontis
1466 1413 1635 1476 ἀξιοπίστως
1654 1416 1795 1470 historiam

98 1501 206 1551 cientem
226 1498 339 1550 Simeon
359 1498 499 1567 Cieapiae
519 1499 596 1562 filius
614 1499 662 1552 ilii
679 1500 819 1564 successit,
836 1499 935 1551 tertias
960 1497 1093 1551 eeclesiae
1118 1497 1440 1569 Constantinopolitanae
1464 1501 1582 1555 fideliter
1609 1503 1795 1572 descripsisse,

97 1585 141 1637 ibi
159 1602 191 1636 es
209 1584 309 1637 ordine
327 1584 434 1636 Justus.
475 1584 534 1646 Quo
560 1592 682 1652 tempore
707 1593 732 1636 et
756 1585 934 1653 Polycarpum
960 1585 1114 1654 composuit
1137 1585 1208 1638 enim
1236 1586 1364 1640 volumen
1382 1587 1451 1640 illud
1470 1587 1721 1659 Constantinopoli,
1746 1590 1794 1643 ubi

100 1671 239 1737 Serryrnac
259 1671 289 1723 in
307 1669 381 1722 Asia
397 1669 494 1735 itamsit
511 1670 546 1723 ab
565 1671 626 1738 ipso
644 1671 775 1724 Johanne
788 1672 934 1739 concepus
960 1669 989 1722 in
1013 1671 1117 1740 templo
1139 1671 1261 1741 Sophiae
1287 1678 1348 1726 erat
1369 1673 1485 1744 insignis
1508 1674 1686 1743 bibliotheca,
1711 1693 1794 1746 quam

98 1764 212 1810 creatus
230 1762 283 1810 etc.
319 1755 454 1810 Videatur
474 1755 557 1810 etiam
575 1754 711 1810 Eusebius
731 1757 760 1810 in
773 1756 931 1814 histeeele-
960 1758 996 1809 ad
1020 1775 1131 1811 manum
1154 1758 1259 1812 habuit.
1296 1763 1323 1815 2.
1343 1762 1446 1814 Patres
1466 1763 1580 1815 conatii
1596 1762 1792 1816 Constantino·

99 1841 213 1897 siastica
232 1841 278 1898 lib.
300 1848 324 1896 3.
342 1847 370 1899 et
385 1859 460 1912 seqq.
496 1841 538 1895 Ex
556 1840 599 1894 bis
618 1842 806 1907 manifestum,
830 1862 885 1898 non
905 1844 931 1898 in
956 1842 1082 1910 politani
1098 1845 1123 1896 l.
1141 1844 1171 1896 in
1189 1845 1309 1912 epistola
1326 1849 1369 1899 ad
1386 1849 1544 1901 Damasum
1556 1850 1715 1902 Romanum
1722 1868 1793 1920 pon-

45 1940 83 1981 aa.
98 1929 225 1983 Romania
251 1928 336 1982 solum
357 1928 485 1996 ecclesia,
505 1928 555 1983 sed
576 1928 659 1983 etiam
677 1928 704 1982 in
723 1929 785 1983 aliis
803 1929 931 1999 apostoli·
959 1930 1060 1990 tifieem
1080 1932 1185 1999 fateri,
1212 1933 1357 1986 malasiam
1380 1935 1463 1988 e'tlem
1481 1951 1539 1988 esse
1556 1937 1704 1990 novellam.
1741 1937 1793 1992 Rc·

98 2033 161 2070 cam
179 2014 381 2070 successionem
399 2013 528 2084 viguisse.
565 2014 593 2070 Si
610 2016 794 2070 Bellarminns
807 2016 933 2086 excipere
960 2015 1141 2084 spondemus:
1162 2035 1338 2089 nequaquam
1358 2019 1410 2073 hoc
1428 2021 1533 2088 volunt,
1553 2021 1697 2077 eeclesiam
1716 2023 1792 2078 illam

97 2102 174 2168 velit,
195 2101 393 2154 successionem
412 2102 442 2152 in
460 2101 528 2153 aliis
548 2101 672 2154 ecclesis's
684 2103 810 2171 partim,
828 2104 931 2156 insola
959 2120 1047 2172 nuper
1068 2103 1207 2173 coepisse,
1230 2106 1279 2159 sed
1300 2122 1363 2159 cum
1382 2111 1498 2160 antean
1520 2107 1681 2163 Macedonio
1699 2108 1791 2164 haere-

97 2192 231 2243 Romana
248 2187 366 2241 ecelesia
379 2188 578 2256 permansisse,
597 2187 774 2257 producimus
787 2188 930 2243 ecelesiam
958 2188 1012 2242 tieo
1041 2206 1172 2258 oppressa
1191 2189 1288 2245 inisset
1307 2199 1335 2245 et
1353 2209 1442 2262 paene
1462 2194 1612 2256 exstincta,
1638 2195 1793 2265 integritati

96 2274 249 2341 Graecam,
278 2289 350 2343 quae
376 2272 575 2327 successionem
603 2274 795 2345 episcoporum
820 2292 931 2329 suorum
957 2290 1024 2327 suae
1047 2275 1197 2330 substituto
1216 2275 1346 2331 Nectario
1369 2294 1429 2331 esse
1447 2278 1612 2332 restitutam.
1648 2280 1791 2334 Novellam

95 2377 185 2432 usque
216 2360 252 2414 ad
283 2359 470 2428 apostolorum
496 2366 621 2430 tempora
645 2360 782 2429 producit.
823 2361 931 2416 Duram
958 2377 1023 2430 ergo
1051 2361 1160 2425 dicunt,
1188 2363 1216 2415 in
1239 2364 1346 2417 Graeco
1371 2369 1414 2417 est
1436 2364 1588 2434 secueris,
1613 2366 1680 2435 quia
1703 2384 1791 2436 nuper

95 2448 188 2502 adhue
203 2453 320 2516 quatuor
331 2446 370 2499 illi
383 2445 596 2516 patriarchatus,
615 2464 732 2516 quorum
744 2447 931 2501 ecclesiastiea
957 2454 1015 2501 erat
1040 2453 1173 2502 renovata
1191 2454 1219 2501 et
1237 2448 1398 2507 instaurata.
1435 2450 1491 2504 Sed
1510 2452 1620 2520 demus,
1642 2455 1790 2507 successio-

95 2533 212 2589 historia
229 2532 297 2587 facit
316 2533 495 2599 mentionem,
515 2530 853 2602 Constantinopolitanae,
872 2535 930 2589 An·
955 2549 1016 2586 nem
1042 2535 1236 2604 episcoporum
1255 2537 1284 2589 in
1303 2538 1422 2590 acclama
1442 2539 1755 2608 Constantinopolitano
1771 2559 1790 2593 a

96 2620 256 2684 tiochenus,
274 2619 538 2690 Ilierosolymitanus
557 2625 584 2673 et
602 2620 814 2687 Alexandrinus,
837 2638 852 2675 e
870 2621 930 2691 qui·
954 2621 1124 2688 temporibus
1143 2623 1321 2677 Constantini
1334 2627 1472 2678 daruaeat
1483 2627 1587 2679 deduci
1594 2643 1686 2694 posse,
1706 2644 1789 2696 quae-

97 2708 151 2762 bus
170 2706 360 2761 Antiochense
378 2706 406 2759 in
427 2705 495 2761 urbe
512 2705 650 2762 Damasco
670 2706 751 2762 hodie
770 2707 863 2761 sedem
881 2707 928 2762 ha·
954 2705 1038 2759 rimus
1057 2713 1157 2772 autem,
1175 2725 1241 2762 num
1261 2727 1326 2764 vera
1341 2717 1369 2765 et
1388 2711 1540 2767 orthodoxa
1561 2712 1655 2782 aliqua
1672 2714 1789 2769 scalena

98 2794 156 2861 bet,
176 2793 390 2846 Alexandrinus
409 2808 473 2847 vero
492 2791 604 2846 Cairum
622 2794 747 2863 Aegypti
766 2794 929 2864 metropolin
954 2792 1191 2866 Constantinopoli
1208 2795 1298 2850 fuerit.
1336 2797 1365 2851 Si
1384 2796 1437 2851 boo
1455 2797 1622 2863 conceditur,
1642 2805 1674 2853 ut
1692 2801 1788 2869 negari

96 2880 246 2935 manslatus
272 2885 327 2945 est,
351 2877 472 2934 omnium
498 2895 562 2932 vero
581 2879 713 2934 latissime
736 2882 929 2935 Constantino·
954 2880 1057 2950 nequit,
1075 2897 1247 2953 consequens
1265 2881 1356 2950 fuerit,
1378 2900 1430 2938 nee
1442 2890 1552 2938 nostrae
1565 2883 1698 2939 ecelesiae
1710 2887 1788 2956 quid·

92 2967 220 3036 politani
255 2964 428 3036 patriarchae
465 2965 597 3021 dioecesis
626 2973 709 3036 patet.
757 2967 928 3038 Nicephorus
956 2982 1038 3036 quam
1056 2969 1260 3038 praejudicare,
1281 2969 1355 3040 quod
1373 2987 1429 3023 non
1447 2969 1789 3029 habeatextemamillam

94 3054 143 3108 lib.
164 3059 188 3109 8.
208 3053 271 3107 bist.
291 3053 385 3106 eccles.
406 3067 429 3105 e.
444 3057 468 3108 6.
487 3052 643 3124 catalogum
655 3053 847 3123 episcoporum
858 3055 928 3110 Con·
955 3054 1156 3110 successionem
1182 3054 1218 3109 ab
1246 3055 1391 3125 apostolis,
1414 3056 1463 3110 sed
1484 3056 1625 3119 sufficere,
1647 3060 1721 3128 quod
1741 3061 1789 3115 do-

93 3138 398 3208 stantinopolitanornm
419 3139 453 3189 at
472 3140 591 3192 Andrea
612 3139 717 3197 Christi
733 3142 862 3208 episstola
882 3141 928 3195 de·
955 3141 1059 3194 ctrinae
1082 3141 1189 3196 radone
1211 3142 1430 3196 communionem
1449 3141 1552 3197 habeat
1571 3161 1633 3197 eum
1653 3144 1789 3200 catholica

93 3225 186 3293 ducit,
219 3230 247 3279 et
273 3242 334 3278 eum
363 3224 592 3295 superiorioribns
619 3226 698 3279 annis
725 3242 798 3296 papa
822 3226 928 3298 Grego·
954 3233 982 3281 et
1001 3227 1153 3296 apostolica
1170 3226 1294 3282 eeclesia.
1331 3230 1357 3279 3.
1370 3229 1573 3296 Argumentum
1586 3232 1787 3284 ammcessionc

93 3312 151 3365 rius
176 3311 256 3365 XIII.
296 3311 434 3365 Armeniis
461 3311 640 3366 orientalibus
666 3311 829 3366 Christianis
848 3331 927 3367 suum
954 3315 1057 3383 afferri
1064 3314 1220 3382 praecipue
1237 3316 1278 3365 aci
1291 3315 1481 3382 prodeuntium,
1500 3334 1553 3368 nan
1566 3332 1624 3368 esse
1634 3317 1788 3381 ecclesiam,

92 3398 282 3452 calendarium
305 3405 388 3468 atque
412 3415 468 3451 una
492 3396 576 3451 etiam
595 3397 763 3451 dominatum
783 3416 862 3452 snum
880 3400 926 3455 ob·
953 3402 1002 3454 ubi
1016 3419 1072 3454 non
1090 3408 1130 3453 est
1149 3399 1295 3468 successio,
1315 3417 1347 3452 ee
1364 3417 1418 3468 qua
1437 3407 1530 3454 tamen
1549 3418 1604 3453 non
1616 3403 1788 3471 callipipos-

91 3484 205 3539 trudere
222 3492 380 3548 conaretur,
407 3483 447 3536 illi
465 3483 579 3538 consilio
598 3500 661 3536 cum
681 3485 860 3538 orientalibus
878 3502 925 3554 pa·
953 3489 990 3540 sit
1007 3486 1173 3553 necessario,
1194 3503 1251 3539 esse
1271 3487 1425 3554 ecclesiam,
1443 3488 1492 3539 ubi
1509 3495 1549 3540 est
1562 3490 1706 3543 successio.
1736 3490 1788 3543 lte·

91 3570 219 3624 triarebis
242 3570 443 3624 communicato
466 3588 515 3641 per
539 3570 633 3624 literas
657 3571 872 3640 responderunt,
896 3589 926 3625 se
954 3573 1134 3643 spondemus:
1152 3589 1233 3629 verae
1251 3579 1279 3627 et
1298 3573 1426 3643 propriae
1444 3583 1527 3628 notae
1545 3575 1690 3644 competit,
1708 3583 1739 3630 nt
1760 3582 1788 3630 et

92 3675 148 3709 reon
174 3657 304 3709 crantore
328 3657 388 3708 sine
414 3661 519 3725 capue,
556 3658 696 3725 siquidem
723 3659 788 3710 inde
813 3677 832 3709 a
856 3657 924 3712 Con
953 3659 1089 3715 affirmate
1119 3666 1147 3714 et
1170 3666 1270 3730 negate
1298 3677 1331 3714 ex
1359 3675 1392 3713 ea
1421 3659 1611 3715 concludatur.
1649 3663 1688 3718 Ut
1714 3663 1786 3717 enim

90 3743 215 3797 stanano
239 3744 348 3809 Meam
375 3751 400 3796 et
428 3744 502 3811 repis
530 3743 677 3795 Tiridates
704 3745 872 3812 temporibus
896 3746 925 3797 in
953 3748 1042 3817 posito
1059 3746 1169 3816 proprio
1190 3748 1302 3816 ponitur
1320 3764 1362 3802 res
1382 3747 1451 3817 ipsa,
1472 3749 1552 3817 eujus
1572 3755 1614 3803 est
1631 3751 1786 3819 proprium,

90 3831 163 3883 hanc
181 3847 265 3898 mmm
286 3830 360 3881 etiem
377 3830 549 3884 Catholicum
561 3846 671 3897 serrspcr
684 3831 925 3900 archiepiscopum
953 3832 992 3887 ita
1008 3838 1112 3887 remoto
1131 3833 1251 3903 proprie,
1269 3851 1312 3888 res
1330 3835 1399 3903 ipsa,
1417 3836 1497 3904 cujus
1516 3841 1559 3889 est
1576 3837 1727 3905 proprium,
1745 3853 1785 3889 re-

91 3916 250 3983 hohomint,
268 3914 368 3986 quibus
387 3915 474 3969 literis
493 3915 604 3969 nomina
624 3933 675 3969 sua
691 3916 859 3972 addiderunt
878 3936 924 3987 pa·
952 3925 1085 3976 movetur.
1121 3920 1201 3984 Quod
1225 3921 1246 3972 si
1267 3937 1334 3991 ergo
1356 3939 1373 3974 a
1389 3921 1563 3975 successione
1583 3921 1619 3975 ad
1641 3930 1783 3976 veritatem

90 4001 213 4059 triarchu
239 4000 559 4071 Constantinopolitanae
586 4001 754 4071 Hieremias,
784 4005 926 4072 Sylvester
952 4005 1085 4061 eeclesiae
1104 4022 1158 4058 non
1179 4012 1270 4075 potest
1288 4006 1416 4060 concludi
1434 4006 1584 4072 affirmate,
1610 4007 1706 4077 utique
1725 4028 1783 4062 stre·

90 4088 305 4149 Alexandrinus,
326 4087 487 4142 ioaehimus
507 4088 695 4143 Aritioebenus
715 4097 742 4143 et
760 4089 865 4158 primae
876 4092 925 4146 ιιι·
952 4092 1039 4146 cossio
1063 4110 1117 4144 non
1142 4092 1195 4145 erit
1219 4094 1331 4161 propria
1350 4093 1482 4148 eeclesiae
1499 4099 1572 4146 nota.
1608 4093 1692 4147 Adde
1710 4095 1785 4163 quud

90 4176 229 4231 stinianae
243 4173 427 4229 Archidarum
441 4175 554 4229 Gabriel
576 4183 599 4230 s.
619 4195 680 4231 nov.
700 4193 772 4231 anno
793 4183 864 4232 leit,
885 4178 925 4231 in·
954 4177 1136 4231 llellarminus
1155 4177 1319 4230 contradicit
1330 4177 1452 4240 Caetera,
1473 4178 1569 4231 Lessio
1590 4184 1617 4232 et
1636 4179 1698 4232 aliis
1712 4180 1784 4231 Pon·

92 4262 158 4317 dict.
180 4269 218 4316 10.
242 4260 374 4315 Willetus
393 4261 419 4313 in
433 4259 481 4314 lib.
498 4261 779 4333 deecclesiaquaest.
794 4271 817 4319 3.
832 4272 886 4321 not.
902 4274 924 4319 3.
952 4263 1043 4317 tifieiis
1074 4262 1267 4332 scriptoribus,
1298 4263 1345 4332 qui
1372 4279 1389 4316 a
1415 4264 1587 4319 successione
1617 4264 1785 4318 affirmatum

91 4368 119 4419 p.
132 4354 172 4402 st.
194 4353 399 4411 commemorat,
419 4354 525 4401 exstare
545 4347 718 4403 authenticas
736 4349 830 4404 literas
847 4351 924 4406 dere·
952 4350 1057 4403 ducunt
1075 4355 1276 4418 argumentum,
1295 4349 1454 4419 cumprimis
1472 4350 1636 4403 contradicit
1656 4351 1785 4419 Baronio,

92 4435 165 4489 miae
179 4433 353 4503 patriarchae
368 4434 672 4504 Constantinopolitani,
691 4435 796 4490 lleletii
810 4438 923 4506 patriar·
952 4437 998 4507 qui
1024 4443 1089 4490 tom.
1117 4442 1137 4489 1.
1162 4435 1252 4488 annal.
1283 4451 1357 4491 anno
1374 4441 1414 4490 31.
1435 4443 1500 4490 seet.
1521 4443 1561 4491 52.
1580 4437 1631 4502 ait,
1654 4455 1785 4507 magnam

92 4522 162 4576 chae
184 4521 380 4582 Alexandrini,
407 4520 545 4574 Gabi-ielis
569 4522 597 4574 in
617 4521 735 4576 eeclesia
752 4522 924 4579 Thessaloni·
951 4539 1010 4576 esse
1028 4521 1208 4576 successionis
1226 4521 1289 4587 vim,
1309 4540 1369 4574 ecem
1389 4539 1421 4575 ea
1442 4524 1565 4589 cujusvis
1591 4523 1716 4589 leontinis,
1737 4525 1787 4590 qm

91 4607 169 4663 censi
190 4614 240 4662 ete.
277 4607 312 4660 ad
332 4607 466 4677 Anglieus
486 4607 616 4661 ecclesias
631 4615 764 4678 exaratas,
784 4610 924 4681 inquibus
951 4626 1063 4678 compos
1090 4610 1126 4661 sit
1151 4608 1285 4671 rationis,
1310 4610 1447 4661 sententia
1472 4617 1577 4662 certum
1597 4610 1784 4678 exploratum·

92 4694 282 4762 cpiscoporum
300 4710 412 4747 suorum
430 4694 630 4749 successionem
648 4694 684 4748 ab
697 4695 829 4764 apostolis
841 4697 925 4752 dedu·
951 4696 1171 4765 quatiebantur,
1197 4695 1257 4747 illis
1278 4712 1336 4748 esse
1354 4696 1511 4761 legitimum
1529 4697 1676 4764 templum,
1694 4697 1785 4765 ipsam

91 4787 168 4836 aurit.
204 4780 314 4849 Excipit
335 4779 534 4843 Bellarminus‚
564 4785 588 4835 1.
611 4783 769 4835 Ecclesiam
791 4783 923 4836 Constan·
951 4785 1065 4852 iniquam
1083 4782 1251 4835 catholicam
1269 4782 1430 4845 ecclesiam,
1456 4784 1535 4851 apud
1552 4785 1784 4850 qrsamsuccessio

90 4869 307 4936 tinopolitanam
331 4885 385 4919 riou
394 4867 490 4931 fuisse
508 4883 526 4917 a
541 4868 673 4934 patribus
693 4869 797 4922 eliciam
816 4878 924 4938 aposto·
948 4857 1110 4938 pontificum
1135 4869 1169 4920 ab
1195 4870 1256 4935 ejus
1276 4869 1391 4923 acerelio
1411 4869 1533 4937 legitime
1553 4877 1593 4922 est
1611 4879 1784 4926 conseruata,

90 4956 186 5010 licam.
220 4953 444 5023 Respondemus:
468 4957 573 5006 eertum
598 4959 652 5019 est,
681 4954 781 5008 multas
804 4954 840 5009 ab
860 4974 924 5026 apo·
951 4953 1024 5018 Quin
1048 4954 1103 5008 imo
1121 4954 1287 5008 contradicit
1305 4954 1358 5007 sibi
1377 4955 1443 5023 ipsi,
1466 4970 1538 5024 quae
1557 4954 1628 5008 enim
1648 4971 1680 5008 er
1699 4959 1782 5025 patri-

90 5040 169 5095 stolis
188 5039 317 5093 fundatas
335 5056 394 5093 csse
414 5037 544 5092 eeclesias
558 5044 666 5107 praeter
676 5038 837 5109 Romanam,
853 5041 925 5097 inter
952 5040 1003 5095 bus
1027 5039 1184 5094 testimonia
1206 5057 1255 5108 pro
1280 5040 1453 5094 antecessione
1473 5040 1600 5106 adducit,
1625 5058 1658 5094 ea
1674 5042 1782 5096 conclu-

45 5141 77 5184 se.
91 5145 162 5199 quas
176 5125 258 5180 etiam
272 5124 637 5193 estConstantinopolitunn,
657 5125 720 5179 illae
734 5126 857 5196 queraris
871 5146 924 5182 non
952 5126 1020 5179 dunt
1037 5124 1180 5180 affirmate.
1218 5131 1241 5181 4.
1255 5127 1343 5194 alpad
1361 5126 1552 5180 Graecosnou
1566 5129 1783 5183 mseecclesium

91 5213 249 5267 dicerentur
269 5212 444 5281 apostolicae,
467 5216 558 5264 tumen
579 5227 643 5264 vere
663 5210 775 5264 fuerunt
795 5214 924 5281 apostoli·
951 5212 1140 5265 ‹neruosus-art
1171 5231 1226 5265 rsan
1252 5214 1365 5280 quietem
1392 5229 1424 5265 es
1451 5214 1563 5274 ‹icsectu
1590 5216 1783 5280 successionis,

86 5316 149 5355 eae.
178 5298 312 5353 Barouius
331 5301 396 5351 tom.
411 5303 432 5352 1.
449 5297 539 5350 tlnllal.
554 5313 624 5349 inmo
636 5296 737 5350 Christi
750 5303 791 5352 tt.
804 5305 869 5352 sect.
884 5305 924 5354 12.
950 5301 1002 5351 sort
1025 5315 1056 5351 ea
1079 5315 1124 5365 eo,
1153 5299 1229 5366 quast
1253 5298 1283 5349 in
1308 5299 1396 5350 trihus
1421 5299 1561 5364 consciliis,
1588 5302 1783 5372 lateranensi,

91 5386 198 5454 asserit,
218 5387 332 5438 Petrum
351 5385 510 5452 apostolum
521 5383 667 5451 Byzantiis
680 5392 704 5436 et
718 5384 784 5437 aliis
798 5386 924 5454 ejusclem
953 5385 1133 5453 Lugdunensi
1151 5393 1177 5437 et
1195 5385 1370 5452 ilorentiuo,
1388 5386 1443 5436 sint
1461 5386 1584 5440 convicti.
1624 5387 1782 5459 Responde·
1824 5430 1835 5444 ,

86 5472 254 5547 provinciae
271 5472 341 5526 locis
355 5471 450 5540 primo
468 5470 580 5524 eledisse
599 5469 753 5539 episcopas,
772 5471 924 5542 quodeon·
951 5489 1025 5528 mus:
1053 5471 1184 5539 Quamvis
1213 5470 1330 5538 eeclesia
1357 5469 1464 5526 Graeca
1488 5489 1543 5527 non
1562 5480 1656 5530 emeat
1672 5475 1782 5532 suiset·
