4004 6022
215 287 275 348 556
789 279 912 337 Locus
930 275 1133 336 molismus
1151 277 1351 338 SECUNDUS

47 428 57 455 ¹
205 434 326 502 saciant
331 451 387 503 por.
398 435 536 501 mapicam
548 433 747 502 operationem,
756 434 956 499 fraudulenter
969 434 1050 487 sedn-
1076 439 1143 485 tem:
1180 436 1339 503 Ecsurpent
1361 436 1571 505 psersdochristi
1595 441 1649 490 etc.
1687 434 1912 506 Theophylactr·

214 537 277 574 cere
290 521 418 573 nituntur
431 522 584 573 insensatos
594 521 721 585 fructum
732 521 845 589 quidem
860 528 886 574 et
899 520 1050 574 utilitatem
1076 518 1104 571 in
1131 536 1154 574 e.
1182 526 1205 574 9.
1236 520 1317 576 Luc:
1356 521 1446 575 Multi
1471 538 1672 590 saeperrumsro
1695 522 1845 575 miracula
1864 538 1913 590 per

213 606 323 660 numm
347 613 543 675 praestantes,
570 607 600 658 in
628 623 696 674 qnos
724 608 838 659 uirtutes
859 608 996 674 perficere
1020 622 1050 658 se
1076 607 1230 660 daemm
1252 611 1396 673 fecerunt,
1428 614 1460 660 at
1489 607 1605 662 illoram
1630 608 1821 677 praedicatio
1847 625 1912 660 sano

214 693 324 759 dictent,
351 693 522 746 adducentes
541 698 633 745 antem
648 707 754 760 pueros
772 692 889 744 investes
908 697 933 744 et
954 690 1049 744 oculos
1075 709 1132 744 non
1155 693 1227 759 fnit,
1256 710 1343 761 qnare
1368 710 1455 761 neque
1480 693 1621 748 miracula
1642 695 1697 748 sla
1716 711 1752 748 en
1771 696 1839 748 Deo
1858 695 1910 757 iae

212 777 376 831 deludentes
402 785 429 831 et
446 779 647 847 phantasmata
677 779 850 832 ostendentes
876 778 974 831 statim
992 793 1049 830 ces·
1075 784 1150 830 runt.
1186 777 1246 834 Nec
1262 782 1379 849 possunt
1397 778 1452 849 ipsi
1471 779 1611 835 Pontifisii
1631 780 1742 835 inficias
1763 782 1814 847 ire,
1835 781 1909 834 etism

212 864 305 925 santia
325 871 352 916 et
369 879 403 916 ne
422 863 536 931 quidem
556 863 706 918 stillicidio
720 863 855 933 temporis
864 879 1049 932 perseueran-
1075 861 1228 918 haereticos
1249 866 1417 936 quandoque
1438 881 1506 920 vera
1522 866 1658 921 miracula
1672 867 1767 922 edere.
1805 867 1840 920 In
1855 867 1909 935 jure

211 949 265 1018 tia,
290 964 346 1003 non
359 949 444 1002 ‹Jsrn
464 951 590 1004 Domino
615 956 726 1013 nostro,
753 952 805 1003 sed
831 949 942 1004 Simoni
958 951 1048 1016 Maso
1074 964 1172 1004 canon.
1190 956 1264 1021 part,
1284 958 1308 1006 2.
1330 952 1433 1007 decret.
1451 969 1526 1009 caus.
1552 960 1573 1009 l.
1594 972 1620 1024 q.
1644 961 1666 1010 t.
1684 971 1709 1008 c.
1729 958 1777 1008 56:
1797 955 1909 1007 Praeter

207 1033 316 1089 ‚amau
350 1036 542 1092 emendantur.
591 1034 635 1090 De
664 1033 820 1089 Donatistis
852 1040 1050 1089 commemorat
1074 1036 1209 1090 unitatem
1234 1045 1260 1090 et
1285 1039 1334 1105 qui
1349 1039 1425 1102 facit
1441 1040 1593 1108 miracala,
1618 1041 1690 1093 nihil
1709 1047 1760 1092 est.
1800 1041 1839 1093 In
1855 1040 1908 1092 nsi-

204 1118 403 1190 ,Augustinuu
431 1119 505 1190 quod
526 1120 580 1190 ipsi
597 1136 708 1192 quoquo
725 1119 760 1175 de
778 1119 918 1174 miraculis
936 1117 1047 1190 gloriati
1074 1127 1131 1173 tots
1151 1129 1214 1175 ersa
1228 1123 1355 1191 populns
1374 1122 1479 1193 Israel,
1497 1133 1524 1178 et
1542 1142 1598 1178 non
1616 1125 1747 1189 faciebat
1764 1126 1908 1178 miracula

212 1203 328 1274 ineunt,
353 1204 429 1261 unde
446 1210 527 1267 tract.
547 1211 589 1262 13.
607 1206 637 1260 in
655 1205 718 1260 Joh.
738 1204 814 1276 ipsos
832 1211 914 1260 vocat
933 1205 1047 1258 mirabi·
1074 1206 1195 1259 Praeter
1218 1208 1353 1262 unitatem
1375 1218 1456 1264 erasa
1478 1211 1557 1280 mopi
1573 1211 1740 1265 Pharaonis
1760 1218 1789 1263 et
1809 1211 1908 1263 similis

213 1291 316 1360 liores,
339 1308 371 1346 uc
396 1292 458 1345 libr.
478 1291 513 1346 de
531 1292 599 1346 unit.
616 1291 714 1346 eccles.
732 1307 755 1346 c.
776 1296 814 1346 16.
834 1289 946 1346 scribit:
982 1293 1047 1346 Non
1074 1293 1173 1359 Moysi
1187 1293 1347 1359 faciebant.
1391 1294 1568 1350 Maldonntns
1594 1296 1621 1350 in
1642 1311 1743 1350 comm.
1761 1294 1865 1349 Matth.
1883 1303 1907 1348 l:

211 1378 302 1443 dicat,
332 1378 397 1432 ideo
415 1393 509 1431 rerum
529 1393 601 1445 esse,
627 1377 696 1446 quia
712 1376 767 1430 ella
785 1384 811 1431 et
827 1376 881 1436 illa
902 1377 1048 1430 rahaldis
1076 1376 1296 1446 Chrysostomus,
1316 1381 1517 1448 Hieronymus,
1537 1381 1717 1448 Euthymios,
1738 1380 1908 1448 Theophpla

211 1463 281 1524 fecit
294 1464 453 1531 Donatus,
478 1471 672 1518 removeantur
692 1462 748 1516 ista
765 1463 808 1516 vel
826 1463 957 1529 piamento
976 1478 1047 1516 men·
1074 1470 1135 1516 ctus
1146 1464 1273 1532 probant
1292 1466 1433 1534 exemplis,
1453 1466 1538 1519 enam
1556 1483 1608 1534 per
1622 1467 1698 1519 alias
1712 1484 1801 1536 qnam
1817 1466 1908 1519 Cotho-

201 1549 327 1613 dacinm
344 1549 493 1617 hominnm,
509 1551 554 1602 cel
567 1557 701 1618 portento
717 1549 873 1613 fallacinm
890 1549 1047 1617 spirituum.
1074 1547 1143 1601 lices
1159 1564 1227 1601 uera
1244 1550 1386 1604 miracula
1400 1552 1472 1619 fieri,
1493 1559 1520 1605 et
1538 1570 1570 1605 en
1587 1553 1640 1605 hoc
1657 1554 1722 1620 ipso
1736 1553 1816 1605 loom
1835 1551 1910 1605 multi

214 1634 257 1688 De
277 1634 441 1690 Novatinnis
456 1635 551 1689 itidem
562 1634 689 1691 referunt
700 1633 904 1690 ecclesiasticos
916 1633 1047 1689 historiae
1073 1634 1167 1687 dicent
1185 1634 1215 1686 in
1228 1634 1281 1687 iilo
1300 1636 1347 1688 die
1364 1640 1417 1691 etc.
1438 1638 1530 1701 facile
1548 1638 1707 1705 sollicitor,
1732 1637 1833 1701 falsos
1850 1636 1910 1689 iiior

213 1720 376 1791 scriptores,
401 1721 476 1791 quod
496 1720 630 1774 miracula
649 1720 771 1774 fecerint
808 1719 936 1774 Socrates
954 1720 1000 1775 lib.
1022 1727 1046 1775 7.
1070 1717 1238 1786 prophetae,
1257 1720 1410 1788 uepribus
1429 1721 1557 1776 Christus
1573 1723 1716 1791 loquitor,
1739 1739 1813 1776 sera
1830 1721 1909 1775 mna·

211 1822 234 1860 e.
259 1812 303 1861 ll:
329 1805 399 1859 Cum
416 1806 547 1860 Judaene
567 1807 682 1875 quidam
698 1811 838 1859 veterator
855 1804 1047 1861 Christianam
1073 1803 1138 1856 cala
1154 1805 1270 1871 fecisse,
1296 1823 1358 1858 vere
1374 1807 1572 1875 prophetasse,
1599 1825 1662 1860 vere
1682 1809 1841 1861 monia
1859 1809 1908 1875 eje·

205 1894 296 1959 fidem
308 1891 455 1959 simulans,
461 1891 528 1959 jam
539 1899 603 1944 ante
615 1891 730 1958 saepius
744 1891 909 1958 lapsantes,
921 1908 940 1942 a
952 1891 1047 1944 Paulo
1071 1889 1150 1954 cisse,
1169 1906 1219 1943 nec
1235 1893 1309 1944 enirn
1327 1895 1480 1960 respondet
1496 1892 1633 1957 Christus,
1652 1895 1773 1947 mentiri
1791 1911 1847 1961 eos,
1862 1896 1909 1947 sed

212 1977 438 2031 Novatianorum
471 1976 603 2045 episcopo
630 1977 796 2045 baptismam
818 1984 939 2044 peteret,
968 1976 1047 2044 mque
1070 1991 1099 2028 ee
1119 1992 1177 2043 eas,
1199 1978 1327 2044 qsmmois
1343 1978 1400 2029 ieta
1411 1979 1552 2045 fecerint,
1573 1997 1630 2032 non
1646 1997 1738 2033 nosse
1775 1982 1837 2033 Nec
1855 1998 1907 2032 mo·

211 2064 356 2116 Judaeum
376 2065 417 2116 ad
438 2062 628 2131 baptisterium
648 2064 807 2130 deduceret,
825 2078 901 2130 aqna
914 2062 1045 2117 uniuersa
1071 2077 1154 2126 ynrsm
1173 2069 1227 2129 est,
1248 2062 1275 2114 si
1301 2072 1423 2117 moneret
1447 2082 1498 2117 nos
1515 2066 1597 2126 salsa
1614 2065 1760 2118 meranda
1778 2066 1908 2129 facienti

212 2149 309 2201 <lisina
328 2149 452 2216 quadam
470 2149 585 2217 uirtute,
602 2163 673 2217 assae
692 2149 781 2201 oculis
793 2148 909 2217 percipi
923 2165 979 2201 non
992 2165 1046 2217 po·
1072 2146 1121 2200 bus
1144 2164 1178 2200 ne
1200 2150 1387 2214 crederemus,
1408 2151 1461 2202 sed
1485 2168 1617 2219 maynum
1635 2159 1662 2203 et
1679 2152 1857 2205 admirabile
1873 2159 1909 2204 eet

87 2236 197 2280 x11.¹ol.
212 2241 300 2302 terat,
323 2235 414 2289 subito
443 2234 563 2288 evanuit.
604 2233 648 2288 De
671 2233 771 2288 Tuscis
787 2233 873 2288 refert
889 2233 1045 2303 Septsmca·
1072 2233 1196 2300 omnino,
1222 2235 1300 2301 quod
1319 2242 1423 2302 monet,
1441 2236 1580 2299 nesciris
1595 2237 1746 2304 prophetie
1763 2239 1909 2291 credamne

211 2319 324 2375 strensis
353 2319 416 2376 libr.
447 2320 482 2374 de
512 2318 635 2374 moribus
665 2319 820 2374 Tmcamm
851 2337 875 2374 c.
905 2325 945 2376 14.
971 2318 1046 2390 quod
1070 2334 1137 2370 oera
1168 2320 1253 2372 etiam
1282 2320 1422 2374 miracula
1447 2322 1630 2389 facientibus.
1676 2321 1757 2377 Idem
1786 2322 1816 2376 in
1838 2341 1863 2379 c.
1887 2329 1907 2377 9.

209 2405 330 2475 ipsorum
350 2403 473 2475 religiosi
490 2404 610 2474 plurima
627 2404 761 2459 miracula
780 2404 886 2459 faciant
903 2409 962 2458 turn
979 2403 1044 2471 vivi,
1071 2403 1158 2457 Marci
1178 2423 1205 2475 p.
1224 2407 1288 2459 765:
1316 2406 1415 2459 Potuit
1434 2407 1478 2474 (is,
1495 2406 1544 2478 qui
1561 2406 1590 2460 in
1607 2406 1711 2462 Christi
1730 2407 1846 2462 nomine
1864 2409 1908 2478 eji-

209 2498 267 2545 tum
293 2490 401 2546 mortui.
443 2490 508 2545 Huc
534 2491 675 2560 pertinent
703 2490 778 2545 dicta
799 2496 934 2546 veterum.
976 2490 1044 2544 Ter·
1070 2489 1162 2544 ciebat
1193 2490 1346 2557 daemonia)
1373 2508 1460 2560 neque
1485 2510 1616 2560 corpore,
1643 2510 1732 2561 necess
1752 2494 1863 2559 animo,
1880 2496 1910 2547 id

209 2576 340 2630 tullianus
359 2576 394 2630 de
413 2576 573 2647 praescript.
591 2595 614 2630 c.
635 2583 682 2632 44:
706 2577 854 2644 Adjicient
871 2575 990 2641 (seducti
1005 2574 1042 2628 ab
1069 2584 1110 2628 est
1134 2578 1192 2639 fide
1220 2578 1405 2644 doctrinaque
1432 2585 1544 2631 secutus
1571 2577 1727 2644 OEmunm,
1762 2581 1908 2635 &mones

208 2661 356 2717 haereticis
379 2661 513 2717 rationem
544 2661 655 2717 Christo
673 2661 702 2716 in
722 2655 768 2716 die
780 2661 880 2730 judicii
896 2660 1043 2727 reddituri)
1068 2662 1184 2730 pellere,
1208 2670 1238 2715 ut
1256 2665 1388 2717 docemur
1406 2665 1562 2719 testimonio
1582 2665 1690 2718 Christi
1708 2666 1818 2720 Matth.
1839 2673 1863 2722 7.
1885 2676 1908 2721 st

209 2749 300 2801 multa
332 2750 367 2801 de
390 2748 559 2801 auctoritate
585 2748 720 2815 cuisrsqne
746 2747 872 2799 doctoris
899 2747 1043 2816 haeretici,
1070 2749 1188 2814 Aupust.
1217 2749 1265 2800 lib.
1290 2752 1314 2804 4,
1344 2751 1379 2801 de
1406 2767 1481 2802 cons.
1508 2767 1603 2816 evonp.
1628 2768 1650 2804 c.
1678 2754 1704 2804 5.
1725 2760 1755 2804 et
1774 2753 1861 2806 Reda
1876 2771 1908 2806 oc

209 2834 276 2888 illos
296 2833 413 2885 manime
432 2834 577 2886 doctrinae
590 2849 658 2886 suae
673 2834 759 2895 fidem
771 2833 957 2899 confirmasse,
969 2850 1043 2885 mor·
1073 2833 1225 2900 Theophyl.
1247 2833 1298 2886 hoc
1317 2835 1380 2886 loco
1397 2833 1525 2891 sentiunt.
1566 2833 1665 2890 Claud.
1682 2836 1907 2906 Espencaeusin

209 2926 272 2971 tuos
294 2918 459 2983 suscitasse,
491 2918 598 2972 &biles
624 2919 808 2980 reformasse,
834 2919 937 2983 futura
958 2917 1044 2986 sipni·
1070 2935 1166 2974 comm.
1194 2925 1216 2974 2.
1242 2919 1314 2972 Tim.
1341 2937 1367 2988 p.
1395 2925 1436 2977 83.
1472 2922 1612 2975 miracala
1639 2925 1705 2976 Deo
1730 2932 1759 2976 et
1787 2924 1907 2991 diabolo,

208 3005 321 3068 ncesse,
341 3004 385 3056 ati
401 3004 500 3058 merito
518 3004 642 3073 apostoli
661 3005 858 3066 crederentur,
888 3003 971 3072 quasi
993 3019 1043 3056 nec
1072 3004 1183 3059 Christo
1206 3013 1234 3058 et
1253 3006 1427 3059 Antichristo
1446 3008 1604 3061 communia
1621 3025 1682 3061 esse
1703 3010 1813 3062 scribit.
1852 3009 1906 3066 su-

209 3091 260 3145 hoc
277 3091 413 3159 scriptam
432 3091 483 3155 sit,
506 3099 636 3145 remores
651 3091 767 3155 mrrltos,
786 3092 836 3159 qni
852 3090 937 3143 etiam
956 3090 1042 3143 oirtn·
1069 3089 1206 3144 meropius
1224 3095 1325 3145 tomi.
1342 3096 1412 3161 pert.
1427 3097 1449 3147 2.
1470 3110 1497 3163 p.
1511 3098 1568 3147 260.
1599 3092 1726 3148 Daemon
1747 3095 1906 3150 nolentibus

209 3185 249 3230 tes
272 3177 408 3238 maaimas
428 3177 541 3231 ederent
556 3177 767 3241 adsallaoiarn
783 3178 964 3231 rmsniondom
981 3193 1042 3228 cor-
1069 3175 1221 3230 claritatem
1246 3176 1372 3233 veritatis
1388 3177 1513 3246 recipere
1530 3177 1602 3232 falsa
1619 3178 1758 3234 miracula
1777 3181 1907 3236 adbibere

209 3271 311 3332 raptae
330 3264 566 3337 praedicationis.
604 3263 774 3318 Athanasius
794 3263 842 3320 lib.
863 3280 909 3334 qq.
929 3262 965 3316 sd
984 3261 1042 3315 An·
1068 3261 1138 3314 solet
1157 3261 1194 3313 ad
1214 3262 1358 3317 mendacia
1378 3261 1573 3318 confirmanda.
1612 3263 1744 3325 Pererius
1764 3283 1864 3322 comm.
1879 3269 1905 3321 in

208 3349 330 3407 nochum
353 3367 380 3420 q.
407 3355 461 3406 110.
479 3355 545 3404 tom.
564 3355 588 3405 2.
606 3367 632 3418 p.
652 3354 716 3404 306:
755 3351 821 3403 Non
839 3349 877 3401 sit
895 3350 975 3402 nobis
992 3350 1042 3400 mi·
1069 3344 1170 3401 Genes.
1198 3364 1223 3401 o.
1250 3354 1272 3401 1.
1299 3347 1370 3417 disp.
1394 3355 1423 3401 5:
1466 3349 1560 3402 Etiam
1586 3350 1722 3403 haeretici
1744 3370 1802 3420 per
1823 3372 1906 3407 sacro

208 3454 285 3504 rum,
311 3438 449 3504 quosdam
475 3435 628 3488 haereticos
651 3436 735 3503 sipna
755 3437 852 3501 edere,
883 3435 1042 3488 andivimus
1068 3433 1162 3498 serbo,
1179 3442 1229 3486 aut
1244 3451 1343 3486 nomen
1358 3432 1474 3500 Christi,
1490 3442 1540 3487 aut
1550 3444 1727 3489 sacramenta
1745 3439 1906 3492 Christiano

210 3523 281 3575 enim
299 3522 455 3576 Dominum
473 3523 625 3579 dicentem:
654 3523 744 3576 Multi
763 3523 856 3575 dicent
872 3523 903 3574 in
924 3521 971 3575 die
989 3521 1042 3573 illa
1069 3519 1210 3588 espellunt
1232 3521 1402 3586 daemonas,·
1429 3537 1491 3572 cnm
1514 3528 1607 3573 antem
1624 3522 1732 3575 malum
1744 3525 1906 3592 jubentibus

210 3612 262 3662 etc.
309 3606 448 3676 *iSaepe
470 3609 542 3661 enim
565 3626 621 3662 non
643 3608 742 3662 oirtnte
766 3608 906 3661 miracula
927 3608 1042 3674 edentis,
1069 3606 1218 3657 daemones
1243 3605 1402 3659 salamario
1430 3607 1547 3674 cedunt,·
1581 3624 1643 3660 cnm
1671 3625 1737 3661 oera
1770 3611 1854 3663 inuiti
1877 3613 1905 3664 is

211 3709 281 3761 orsae
305 3694 480 3746 sanationem
504 3695 627 3760 efficiat,
649 3695 792 3748 miracala
806 3695 894 3762 finnt,
918 3694 971 3745 sed
986 3693 1043 3755 tide
1069 3692 1200 3744 honorem
1226 3691 1451 3745 mordentissimi
1470 3692 1651 3760 imperatoris
1670 3692 1786 3749 Christi
1828 3697 1905 3750 Talis

210 3782 251 3833 od
263 3796 325 3832 enm
337 3780 468 3832 adeuntis
480 3780 607 3834 hmninis.
634 3779 776 3848 Scriptum
796 3779 934 3832 estenim:
955 3779 1043 3831 Fides
1068 3779 1126 3840 fnit
1144 3778 1187 3845 is,
1212 3779 1248 3830 de
1276 3790 1329 3846 qao
1359 3777 1497 3847 discipuli
1522 3778 1673 3847 loquamur
1699 3782 1742 3832 od
1766 3780 1905 3836 Christian

209 3873 260 3918 tua
276 3873 302 3918 te
322 3865 451 3919 seruauit.
488 3865 604 3933 Oportet
622 3874 648 3919 et
665 3866 716 3920 hoc
736 3865 843 3932 notari,
868 3867 946 3934 quod
963 3864 1045 3916 multi
1069 3863 1154 3920 Marc.
1175 3869 1199 3929 9,
1218 3880 1243 3918 v.
1263 3867 1309 3918 38:
1340 3864 1479 3931 Mopister
1496 3865 1526 3917 in
1545 3864 1656 3917 nomine
1675 3873 1722 3918 tno
1743 3867 1824 3935 ejicit
1843 3871 1905 3922 ‹lae-

205 3966 295 4020 praoe
318 3951 462 4027 credentes
486 3952 589 4005 meritos
614 3953 725 4007 labores
744 3952 892 4006 obtulerint
912 3953 974 4004 Deo
987 3967 1043 4019 per
1068 3951 1179 4016 monia,
1204 3967 1265 4002 mem
1288 3956 1380 4001 tamen
1404 3948 1546 4002 Christum
1563 3968 1620 4003 non
1637 3961 1813 4019 sequeretur.
1850 3952 1946 4010 Sta-¹¹¹

209 4035 433 4091 exercitationem
455 4044 481 4090 et
505 4040 659 4092 mercedem
675 4055 732 4108 pro
751 4039 792 4091 eis
811 4056 829 4090 a
849 4039 912 4090 Deo
931 4053 1042 4107 accepe-
1069 4036 1196 4106 pletonus
1216 4035 1244 4088 in
1258 4041 1407 4104 promtuar.
1421 4036 1517 4090 morali
1530 4036 1600 4092 dom.
1612 4042 1653 4093 24.
1664 4044 1737 4107 post.
1748 4038 1903 4095 Pentecost

204 4123 266 4179 rint
287 4123 317 4176 in
340 4124 392 4177 hoo
409 4123 503 4176 seculo
521 4124 699 4177 sanationum
719 4131 744 4177 et
758 4123 974 4192 prophetiarum
993 4124 1042 4174 do·
1069 4139 1096 4191 p.
1117 4128 1181 4177 627:
1219 4121 1315 4174 Etiam
1333 4139 1401 4176 vera
1420 4123 1560 4177 miracula
1579 4142 1634 4178 non
1650 4123 1744 4178 solum
1764 4128 1904 4181 Antichri-

208 4228 282 4277 nom,
301 4217 331 4262 ut
348 4210 378 4262 in
395 4211 497 4273 ficturo
516 4210 608 4262 seculo
627 4210 765 4262 audiant:
797 4209 953 4276 Accepistis
970 4209 1042 4261 bona
1068 4217 1126 4260 stus
1146 4209 1206 4277 ipse
1225 4210 1340 4276 ejusque
1358 4225 1560 4277 praecursores
1572 4211 1705 4279 proximi,
1727 4213 1782 4262 ssd
1795 4212 1904 4280 qudibrt

208 4304 299 4349 vestra
324 4303 349 4348 et
375 4296 486 4348 labores
512 4303 632 4363 cestros,
658 4312 731 4348 nrrnc
748 4313 804 4346 non
824 4295 947 4362 amplius
966 4294 1042 4347 vohis
1068 4293 1205 4346 haeretici
1228 4311 1284 4344 non
1316 4311 1397 4347 secus
1424 4311 1508 4362 quam
1534 4297 1613 4362 mapi
1638 4298 1702 4350 Deo
1727 4299 1903 4365 permittente

209 4382 333 4436 dabitur.
378 4381 456 4435 Idem
480 4379 509 4434 in
533 4380 632 4436 Psalm.
656 4387 680 4435 9.
703 4381 754 4434 col.
781 4386 829 4436 67:
869 4383 938 4435 Cum
960 4381 1041 4450 sipna
1070 4380 1186 4447 operari
1205 4387 1334 4447 possunt.
1377 4380 1482 4435 Acesta
1503 4381 1538 4436 de
1555 4388 1638 4451 temp.
1656 4382 1761 4436 noviss.
1779 4401 1844 4455 cap.
1865 4390 1903 4439 19:

203 4468 263 4522 nlla
281 4465 489 4533 (Antichristus)
505 4466 603 4530 fecere
624 4468 758 4536 coeperit,
781 4474 885 4534 quarite
905 4467 1041 4519 mirabili·
1073 4466 1208 4532 Tempore
1222 4465 1389 4518 Antichrieti
1407 4466 1528 4533 difficile
1548 4467 1601 4519 erit
1619 4467 1703 4534 muno
1719 4484 1790 4522 oern
1803 4470 1903 4523 dicem

209 4571 261 4610 ara
279 4553 447 4606 uidebuntur
464 4553 629 4620 hominibus,
648 4560 726 4606 tanta
743 4552 791 4605 illi
801 4552 898 4614 sancti,
919 4553 968 4620 qni
978 4560 1042 4604 tunc
1068 4567 1133 4603 nere
1151 4569 1168 4602 a
1180 4551 1275 4617 salsis,
1292 4551 1341 4603 uhi
1359 4552 1446 4603 multa
1465 4559 1491 4604 et
1509 4569 1614 4620 mapna
1631 4561 1713 4607 erunt
1731 4556 1810 4608 cerm
1823 4554 1903 4609 simd·

209 4647 300 4706 erum,
319 4646 526 4692 contemnentur
543 4646 570 4691 et
587 4639 670 4706 prosi
683 4655 740 4707 pro
759 4636 847 4690 nihilo
863 4637 1042 4701 habebuntur,
1069 4636 1147 4688 lima.
1183 4635 1313 4690 costerus
1338 4635 1367 4688 in
1391 4637 1493 4691 enchir.
1516 4637 1567 4691 loc.
1596 4637 1632 4692 do
1650 4639 1751 4693 eccles.
1771 4640 1902 4705 concedit,

209 4742 279 4793 quos
295 4725 354 4787 ille,
375 4724 422 4778 oui
434 4740 490 4792 per
508 4725 646 4789 justitiam
666 4732 691 4775 et
706 4724 894 4776 innocentiam
907 4724 1043 4791 resistent,
1071 4721 1240 4776 Novatianos
1256 4721 1320 4775 olim
1339 4737 1389 4774 sus
1405 4722 1535 4778 babuisse
1552 4723 1693 4778 miracula.

208 4809 337 4878 mirificis
358 4811 446 4873 sactis
465 4824 601 4876 superare
619 4809 758 4862 oislebitnr
777 4809 873 4864 otor*
905 4807 1043 4878 Hierony·
1108 4812 1165 4860 274.
1194 4806 1377 4861 Bellerminus
1398 4824 1431 4861 ex
1452 4808 1494 4864 his
1513 4809 1649 4880 qusedsm
1670 4808 1785 4882 deligit,
1810 4812 1952 4904 quibusffi

210 4915 270 4951 mus
296 4896 325 4950 in
344 4911 443 4950 comm.
461 4895 496 4949 ad
516 4895 608 4950 Galat.
630 4896 678 4952 lib.
700 4903 729 4951 3:
768 4897 978 4950 Observandum
997 4903 1045 4958 est,
1072 4891 1248 4961 exceptiones
1279 4909 1342 4945 suss
1370 4899 1500 4962 opponet.
1550 4900 1570 4950 1.
1593 4894 1638 4948 De
1663 4895 1810 4950 miraculis
1831 4897 1952 4955 Anti-noi

209 4984 286 5052 qnod
307 4981 424 5052 operari
445 4982 562 5035 obtures
587 4982 720 5036 dicantur
746 4982 782 5049 ii,
812 4983 861 5050 arsi
880 4998 934 5033 non
952 4988 1045 5034 tenent
1073 4976 1167 5031 christi
1194 4977 1292 5031 Mattb.
1321 4984 1368 5042 21,
1391 4996 1416 5032 v.
1442 4984 1483 5033 11.
1521 4985 1545 5035 2.
1570 4979 1696 5036 Thessal
1721 4988 1752 5046 2,
1777 4998 1805 5037 r.
1827 4990 1851 5039 9.
1872 4988 1904 5038 lc.

209 5067 349 5135 eoanpelii
369 5067 527 5135 ueritatem,
554 5068 605 5122 hoo
629 5068 693 5122 dico
714 5071 863 5122 aduersum
881 5062 1159 5133 haereticos,iApoo.
1191 5069 1234 5130 13,
1261 5081 1287 5120 r.
1318 5070 1355 5118 13.
1384 5070 1422 5120 11.
1448 5066 1611 5136 respondet,
1634 5067 1710 5136 quod
1734 5070 1839 5133 flaura
1857 5070 1905 5122 sint

209 5155 260 5222 qrri
286 5153 478 5221 probationem
503 5171 562 5207 esse
577 5155 651 5222 fidei
669 5171 738 5207 errae
763 5171 793 5206 es
818 5169 862 5214 eo,
891 5152 918 5204 si
935 5152 1044 5218 sipnnm
1071 5167 1127 5202 non
1153 5166 1220 5202 nera
1245 5159 1270 5202 et
1294 5151 1405 5217 solida,
1432 5153 1485 5204 sed
1505 5153 1678 5219 apparentia
1701 5154 1749 5206 oel
1766 5155 1905 5208 mirabilia

210 5240 331 5306 aliquod
357 5238 493 5305 fecerint,
522 5241 701 5296 arbitrentur.
745 5239 919 5309 Augustinus
937 5237 985 5294 lib.
1007 5245 1044 5293 15.
1071 5236 1244 5299 hominibus,
1274 5255 1330 5289 non
1357 5246 1448 5290 arsum
1475 5238 1600 5291 absolute
1627 5240 1787 5310 miranda,
1812 5242 1905 5312 prolia

210 5330 283 5377 cont.
309 5325 403 5380 Faust.
429 5343 453 5381 c.
478 5333 507 5381 5:
547 5326 695 5379 Mirocnlo
720 5328 779 5391 (vos
805 5323 971 5390 Manichaei)
990 5343 1046 5377 non
1073 5330 1134 5375 arte
1145 5323 1290 5375 doemonis
1294 5323 1363 5391 fieri
1368 5331 1496 5391 possunt,
1508 5324 1536 5377 id
1547 5323 1692 5380 confirmat
1700 5341 1736 5381 ex
1749 5333 1773 5382 2.
1783 5327 1905 5383 Thesei.

210 5408 410 5477 farinaceus
428 5420 519 5467 tomen
536 5413 727 5480 sifoeeretis.
747 5412 831 5465 etiam
847 5412 955 5479 ipsein
969 5412 1046 5465 vobis
1072 5408 1120 5463 ubi
1149 5415 1284 5466 vocentur
1311 5409 1476 5476 mendacia,
1506 5415 1586 5466 etex
1611 5409 1701 5481 Apoc.
1726 5417 1766 5468 13.
1790 5413 1841 5469 ubi
1861 5430 1906 5485 pro

208 5509 368 5559 coenemus
388 5513 444 5565 per
466 5497 646 5554 instruentem
665 5515 716 5551 nos
736 5497 888 5554 Dominum
907 5504 933 5552 et
953 5497 1045 5551 dicen·
1073 5497 1203 5552 menimis
1223 5496 1393 5552 Antichristi
1408 5495 1556 5551 miraculis
1571 5496 1699 5566 ponitur,
1725 5503 1807 5570 quood
1817 5501 1907 5569 saciet
