3998 6024
788 274 840 330 na
857 272 1049 332 accusem.
1144 254 1147 259 ’
1703 287 1762 343 sor

68 445 131 485 esse
154 444 236 484 verae
261 429 394 485 ecclesiae
415 433 522 496 notam,
546 428 619 500 quod
644 446 694 484 uos
718 428 784 484 tetis
801 429 920 508 simbusp
934 427 1125 500 contegebant,
1143 432 1217 486 iano
1233 439 1324 487 antem
1339 431 1490 500 futipinem
1507 432 1538 486 in
1553 438 1682 486 tartarea
1698 432 1765 486 isto·

67 515 224 571 asserimus.
931 534 993 569 rum
1016 519 1157 583 faedstote
1180 520 1272 574 onitas
1297 521 1455 590 impacatus
1479 526 1606 574 ostentat
1648 519 1692 573 Ac
1712 518 1765 573 nisi

10 632 42 660 n·
106 606 163 656 168
200 602 294 673 Atque
311 600 380 656 haec
400 600 475 655 dicta
491 601 546 655 sust
557 600 593 655 de
604 617 707 673 majore
718 601 905 673 propositione
931 605 1066 659 concedat
1083 605 1279 669 Bellarminus,
1304 606 1333 659 in
1354 605 1415 661 aliis
1442 622 1522 675 posse
1541 623 1601 660 esse
1619 605 1766 704 fuliginem
1836 636 1846 652 ·

10 674 54 764 {a
22 683 227 760 r'argumenti
240 686 455 755 Bellarminiani,
473 704 546 742 nuuc
562 687 598 742 ad
617 688 748 744 minorem
763 688 904 744 descendi·
931 689 1082 758 haereseos,
1103 709 1174 763 quae
1191 693 1270 747 fuit
1262 710 1291 746 m
1311 691 1437 764 patribus
1455 709 1559 747 naevus
1571 709 1678 757 errans
1696 692 1764 762 quid

10 786 54 815 ¹³⁰·
68 794 139 830 mus
174 774 359 830 Bellarminus
386 775 556 830 confidenter
574 780 671 846 negat,
696 776 785 828 altam
803 775 903 828 ieram
930 777 1109 877 respondebit
1124 780 1332 851 Anabaptistis,
1355 797 1471 879 quorum
1489 796 1564 834 error
1582 784 1638 839 est,
1657 782 1764 832 sonato·

10 829 54 970 Ξι·
68 878 118 916 sea
140 861 415 914 circumstantiarum
439 863 468 914 in
493 861 610 916 coelata
629 862 775 931 papistica
795 864 904 915 demen-
930 881 991 916 ram
1014 863 1044 916 in
1064 866 1186 920 Domino
1205 868 1401 935 quiescentrum
1420 867 1531 919 animas
1548 873 1610 918 ante
1629 865 1735 917 diem
1715 882 1765 933 Ju-

10 941 160 1002 ”‘strori
172 964 274 1018 possc;
267 946 439 1014 ·rideamus,
456 947 594 1019 quomodo
608 946 748 1018 sigillatim
761 947 829 1001 illud
843 965 904 1017 pro
931 949 1003 1002 dicii
1018 952 1110 1004 Deam
1127 970 1181 1005 non
1192 953 1311 1020 maros,
1329 969 1379 1004 nes
1389 952 1533 1016 fruituros
1546 950 1660 1003 coelesti
1669 950 1765 1020 pierio

10 1033 40 1073 Ἀ
68 1034 139 1088 bare
157 1039 279 1088 conetur.
314 1034 427 1122 Primo,
451 1033 559 1104 inquit,
585 1050 726 1102 nunqnam
746 1033 905 1102 objecerunt
931 1043 957 1087 et
982 1036 1176 1091 beatitudine?
1210 1039 1256 1095 cai
1280 1037 1402 1109 dogmati
1420 1036 1549 1091 videntur
1568 1035 1765 1107 subscripsisse

10 1121 151 1186 „notas
167 1127 310 1173 aratorem
327 1096 566 1187 androsaemon,
591 1120 694 1173 nsoab
710 1120 766 1173 atti
777 1121 905 1189 partica
930 1121 1061 1177 irenaeus
1078 1123 1125 1180 lib.
1148 1130 1172 1179 5
1191 1141 1214 1178 c.
1235 1130 1277 1182 31.
1294 1123 1481 1179 Tertullianus
1499 1122 1546 1178 lib
1564 1129 1587 1178 4.
1609 1122 1671 1177 adv
1691 1121 1764 1177 Mar-

69 1205 250 1260 inritamina
261 1223 313 1258 nos
325 1207 545 1276 appellaverant
573 1205 795 1276 Respondemus:
813 1211 905 1260 aucto-
931 1207 1002 1264 cion.
1022 1213 1049 1263 et
1066 1207 1113 1264 lib.
1132 1209 1168 1265 de
1185 1209 1319 1267 animae.
1338 1211 1389 1266 ult.
1425 1209 1559 1282 Origenes
1577 1207 1671 1264 homil.
1691 1215 1716 1265 t
1735 1207 1764 1262 iu

69 1308 129 1346 rem
152 1291 312 1362 primarium
332 1292 488 1362 apostasiae
512 1292 620 1363 papalis
644 1297 779 1346 monstrat
797 1296 905 1362 aposto-
932 1292 1020 1350 Levit.
1037 1293 1199 1350 Lactantius
1222 1295 1268 1351 lib.
1293 1300 1318 1352 6.
1343 1296 1398 1353 dis,
1423 1295 1508 1352 instit.
1538 1312 1561 1349 c.
1588 1301 1629 1349 21.
1667 1299 1765 1350 auctor

69 1377 904 1443 lus2.'1'hess.t,r.trdntiohrristiadoentnssstseenn·
931 1380 1122 1451 quaestionum
1147 1381 1220 1435 iuter
1243 1397 1327 1451 opera
1348 1380 1453 1436 Justini
1477 1398 1504 1452 q.
1528 1387 1568 1437 76.
1610 1380 1711 1434 Αιιιιι
1734 1378 1764 1433 in

69 1466 137 1519 arm
157 1464 346 1534 operationem
366 1464 492 1518 Satanae
510 1466 540 1518 in
554 1466 630 1519 omni
646 1466 754 1527 virtute,
773 1473 799 1518 et
817 1465 905 1533 ιιριιίι
930 1481 954 1520 o.
971 1470 995 1521 t.
1016 1466 1132 1536 Apocal.
1162 1466 1286 1521 Hilarius
1305 1466 1521 1523 inpransus.
1549 1466 1764 1536 chrysostomus

70 1559 97 1606 at
109 1551 256 1621 prodigiis
267 1551 448 1604 mendacibus
461 1560 486 1604 et
498 1551 528 1604 in
542 1551 619 1604 omni
630 1551 791 1604 seductione
802 1551 904 1620 iniqui-
930 1551 1022 1607 homil.
1048 1556 1089 1609 39.
1114 1554 1143 1607 in
1169 1558 1192 1610 t.
1216 1551 1252 1607 ad
1276 1551 1398 1608 Corinth.
1434 1559 1532 1607 auctor
1554 1550 1645 1622 operis
1663 1550 1762 1620 imper·

69 1638 146 1692 tatis.
184 1644 206 1692 1.
225 1636 343 1693 Timoth.
361 1643 390 1705 4,
408 1654 434 1693 ι.
457 1643 486 1691 1:
506 1638 543 1691 In
562 1637 718 1690 nemesimie
735 1638 905 1707 temporitsm
929 1636 994 1690 fecti
1020 1638 1048 1691 in
1071 1637 1243 1692 Matthaeum
1268 1637 1361 1692 homil.
1387 1642 1428 1692 34.
1446 1637 1609 1692 Ambrosius
1635 1635 1763 1691 debono

70 1725 216 1777 discedent
239 1724 354 1792 qnidam
377 1740 396 1775 a
419 1725 474 1787 fide
499 1724 668 1777 attendentes
691 1723 836 1793 spiritibus
855 1725 903 1777 im·
930 1724 1026 1777 mortis
1043 1741 1066 1777 e.
1090 1726 1128 1779 10.
1153 1724 1329 1795 Augustinus
1347 1725 1375 1777 in
1395 1723 1497 1780 Psalm.
1514 1729 1554 1779 36.
1573 1712 1776 1779 Τ1ιιοι1οιιιιιιΙ

13 1808 228 1881 impostoribus
251 1817 277 1863 st
303 1811 440 1864 doctrinis
466 1811 685 1866 daemoniosam.
724 1809 778 1863 Hic
802 1809 904 1883 μυριό-
929 1818 957 1864 et
975 1809 1199 1880 Theophylactus
1216 1811 1245 1863 in
1262 1827 1287 1863 c.
1308 1815 1331 1866 8.
1349 1809 1500 1864 Hebraeor.
1535 1810 1616 1864 Titus
1633 1808 1763 1864 Bostren-

67 1916 163 1968 τεχιος
186 1902 215 1951 st
240 1896 325 1950 hostis
344 1895 537 1951 callidissimus
557 1896 662 1951 semina
681 1896 789 1966 papalis
808 1903 903 1968 tyran-
929 1896 966 1950 sis
990 1903 1018 1951 et
1040 1896 1207 1966 Euthymius
1233 1897 1262 1950 in
1286 1912 1310 1951 c.
1334 1902 1376 1951 23.
1401 1895 1510 1963 Lucae,
1532 1895 1710 1951 Bernhardus
1733 1894 1762 1949 iu

66 1983 140 2038 nidis
167 1982 274 2037 occulte
301 1983 420 2052 primum
446 1983 561 2053 sparsit,
586 1999 658 2053 quaa
685 1983 714 2037 in
741 1983 901 2039 immensam
927 1983 998 2038 festo
1015 1984 1136 2037 omnium
1154 1982 1318 2037 Sanctorum
1336 1987 1386 2038 etc.
1422 1982 1465 2036 Ac
1484 1983 1512 2036 in
1523 1981 1679 2052 Apollinari
1691 1981 1763 2036 Lao·

29 2094 34 2099 ·
66 2069 231 2126 universalis
240 2085 328 2141 paene
340 2069 494 2138 apostasiae
508 2075 628 2138 segetem
641 2068 902 2141 largissimepostea
928 2068 1027 2123 diseno
1056 2069 1213 2140 opinionem
1234 2068 1415 2123 chiliastieam
1434 2068 1468 2122 de
1486 2076 1593 2123 terreno
1612 2066 1714 2123 Christi
1733 2067 1762 2121 in

66 2161 257 2213 mormanno
293 2155 456 2210 Secundarii
472 2156 626 2225 apostasiae
644 2163 772 2211 auctores
790 2156 902 2211 fuerunt
928 2156 970 2210 his
994 2156 1074 2210 terris
1098 2172 1184 2226 regno
1208 2155 1387 2226 pertinaciter
1409 2159 1605 2226 propugnante
1629 2161 1764 2224 tanquam

65 2242 213 2317 pontifices
229 2241 356 2309 Romani,
374 2241 421 2312 qui
440 2241 477 2296 ab
496 2241 631 2312 episcopis
651 2241 879 2312 degenerarunt
871 2261 900 2296 ιιι
928 2243 1051 2298 haeresin
1077 2243 1219 2297 damnavit
1234 2243 1372 2297 Damasus
1396 2259 1471 2313 papa
1489 2240 1625 2296 referente
1642 2239 1764 2295 Barouio

65 2328 223 2402 pontifices,
240 2328 269 2382 id
288 2334 329 2382 est
347 2329 413 2399 quia
429 2345 459 2383 se
478 2329 647 2383 universales
666 2343 809 2398 episcopos
820 2345 900 2383 voca
928 2329 956 2382 iu
984 2329 1076 2385 annal.
1100 2345 1172 2384 anno
1199 2333 1255 2384 118.
1282 2335 1348 2385 sect.
1373 2334 1398 2384 2.
1424 2344 1487 2382 cum
1511 2331 1604 2382 tamen
1628 2326 1764 2397 opinionis

64 2421 131 2469 runt
160 2432 194 2469 ac
221 2415 312 2468 vocari
341 2414 500 2480 voluerunt,
529 2400 717 2467 Antichristus
742 2413 809 2468 facti
828 2421 900 2468 sunt.
927 2414 1001 2468 illius
1018 2431 1124 2469 semma
1136 2413 1265 2469 exstent
1257 2430 1287 2467 m
1298 2413 1397 2484 Papia,
1415 2413 1535 2478 Justino,
1557 2413 1678 2478 irenaeo,
1696 2410 1763 2466 Ter-

65 2501 200 2567 Quamris
219 2517 283 2556 vero
298 2499 485 2554 Antichristus
502 2516 557 2553 non
569 2501 605 2553 sit
616 2499 789 2566 unushomo,
807 2507 900 2555 tamen
927 2501 1044 2569 tulliano
1070 2507 1121 2556 eto
1157 2499 1212 2566 Qui
1237 2499 1443 2554 ecclesiasticae
1457 2499 1589 2554 historiae
1607 2514 1717 2552 cursum
1735 2502 1764 2552 et

64 2589 167 2653 officio,
187 2587 329 2659 regmine,
350 2587 522 2642 successione
541 2592 569 2641 et
587 2587 647 2641 loco
666 2604 738 2641 unus
755 2592 807 2656 est,
824 2587 899 2641 vide
928 2603 1103 2660 progressum
1117 2587 1249 2655 intuetur,
1260 2585 1368 2642 ridebit
1385 2601 1426 2654 ee,
1444 2602 1516 2657 quae
1528 2584 1658 2655 apostolis
1670 2583 1763 2639 adhuc

64 2677 132 2732 licet
154 2691 231 2746 papa
248 2673 403 2736 Romanus,
429 2690 446 2727 a
472 2690 526 2743 quo
552 2672 593 2726 illi
613 2672 743 2727 dicuntur
761 2672 900 2744 Papistae.
926 2674 1083 2730 viventibus
1101 2678 1129 2728 et
1145 2672 1309 2728 docentibus
1325 2672 1354 2727 in
1372 2671 1491 2728 ecclesia
1508 2688 1564 2727 uon
1583 2670 1697 2726 fuerunt
1714 2688 1763 2725 au·

64 2761 112 2816 Ad
143 2759 321 2816 secundarios
351 2759 425 2812 illius
456 2758 607 2828 apostasias
636 2766 761 2814 auctores
786 2765 901 2829 possunt
928 2762 1002 2826 dita,
1025 2776 1042 2814 a
1065 2758 1192 2831 patribus
1214 2758 1310 2830 quaeri
1334 2774 1367 2813 ac
1389 2757 1526 2829 disputari
1544 2756 1632 2811 fuisse
1650 2762 1762 2828 coepta3
1832 2778 1836 2785 -

65 2848 149 2904 etiam
168 2845 264 2902 referri
281 2845 349 2899 varii
364 2845 405 2899 illi
422 2845 570 2914 haeretici,
596 2864 613 2900 a
633 2846 734 2918 quibus
752 2848 839 2902 multa
857 2863 900 2902 ac-
928 2864 999 2919 quae
1018 2846 1144 2918 patribus
1163 2844 1323 2916 scrupulum
1342 2850 1495 2914 moverunt,
1514 2860 1549 2899 ea
1567 2849 1665 2916 postea
1676 2843 1763 2899 ruins

65 2938 202 3005 oeperunt
219 2931 359 3002 Papistae,
377 2931 538 3002 praesertim
556 2948 622 2987 vero
633 2932 786 3004 Pelagiani,
808 2939 840 2990 ut
851 2950 900 2989 suo
927 2935 987 2990 visa
1005 2933 1174 3006 probabilia3
1194 2938 1279 3004 atque
1297 2949 1315 2987 a
1334 2930 1510 2988 Scholasticis
1528 2930 1716 2986 stoanonistis
1729 2936 1763 2985 ut

65 3021 127 3075 loco
147 3018 387 3082 demonstrabitur,
406 3019 478 3074 sicut
497 3025 525 3074 ιι
544 3019 611 3074 alibi
624 3035 663 3074 ex
681 3019 799 3089 Plotina,
817 3021 900 3093 Poly·
927 3039 992 3077 vera
1021 3020 1107 3075 fuisse
1135 3027 1262 3089 receptu
1293 3035 1365 3090 quae
1387 3018 1428 3072 illi
1452 3017 1571 3090 amplexi
1589 3023 1667 3086 sunt,
1694 3032 1762 3072 aaa

69 3106 137 3160 doro
152 3105 272 3176 Virgilio
291 3111 343 3159 etc.
365 3105 526 3167 ostenditur,
545 3105 606 3175 quis
624 3105 748 3175 pontifex
765 3107 901 3178 cujusque
926 3105 1080 3163 Pontifieiis
1096 3105 1179 3161 hodie
1197 3105 1279 3160 etiam
1298 3111 1394 3159 contra
1412 3105 1628 3161 demonstratam
1644 3120 1678 3158 ex
1689 3103 1761 3159 Sori-

10 3228 12 3248 .
68 3191 209 3264 dogmatis
233 3197 262 3246 et
285 3191 488 3245 constitutionis
507 3196 604 3245 auctor
621 3191 664 3245 sit,
703 3194 729 3246 2.
750 3195 901 3262 Nunquam
927 3195 1015 3265 pturis
1033 3193 1177 3248 veritatem
1196 3191 1374 3263 pertinaciter
1386 3185 1506 3247 defendi
1536 3189 1760 3262 Sicergoacer·

66 3281 250 3334 ostendmnt
264 3279 388 3347 primam
406 3277 541 3346 oripinem
552 3279 640 3331 attins
653 3280 792 3346 dogmatis
804 3282 901 3351 nostri,
927 3281 962 3336 tis
979 3280 1015 3334 ad
1033 3279 1134 3348 dubia,
1157 3295 1175 3333 a
1195 3277 1285 3332 dubiis
1301 3279 1339 3331 ad
1356 3278 1512 3348 opiniones,
1533 3277 1568 3332 ab
1585 3276 1761 3346 opinionibus

66 3369 122 3421 imo
143 3365 352 3421 Centusiotores
370 3365 401 3416 in
412 3365 531 3434 sinantia
545 3364 679 3419 semeriis
690 3373 835 3435 annotant,
853 3385 901 3421 no·
928 3368 964 3422 ad
990 3383 1104 3434 errores,
1132 3366 1169 3420 ab
1194 3363 1332 3420 erroribus
1351 3364 1387 3418 ad
1406 3363 1532 3419 haereses
1548 3363 1680 3434 temporis
1696 3381 1761 3433 pro·

66 3461 128 3506 stra
145 3454 278 3519 dogmata
295 3452 326 3504 in
344 3451 426 3503 tibrs's
440 3459 554 3518 patrem
574 3452 708 3515 inveniri,
735 3454 787 3506 aad
802 3453 833 3506 in
846 3471 900 3523 pa·
927 3471 1025 3525 gressu
1042 3452 1155 3507 taudem
1172 3451 1227 3505 fuit
1246 3451 1407 3515 deventum,
1426 3464 1482 3521 qua
1501 3449 1536 3504 de
1553 3465 1584 3503 re
1602 3449 1713 3520 legatur
1731 3450 1761 3505 in

67 3540 156 3593 tribea
183 3546 284 3591 oooant
309 3553 425 3604 naeuos,
455 3539 485 3590 in
505 3539 584 3591 nobis
604 3539 744 3607 hamesos,
771 3556 844 3608 asne
862 3548 902 3593 est
928 3540 1052 3596 examine
1076 3555 1153 3595 cono.
1172 3536 1247 3594 Trid.
1267 3535 1302 3590 D.
1319 3535 1433 3590 Chemn.
1453 3540 1537 3606 caput
1554 3536 1590 3590 de
1608 3535 1713 3608 origiue
1733 3540 1811 3599 etxr.
1825 3555 1872 3597 sss

66 3626 183 3680 mann
208 3625 320 3677 ernstia.
363 3623 587 3693 Respondemus:
614 3624 747 3695 dogmata
769 3627 902 3682 ecclesias
926 3642 1074 3697 progressu
1101 3625 1201 3681 erroris
1224 3623 1253 3677 in
1280 3622 1396 3694 singulis
1420 3622 1603 3677 counoversis
1627 3622 1761 3681 articulis.

66 3712 209 3767 Romame
233 3710 395 3779 hodiernae,
419 3726 491 3781 quae
509 3725 527 3763 a
544 3710 644 3764 uostris
663 3711 785 3766 ecclesiis
801 3712 901 3783 impro-
927 3713 1051 3776 Zosimus
1072 3711 1147 3766 eirca
1170 3727 1272 3764 anuum
1297 3713 1354 3765 tto.
1377 3704 1599 3780 praerogativam
1620 3708 1761 3780 quandam

65 3799 176 3860 bantur,
194 3812 228 3851 ex
247 3812 279 3850 eo
299 3796 429 3849 novitatis
448 3796 663 3865 convincuntur,
689 3799 764 3868 quod
779 3816 835 3853 non
853 3799 899 3853 de
927 3801 955 3853 in
973 3797 1103 3853 ecclesias
1123 3797 1244 3868 reliquas
1262 3795 1315 3850 sibi
1333 3796 1474 3866 arrogavit
1492 3794 1618 3866 allegans
1634 3795 1760 3867 supposi-

65 3884 202 3940 scendant
219 3883 255 3934 ab
275 3884 390 3950 antiqno
407 3883 459 3936 itta
477 3883 586 3935 dimam
606 3882 723 3949 Dant,
740 3900 766 3939 ι.
789 3889 827 3940 ts.
848 3902 899 3939 neo
925 3886 1017 3940 titium
1035 3883 1172 3955 quendam
1185 3882 1300 3938 Nicaeui
1317 3882 1427 3937 concilii
1440 3897 1580 3937 canonem.
1607 3881 1759 3952 Telespho-

65 3968 182 4026 insanin
207 3968 313 4039 possint
329 3967 357 4020 in
376 3969 460 4021 sacris
478 3967 565 4022 literis
583 3968 749 4024 authenticis
769 3969 824 4023 illis
845 3973 899 4042 pri-
925 3989 972 4027 rus
992 3971 1113 4025 rustrturt
1123 3969 1371 4041 quadragesimam
1387 3968 1518 4039 Hyginus
1530 3964 1655 4032 chrisma,
1671 3972 1761 4022 trans·

65 4073 127 4111 mae
149 4060 179 4110 et
203 4069 286 4110 verae
309 4053 482 4125 antiquitatis
501 4055 612 4110 tabulis.
651 4056 762 4112 Semina
782 4073 900 4127 quorun·
925 4057 1182 4114 substantiationem
1199 4055 1299 4111 statua
1311 4054 1487 4110 Innocentius
1501 4053 1553 4107 111
1574 4059 1625 4108 ete.
1655 4056 1896 4109 aeronaosnm

66 4144 129 4198 dam
150 4155 273 4194 errorum
292 4141 433 4210 papalium
452 4140 607 4195 demeritis
626 4158 747 4211 operum,
766 4143 802 4196 de
822 4144 900 4197 satis
922 4152 1041 4214 possunt
1058 4145 1209 4213 desipnare
1227 4149 1335 4209 tempas
1352 4146 1455 4194 aemam
1467 4146 1579 4192 nosnos
1592 4140 1761 4205 &faraonis
1773 4124 1836 4164 ⁹⁰¹⁰

65 4227 235 4284 factionibus
253 4232 306 4281 etc.
336 4227 403 4279 satis
419 4228 554 4281 mature'
546 4244 575 4281 m
593 4228 709 4282 eeclesia
726 4244 823 4298 sparsa
840 4247 899 4286 esse
925 4234 960 4284 ab
980 4232 1106 4285 corteno.
1141 4228 1366 4298 Respondemus:
1385 4227 1463 4281 luter
1479 4225 1627 4296 scriptores
1645 4225 1761 4281 Pontifi-

64 4315 194 4381 fatamur,
212 4313 261 4369 sed
280 4312 343 4367 illi
335 4331 365 4367 ιιι
373 4313 499 4383 patribus
510 4314 623 4368 fuerunt
635 4315 714 4368 naevi
727 4331 760 4369 ao
772 4315 899 4387 stipulae,
926 4319 989 4373 cios
1000 4333 1055 4371 nou
1072 4316 1208 4378 convenit,
1225 4328 1279 4384 quo
1298 4317 1422 4384 tempore
1433 4312 1533 4367 Petrus
1545 4312 1663 4366 Romam
1678 4328 1761 4368 vene·

65 4418 137 4473 qaae
154 4400 276 4455 nondum
295 4400 323 4453 in
341 4406 462 4471 segetem
480 4402 555 4455 illam
574 4416 696 4455 errorum
711 4409 898 4459 excreverunt.
926 4406 975 4470 ιιι,
998 4402 1059 4474 quis
1078 4401 1163 4456 Petro
1181 4399 1357 4467 successerit,
1375 4416 1427 4453 nec
1446 4405 1538 4454 tamen
1555 4399 1710 4468 patientur,
1728 4404 1761 4454 ut

64 4487 222 4559 Cyprianus
240 4487 269 4541 in
288 4487 406 4556 epistola
424 4487 459 4539 ad
476 4487 662 4557 Jubajanum:
680 4489 796 4556 Ipnosoi
806 4496 899 4559 potest
927 4491 988 4561 quis
1011 4489 1077 4546 inde
1097 4486 1261 4554 concludat,
1284 4486 1397 4541 Petrum
1414 4502 1557 4556 uunquam
1576 4485 1686 4541 venisse
1706 4484 1762 4541 Ro·

64 4574 232 4644 simpliciter
249 4573 366 4635 mana,
381 4581 449 4641 post
468 4574 681 4642 inspirationem
698 4592 764 4628 nero
783 4583 809 4628 et
826 4592 900 4629 reos-
926 4593 1011 4640 mam,
1040 4576 1125 4629 Petro
1150 4574 1288 4628 nemiuem
1317 4572 1481 4626 successisse
1509 4572 1538 4625 in
1565 4573 1630 4627 sede
1656 4573 1762 4644 papali.

63 4663 198 4716 lationem
215 4659 340 4712 somatis
359 4660 477 4722 saetam
497 4659 588 4728 quiin
600 4676 640 4722 eo,
658 4663 736 4729 quod
748 4670 899 4724 marmot,
926 4663 1001 4734 Ergo
1019 4661 1042 4715 si
1059 4661 1104 4716 vel
1121 4660 1239 4714 maxime
1258 4674 1314 4714 nou
1331 4663 1426 4727 posset
1443 4657 1583 4728 designari
1598 4665 1703 4713 certum
1715 4659 1762 4713 de·

60 4754 226 4817 paraverat
239 4747 367 4814 prudens
384 4753 411 4799 et
429 4746 528 4809 sciens,
539 4747 606 4814 jam
622 4764 678 4799 non
690 4749 720 4799 in
730 4748 812 4801 venia
825 4749 901 4816 iano·
926 4747 1053 4803 fectionis
1065 4754 1183 4817 tempus.
1200 4764 1233 4801 ex
1248 4761 1281 4800 eo
1292 4751 1385 4799 tamar
1399 4743 1493 4799 inferri
1506 4743 1612 4815 nequit,
1631 4743 1762 4799 defectio·

63 4834 179 4888 ramses
192 4840 301 4901 peccat,
312 4832 524 4900 praesumtione
536 4833 608 4885 enim
621 4841 703 4902 atqua
717 4835 901 4888 obstinatione
926 4852 989 4890 nem
1006 4850 1062 4887 non
1081 4850 1141 4888 esse
1159 4831 1270 4886 factam.
1305 4829 1371 4900 Ipsa
1389 4830 1500 4886 collatio
1518 4830 1677 4902 dogmatum
1695 4847 1761 4901 apo·

64 4921 191 4991 quodam
212 4919 326 4982 nititar,
352 4936 413 4970 cnm
435 4917 545 4971 ratione
562 4928 715 4987 raperetur.
752 4920 829 4976 Neve
848 4922 901 4976 hoc
926 4921 1083 4976 stolioorum
1107 4925 1135 4974 et
1153 4918 1294 4989 papalium
1311 4917 1476 4983 apostasiam
1495 4934 1513 4971 a
1529 4933 1595 4972 vera
1611 4917 1667 4972 tide
1683 4934 1762 4988 prae·

64 5005 219 5062 absurdum
243 5003 372 5059 videatur
390 5003 573 5072 Bellarmiuo,
600 5005 764 5073 proferimus
782 5023 900 5062 errorem
927 5008 1042 5063 cessisse
1070 5004 1216 5059 manifeste
1245 5003 1374 5060 ostendit.
1417 5004 1504 5057 ”An
1533 5005 1600 5074 quia
1628 5008 1761 5074 tempora,

63 5093 275 5148 Βοιιιιίιιιιιιιιι
297 5091 332 5144 de
350 5090 476 5145 iterando
489 5091 625 5161 baptismo
642 5090 679 5145 ab
695 5092 833 5148 haeretico
846 5094 900 5147 col·
928 5092 1028 5164 quibus
1040 5091 1165 5160 impurus
1177 5090 1224 5144 ills
1236 5090 1348 5159 spiritus
1362 5089 1457 5160 lapsus
1471 5097 1520 5152 est,
1535 5090 1640 5161 ignoro,
1652 5091 1761 5162 lapsum

63 5179 129 5245 lato,
148 5176 277 5248 quicum
296 5175 429 5246 Cypriani
451 5177 644 5230 auctoritatem
656 5177 781 5232 suasisti
794 5178 900 5234 haeresi
926 5179 1059 5233 malorum
1077 5177 1223 5248 spirituum
1243 5176 1389 5247 negesW
1421 5174 1549 5230 Ceterum
1562 5178 1703 5248 apostasia
1713 5178 1761 5234 illa

62 5263 261 5325 obtenderent,
296 5263 471 5333 Augustinus
490 5261 539 5316 lib.
562 5268 583 5317 l.
603 5262 637 5316 de
655 5261 785 5332 baptism.
804 5270 901 5319 contra
926 5283 943 5320 a
965 5281 1031 5320 vera
1048 5264 1103 5318 fide
1123 5280 1178 5317 non
1197 5270 1240 5317 est
1255 5278 1311 5317 uno
1327 5264 1421 5318 statim
1437 5267 1577 5319 momento
1594 5260 1686 5332 sacta,
1711 5266 1761 5320 sed

61 5350 160 5405 Donat
183 5366 208 5404 c.
226 5348 276 5402 ult
295 5347 324 5400 iu
341 5347 482 5418 Cypriane
498 5348 568 5402 illud
586 5347 689 5419 dogma
705 5351 816 5404 vocavit
834 5369 899 5405 nae·
925 5352 1060 5423 paulatim
1084 5355 1113 5404 et
1134 5350 1314 5420 pedetentim.
1350 5349 1472 5420 Insignis
1499 5349 1617 5405 mutatio
1642 5351 1762 5423 contigit

59 5454 141 5499 ιιιιιι,
165 5435 193 5489 in
212 5434 369 5489 Donatistis
386 5436 544 5503 sentiment.
582 5436 657 5488 Nam
680 5435 762 5488 ittam
785 5437 898 5508 (inquit)
924 5444 1048 5510 tempore
1071 5436 1210 5492 Bonifacii
1232 5435 1284 5491 111.
1310 5436 1359 5506 qui
1379 5435 1491 5490 titulum
1514 5437 1684 5493 oecumenici
1703 5438 1761 5508 epi·

58 5538 182 5579 nomam
204 5523 237 5576 iss
256 5522 380 5577 eandm
396 5530 513 5577 ammos
530 5522 642 5575 animas
660 5522 791 5576 cantatis
807 5522 896 5579 ntea
923 5522 1304 5596 soopial'hooaimpetrarit
1324 5521 1761 5598 DetemporibusliragorllVII.
