4004 6022
190 247 249 344 'ni
307 251 311 262 '
779 254 903 333 toute
919 266 1124 333 monemus
1142 264 1287 330 runos

187 448 212 485 r.
226 435 265 486 13.
287 428 381 487 teor.
392 433 466 498 ll,r.
477 433 523 486 2³:
543 418 729 485 Coenantiirss
745 429 807 485 :llis
818 429 927 498 accepit
937 426 1023 482 Jesus
1050 427 1141 484 verbis
1160 426 1353 483 iustitutionis:
1374 423 1510 496 Accipite,
1528 424 1671 493 comedite,
1692 423 1747 479 lsoc
1764 433 1806 480 ert
1824 438 1887 480 σοι·

183 534 301 588 panem,
321 516 468 584 benedixit,
484 516 574 586 treqit
593 534 628 570 ac
646 517 726 571 dedit
745 516 894 586 discipulis
912 515 1024 569 amens:
1045 530 1103 583 pus
1128 532 1225 571 meum.
1254 513 1302 568 ‘Ex
1321 530 1376 585 quo
1393 513 1455 569 loco
1474 512 1624 583 apostolico
1641 512 1785 567 evidenter
1802 512 1885 567 reial-

71 610 78 615 '
187 602 327 673 Accipite,
350 602 500 668 comedite,
524 603 577 657 loc
601 611 641 657 est
661 621 764 673 corpru
782 619 878 656 meum.
918 607 941 657 1.
960 600 1022 656 Cor.
1048 598 1114 655 litur
1133 599 1267 672 expositio
1284 600 1452 669 Bellarmini,
1470 599 1518 672 qui
1537 617 1594 670 seq.
1611 614 1709 670 parag.
1726 598 1768 652 sie
1786 597 1887 654 infert:

188 697 230 758 to,
248 707 274 746 v.
289 693 333 744 16:
353 690 455 757 Panis,
473 707 554 760 quem
562 689 746 759 frangimus,
765 705 856 742 nonne
873 687 1022 741 communi·
1049 687 1168 740 Falsum
1193 695 1246 752 est,
1269 705 1377 757 panem
1394 704 1452 741 csse
1471 703 1574 756 carpus
1593 685 1727 755 Domini,
1755 684 1815 738 nisi
1833 686 1885 739 ad·

186 776 260 830 catio
279 782 320 830 est
338 777 465 844 carparis
484 774 611 831 C'iristil
649 776 725 830 Unus
741 775 843 845 panis,
860 792 945 828 unum
962 791 1022 827 cor·
1049 773 1103 826 das
1123 780 1173 826 aut
1191 773 1540 842 subintelliqasmutatum.
1582 771 1810 842 Respondemus:
1828 770 1885 826 imo

152 880 240 948 lpus
261 860 343 915 multi
361 879 470 930 sumus,
497 861 565 932 quia
589 862 624 915 de
643 878 698 914 uno
713 877 789 931 pane
804 860 1021 931 participamus.
1048 875 1114 914 vero
1139 859 1280 930 apostolus
1302 874 1404 930 panem
1428 865 1511 915 rocat
1528 857 1806 914 communicationem
1826 874 1886 913 cor·

190 954 213 1005 l.
231 946 294 1007 Cor.
319 953 364 1016 ll,
386 964 412 1003 v.
430 951 478 1002 ιιι
505 947 727 1017 Quotiescunque
746 946 953 1000 manducabitis
968 964 1022 1016 pa·
1048 945 1123 1016 poris
1140 943 1256 1014 Christi,
1274 951 1305 1000 at
1323 963 1389 1001 num
1409 960 1483 1017 aqua
1501 950 1609 1000 mutata
1626 950 1718 1015 potest
1736 943 1793 999 dici
1812 960 1886 999 eom·

123 1064 125 1068 =
186 1052 249 1089 nem
277 1034 349 1088 lrunc
377 1041 403 1087 ct
430 1034 546 1087 calicem
569 1033 678 1103 muts,
702 1042 817 1088 moment
836 1033 957 1089 Domini
972 1051 1022 1085 an·
1047 1030 1198 1087 municatio
1219 1031 1297 1086 vini?
1339 1033 1434 1098 Quare
1458 1049 1521 1087 cum
1547 1032 1688 1103 apostolus
1711 1029 1803 1102 posito
1821 1031 1885 1087 sub-

186 1119 360 1190 nuntialitis,
379 1122 467 1174 donec
485 1120 593 1186 ueniat,-
619 1137 645 1174 r.
665 1124 712 1175 ιιι
731 1121 887 1190 quicunque
904 1119 1023 1172 mandu-
1044 1116 1114 1186 jacti
1131 1117 1192 1172 loco
1211 1133 1283 1188 pane
1305 1136 1361 1174 non
1378 1119 1455 1173 dicat
1468 1116 1602 1178 inlucet
1617 1117 1786 1188 simpliciter.
1805 1117 1885 1172 illurn

187 1207 292 1261 raserit
311 1223 416 1276 panem
440 1207 512 1261 lunc
530 1207 574 1260 ocl
593 1206 691 1261 biberit
709 1207 825 1260 calicem
842 1206 963 1260 Domini
980 1205 1022 1258 in·
1048 1219 1108 1260 esse
1124 1221 1223 1275 corpus
1232 1203 1353 1274 Domini,
1372 1204 1421 1259 scd
1440 1210 1529 1260 mutet
1545 1204 1736 1275 praedicatum
1752 1208 1782 1258 et
1799 1202 1886 1272 dicat,

186 1293 290 1364 dique,
321 1310 388 1348 reus
418 1293 472 1348 erit
497 1294 626 1364 corporis
655 1302 681 1348 et
710 1293 857 1363 sanquinis
884 1291 1006 1347 Domini
1009 1313 1021 1361 ,·
1047 1304 1147 1359 panem
1176 1307 1235 1346 esse
1262 1296 1411 1345 κοινωνίαν
1438 1290 1560 1362 corporis
1582 1288 1707 1358 Domini,
1737 1285 1886 1344 manifesta

186 1396 212 1434 v.
234 1385 279 1435 28:
307 1380 409 1450 proba
431 1396 461 1432 sc
481 1378 574 1448 ipsum
599 1379 680 1434 homo
708 1387 735 1441 et
753 1381 794 1434 sic
812 1381 848 1433 de
868 1395 947 1448 pane
969 1377 1021 1432 illa
1048 1375 1113 1431 inde
1131 1375 1279 1449 colligitur,
1300 1376 1329 1431 in
1346 1376 1535 1448 propositione
1549 1374 1652 1431 Christi
1669 1393 1720 1447 per
1732 1390 1886 1447 pronomen

189 1468 256 1520 edat
274 1473 300 1518 et
321 1467 357 1520 de
375 1465 464 1520 calice
483 1464 565 1518 bibat.
603 1464 789 1520 Bellarminns
806 1464 922 1536 excipit,
941 1462 1022 1520 vehe-
1047 1463 1100 1516 lsoc
1119 1480 1175 1518 non
1192 1461 1317 1518 denotari
1336 1463 1528 1518 tantummodo
1544 1478 1653 1534 panem.

188 1557 294 1606 menter
317 1550 416 1606 obesse
439 1554 550 1606 nocuae
574 1551 742 1616 sententiae,
772 1550 847 1621 quod
871 1566 1021 1621 pronomen
1085 1553 1141 1605 12³.
1176 1548 1259 1614 Quod
1280 1548 1380 1604 attinet
1406 1549 1522 1605 alteram
1546 1547 1702 1620 argumenti
1720 1552 1830 1619 partem
1847 1547 1944 1643 deff

186 1636 238 1692 lucc
263 1638 434 1692 dcmomtrst
457 1653 567 1707 panem.
612 1637 704 1690 Valde
724 1638 813 1691 miror
834 1637 949 1709 (inquit)
966 1636 1021 1690 Lu·
1047 1633 1233 1705 appellatione
1250 1635 1331 1707 panis
1348 1642 1413 1707 post
1430 1634 1679 1703 consecrationem,
1703 1633 1740 1688 ad
1761 1648 1824 1690 eam
1842 1649 1885 1689 rc·
1897 1654 1944 1694 rus

186 1722 266 1794 theri,
285 1720 441 1777 Cbamnicis‘
457 1730 483 1775 et
503 1723 624 1776 alianum
642 1723 877 1793 imprudentiam,
895 1723 945 1792 qui
962 1730 1021 1776 tan·
1048 1720 1121 1792 gerit
1136 1720 1328 1788 Bellarminns,
1349 1723 1430 1792 apud
1446 1722 1570 1776 Paulum
1583 1739 1686 1791 panem
1705 1720 1805 1774 uocari
1818 1727 1884 1791 post
1896 1707 1944 1796 init:

186 1818 282 1881 tepere
305 1817 422 1879 urqent,
441 1826 547 1879 panem
570 1809 759 1864 &mensurari
774 1809 942 1880 pronomine
968 1809 1021 1863 :llo
1048 1807 1296 1877 consecrationem,
1320 1826 1377 1862 non
1397 1816 1547 1878 spectrum,
1572 1824 1622 1862 nec
1646 1808 1806 1862 accidentia
1824 1807 1944 1861 musti

188 1896 248 1964 tor,
266 1903 370 1964 quanto
387 1895 460 1949 enim
470 1896 584 1965 fortitu
602 1897 636 1950 id
647 1896 785 1966 probant,
801 1903 879 1951 tanta
897 1911 927 1950 se
944 1894 1022 1964 ipsos
1048 1895 1185 1963 subjecto,
1204 1895 1257 1949 sed
1272 1911 1367 1949 rerum
1385 1895 1474 1948 cibum
1490 1895 1803 1966 supersubstantialern,
1835 1893 1887 1964 qai

185 1981 293 2048 fortius
310 1981 402 2051 liqant
425 1990 451 2036 et
474 1981 638 2053 impediunt.
674 1981 751 2036 Nam
768 1981 796 2034 si
813 1981 951 2035 Dominus
967 1981 1022 2034 ait:
1046 1982 1133 2050 panis
1150 1981 1268 2047 dicitur,
1283 1981 1329 2036 uel
1346 1981 1415 2050 quia
1431 1998 1464 2035 ea
1475 1997 1553 2050 pane
1568 1983 1665 2047 factus
1682 1988 1735 2045 est,
1753 1979 1799 2033 uel
1817 1979 1885 2050 qru‘a

186 2065 232 2121 iric
244 2067 333 2138 panis
353 2075 394 2121 est
412 2084 514 2136 corpus
533 2084 635 2134 meum,
654 2067 810 2120 necessario
829 2067 967 2136 seqnitur,
991 2074 1022 2119 ut
1044 2066 1170 2135 fiquram
1188 2067 1277 2136 panis
1302 2068 1638 2136 murmurmurmur
1657 2066 1885 2137 quialrabetcf·

186 2162 237 2208 aut
253 2152 336 2219 falsa
352 2151 389 2206 sit
407 2151 528 2207 Domini
543 2152 696 2220 semema,
715 2153 742 2205 si
758 2152 890 2205 nimirum
903 2152 1023 2222 proprie
1041 2153 1140 2222 fectus
1158 2150 1351 2223 proprietates
1373 2153 1473 2222 panis,
1495 2152 1541 2207 uel
1558 2153 1626 2223 quia
1646 2170 1722 2207 more
1740 2153 1885 2207 Hebraico

182 2241 272 2314 panis
289 2237 447 2294 materialis
465 2237 577 2292 dicatur
596 2254 654 2292 esse
674 2255 775 2308 carpus
794 2238 922 2304 Domini,
948 2240 1025 2309 quod
1048 2239 1232 2294 omnisciens
1252 2239 1357 2293 dicier
1370 2240 1470 2311 panis,
1488 2239 1628 2309 siquidem
1646 2256 1752 2293 manna
1768 2247 1886 2293 oocutw·

187 2337 285 2399 aperte
304 2324 432 2396 implicat
449 2324 699 2379 contradictionem
704 2345 716 2394 ,·
737 2331 787 2377 aut
801 2325 889 2394 panis
905 2326 943 2379 sit
962 2342 1023 2379 cor·
1045 2324 1132 2395 panis
1154 2325 1185 2378 in
1210 2325 1364 2394 Scriptura
1391 2325 1625 2395 frequentissime.
1660 2323 1885 2396 Respondemus:

182 2432 241 2485 pus
257 2430 313 2467 non
325 2411 455 2482 proprie,
472 2412 525 2465 sed
539 2412 674 2481 fiqurate,
693 2411 771 2479 quad
786 2410 882 2464 uolunt
900 2408 1023 2464 Caluini·
1051 2419 1073 2468 l.
1093 2411 1122 2466 in
1148 2411 1272 2467 articulis
1298 2411 1365 2466 fidei
1394 2429 1450 2467 uon
1476 2417 1518 2468 eet
1542 2411 1741 2467 discedendum
1761 2410 1885 2474 alitera,

187 2507 264 2569 stae;
296 2506 345 2553 aut
371 2499 490 2568 denique
510 2497 599 2567 panis
624 2514 681 2552 non
707 2513 823 2550 manens
842 2496 945 2567 panis,
971 2499 1025 2551 scd
1048 2496 1102 2554 nisi
1125 2498 1191 2554 fidei
1210 2497 1340 2570 andagis
1357 2515 1406 2554 nos
1425 2504 1509 2570 cogat
1526 2503 1554 2554 et
1571 2498 1714 2569 Scriptura
1732 2497 1795 2569 ipsa
1814 2496 1886 2570 figu-

156 2605 159 2611 ’
187 2584 378 2640 benedictione
404 2591 525 2639 mutatus
550 2583 588 2636 sit
611 2583 642 2636 in
664 2599 768 2651 corpus
794 2583 925 2647 Domini,
951 2601 1023 2652 quae
1048 2601 1107 2639 rem
1126 2589 1259 2640 monstret
1277 2591 1306 2639 et
1325 2583 1459 2655 explicet,
1477 2583 1547 2639 alias
1565 2584 1644 2639 nulla
1662 2582 1819 2639 remanebit
1836 2584 1884 2640 do·

187 2678 228 2725 est
260 2670 398 2724 sententia
431 2670 572 2723 ecciesiae.
619 2667 843 2738 Respondemus:
873 2685 1022 2739 pronomen
1049 2670 1153 2726 ctrinae
1168 2668 1341 2726 Christianae
1361 2670 1506 2738 certitudo,
1523 2674 1556 2725 ut
1573 2669 1743 2727 ostendimus
1761 2670 1884 2727 intrnct

187 2756 239 2810 boc
256 2756 370 2812 denotat
388 2755 501 2827 quidem
520 2770 635 2825 panem,
660 2753 710 2808 sed
727 2768 782 2807 non
802 2754 904 2823 solnm,
927 2771 1022 2810 rerum
1049 2757 1085 2811 de
1102 2757 1214 2826 interpr.
1235 2755 1336 2827 Script.
1356 2753 1384 2832 ξ.
1403 2761 1459 2813 rte.
1480 2763 1509 2811 et
1527 2772 1603 2827 seqq.
1638 2755 1703 2811 lum
1721 2772 1787 2811 sero
1806 2754 1885 2811 nulla

186 2847 276 2897 totum
295 2839 484 2912 complexum,
505 2846 536 2895 ut
556 2838 728 2894 ostendimus
745 2839 872 2910 superius
890 2837 919 2915 ξ.
934 2845 976 2898 33.
996 2848 1025 2896 et
1048 2841 1210 2897 necessitate
1234 2842 1360 2913 cogimur
1383 2858 1401 2896 a
1423 2841 1526 2897 literali
1550 2856 1632 2897 seusu
1651 2841 1798 2898 verborum
1818 2860 1884 2915 apo

186 2927 364 3001 postmodum
385 2924 494 2996 plenius
519 2922 775 2980 demonstrabimus.
823 2923 949 2981 Christus
966 2943 1023 2981 non
1048 2926 1205 2982 stalicorum
1228 2926 1361 2983 hocloco
1379 2928 1523 2996 recedere,
1545 2943 1598 2983 neo
1615 2927 1723 2999 uspiam
1742 2929 1885 2999 apostolus

86 3027 115 3072 x
128 3026 176 3076 sta
188 3012 269 3067 dicit:
295 3011 380 3066 Panis
402 3017 446 3066 est
469 3028 569 3082 corpus
593 3027 697 3081 meum,
718 3011 768 3066 sed
786 3012 916 3081 accipite,
934 3030 1022 3067 carne·
1047 3011 1153 3067 indicat
1176 3011 1295 3085 figurate
1318 3029 1419 3083 panem
1438 3013 1502 3068 dici.
1538 3018 1562 3069 2.
1580 3011 1765 3069 Bellarminns
1789 3012 1839 3070 lib.
1859 3020 1883 3071 3.

188 3100 255 3163 dite,
272 3098 323 3151 iac
341 3104 381 3151 est
396 3114 500 3167 corpus
519 3114 625 3168 mcum,·
645 3097 821 3152 interimnon
835 3097 1022 3168 improbemus
1048 3098 1082 3153 de
1100 3098 1185 3154 verbo
1203 3099 1257 3154 Dei
1274 3115 1297 3154 o
1317 3104 1341 3155 3.
1366 3106 1440 3155 reete
1458 3099 1597 3170 disputat,
1622 3117 1655 3154 ee
1671 3101 1733 3155 solo
1749 3117 1834 3154 senus
1850 3101 1883 3156 li·

186 3183 258 3239 banc
276 3181 506 3254 propositionem:
543 3181 629 3236 Panis
658 3189 701 3237 est
725 3199 825 3253 corpus
845 3181 971 3247 Domini,
998 3184 1021 3238 ei
1047 3184 1134 3238 terali
1155 3185 1223 3238 duci
1236 3187 1326 3254 firma
1349 3193 1376 3239 ct
1399 3187 1561 3256 apodictica
1581 3195 1764 3257 arqumenta,·
1783 3186 1885 3243 afferat

186 3269 304 3325 accedat
326 3267 452 3340 legitima
471 3267 604 3338 expositio
624 3285 657 3323 cx
675 3269 743 3340 ipsis
761 3269 941 3324 institutionis
960 3285 1021 3325 rer·
1047 3270 1132 3343 igitur
1157 3271 1313 3326 evidentem
1338 3272 1497 3343 Scripturae
1518 3277 1639 3342 textum,
1662 3273 1692 3327 in
1717 3289 1772 3344 quo
1791 3271 1884 3344 figura

185 3355 230 3412 bis
253 3354 388 3425 deducta3
412 3353 493 3426 panis
517 3354 753 3411 sacramentaliter
777 3360 821 3419 est
845 3373 946 3426 corpus
965 3355 1020 3412 Do
1045 3357 1094 3411 illa
1116 3355 1276 3428 explicetur.
1319 3363 1344 3415 3.
1364 3355 1443 3413 ldem
1467 3357 1651 3413 Bellarminus
1677 3366 1773 3413 cauma
1791 3359 1883 3414 Calrl·

186 3440 262 3506 mini,
281 3441 311 3495 id
329 3447 371 3497 est
389 3440 557 3496 manducato
575 3458 648 3512 pane
667 3441 696 3497 in
710 3458 790 3500 sacra
807 3459 894 3500 coena
906 3441 1020 3497 mandu·
1045 3442 1157 3512 niueos,
1178 3443 1228 3514 qni
1250 3459 1351 3514 corpus
1375 3460 1426 3519 per
1451 3442 1568 3515 figuram
1588 3443 1710 3514 corporis
1731 3451 1882 3515 exponunt,

185 3531 265 3581 estur
281 3527 365 3582 etiam
385 3543 485 3598 corpus
504 3525 632 3594 Domini,
651 3535 764 3600 propter
782 3527 911 3584 unionem
931 3544 1018 3583 sacra·
1045 3527 1092 3584 lib.
1115 3535 1137 3584 l.
1160 3528 1196 3584 de
1222 3528 1333 3587 euchar.
1351 3546 1375 3587 c.
1395 3522 1434 3584 ιο.
1455 3530 1601 3601 disputans
1619 3516 1752 3586 recte'sic
1770 3531 1882 3588 scribit:

183 3613 269 3669 talem
289 3630 361 3685 quae
380 3611 432 3667 soli
443 3611 504 3668 Deo
523 3613 637 3685 cognita
650 3616 736 3685 etpie
747 3631 765 3670 a
776 3613 856 3669 nobis
871 3615 1018 3678 credenda,
1047 3602 1206 3684 Scriptura,
1224 3633 1286 3669 cum
1304 3615 1406 3685 accipit
1423 3616 1578 3686 improprie
1596 3634 1698 3687 corpus
1715 3615 1830 3687 Christi,
1848 3619 1882 3672 id

183 3715 359 3772 nequaquam
383 3716 449 3754 vero
472 3699 579 3755 curiose
604 3701 799 3772 investiganda
821 3707 871 3756 est
925 3700 1019 3770 Atque
1046 3709 1086 3755 est
1107 3719 1164 3771 pro
1187 3700 1319 3770 ecclesia,
1345 3703 1476 3756 continuo
1499 3703 1533 3755 id
1555 3703 1647 3772 ipsum
1674 3703 1806 3772 amplicat.
1842 3705 1882 3759 A:

183 3784 254 3840 hsec
272 3791 315 3839 est
331 3800 398 3844 sera
415 3789 444 3838 ct
460 3784 614 3839 orthodoxa
629 3783 703 3839 illius
721 3785 915 3856 propositionis
933 3786 1018 3857 expli·
1044 3788 1095 3843 lac
1114 3789 1174 3843 loca
1192 3788 1288 3842 nulius
1306 3788 1488 3857 euanqelista,
1507 3805 1594 3858 neque
1612 3789 1723 3842 Paulus
1739 3791 1882 3860 explicuit,

184 3871 266 3938 catio,
283 3877 382 3926 neuma
399 3886 464 3926 vero
480 3869 599 3941 illmum,
616 3886 687 3941 quas
697 3869 883 3926 Bellarminns
895 3872 1018 3928 adducit.
1046 3891 1148 3945 corpus
1161 3874 1256 3944 accipi
1266 3875 1430 3944 improprie,
1446 3875 1617 3943 relinquitur
1629 3876 1723 3942 iqitur,
1741 3883 1772 3929 ut
1783 3876 1881 3949 (quad)

184 3954 302 4020 Quando
328 3972 395 4028 ergo
420 3954 500 4011 nobis
525 3957 686 4027 opponitur.
713 3957 788 4029 quod
812 3957 891 4028 panis
910 3958 1020 4014 dicatur
1044 3961 1161 4031 proprie
1185 3960 1280 4028 accepi
1302 3961 1409 4014 debeat.
1449 3959 1527 4015 Idem
1551 3976 1683 4031 urgemus
1702 3965 1799 4016 contra
1817 3961 1881 4019 Bel·

184 4059 285 4112 corpus
303 4042 405 4100 Christi
422 4043 467 4098 rel
486 4043 597 4114 proprie
606 4045 652 4099 rel
666 4043 793 4116 figurate,
811 4045 1018 4115 respondemus,
1044 4044 1199 4102 larminum.
1235 4043 1335 4100 Nullus
1353 4044 1533 4117 evangelista,
1550 4061 1602 4099 neo
1621 4045 1725 4101 Paulus
1744 4049 1881 4118 exposuit,

184 4126 245 4182 dari
272 4128 395 4198 tertium,
423 4129 555 4184 videlicet
580 4130 710 4202 mystice,
737 4131 973 4186 sacramentaliter
992 4140 1020 4188 et
1045 4147 1146 4203 panem
1163 4130 1254 4202 accipi
1271 4131 1421 4202 improprie
1442 4135 1471 4185 et
1490 4131 1691 4202 metaphorice,
1714 4133 1881 4205 relinquitur

184 4213 325 4269 inusitate.
362 4212 531 4271 Manendum
549 4219 657 4285 tamen,
676 4215 751 4287 quod
768 4233 822 4270 vox
838 4217 964 4286 iqurata
983 4218 1020 4272 sit
1045 4218 1144 4290 igitur,
1169 4216 1244 4290 quod
1264 4217 1375 4290 proprie
1392 4216 1482 4288 accipi
1500 4217 1611 4272 debeat.
1646 4217 1676 4273 Si
1695 4219 1724 4272 in
1741 4218 1880 4276 Celsinia-

185 4300 332 4372 smbigua,
359 4299 509 4372 aliquando
538 4300 610 4355 enim
630 4300 767 4371 accipitur
786 4301 879 4357 stricte
897 4320 949 4374 pro
965 4309 1019 4361 tro·
1044 4303 1087 4358 nis
1114 4303 1298 4358 Bellarminns
1324 4302 1378 4358 boc
1406 4302 1560 4373 improbat,
1589 4310 1617 4359 et
1635 4303 1732 4359 merito
1758 4306 1880 4376 quidem,

102 4393 105 4399 '
183 4385 256 4459 pica,
273 4385 424 4457 aliquando
442 4402 508 4441 vero
525 4385 608 4442 letius
626 4403 677 4457 pro
696 4386 845 4451 inusitata,
872 4405 945 4459 quae
963 4407 1018 4445 non
1045 4389 1120 4461 quod
1143 4404 1161 4443 a
1178 4388 1347 4460 proprietate
1363 4387 1511 4444 verborum
1523 4389 1552 4443 in
1564 4395 1643 4460 parts
1661 4389 1798 4446 materiali
1818 4407 1880 4448 coe·

184 4471 312 4544 congruit
328 4470 365 4526 sd
384 4471 496 4544 regulas
512 4471 623 4543 proprie
641 4470 868 4542 praedicationis,
892 4490 1018 4546 quaeque
1044 4475 1107 4531 lesti
1131 4474 1289 4538 discedunt,
1318 4490 1368 4528 nec
1392 4473 1446 4529 sibi
1472 4474 1617 4546 indulgere
1638 4475 1692 4531 boc
1718 4476 1816 4546 debet,
1847 4484 1880 4533 ut

183 4557 373 4615 declaratione
391 4575 424 4613 ex
443 4557 534 4614 verbis
549 4557 661 4613 Domini
678 4557 794 4631 indiget
824 4559 862 4614 Et
872 4557 924 4614 hoc
936 4577 1018 4616 sensu
1044 4560 1080 4615 ab
1103 4561 1201 4616 eadem
1224 4558 1371 4614 verborum
1396 4561 1567 4631 proprietate
1591 4563 1620 4616 in
1643 4567 1723 4633 parte
1742 4563 1881 4619 mamriali

182 4644 303 4718 figurata
328 4643 430 4699 dicitur
451 4643 522 4699 haec
543 4642 707 4716 propositio:
742 4643 828 4700 Panis
852 4653 895 4700 est
918 4664 1018 4719 corpus
1043 4655 1153 4703 terrena
1177 4646 1311 4703 discedat
1356 4646 1435 4702 Sicut
1453 4646 1608 4702 Calvioicni
1627 4648 1817 4704 destituuntur
1835 4665 1880 4705 ex·

182 4730 313 4796 Domiui;
330 4730 359 4784 in
377 4735 481 4802 protoc.
500 4730 599 4801 colloq.
619 4729 777 4785 Meulbrun.
794 4748 858 4788 aun.
881 4737 954 4789 1564.
976 4735 1016 4788 in·
1043 4750 1137 4804 presso
1153 4737 1232 4788 textu
1249 4740 1278 4787 et
1295 4730 1400 4787 efficaci
1420 4740 1592 4806 argumento,
1610 4751 1665 4805 quo
1683 4733 1809 4806 probent,
1830 4751 1881 4805 per

181 4818 239 4871 stit.
264 4835 291 4886 p.
312 4821 368 4873 160.
415 4813 471 4870 Sed
501 4820 615 4886 propter
644 4815 758 4870 insidias
792 4817 1016 4874 Celsinianorum
1042 4835 1142 4888 corpus
1165 4816 1284 4889 figuram
1308 4818 1430 4890 corporis
1455 4820 1679 4892 intelligendam:
1705 4821 1745 4876 ita
1766 4838 1879 4893 quoque

71 4952 95 4977 ,.
180 4907 306 4974 praestat
324 4917 423 4957 vocare
442 4901 611 4971 inusitatum,
630 4903 857 4958 sacramentalem
877 4912 905 4959 et
921 4905 1015 4976 mysti·
1042 4904 1226 4959 Bellarminus
1245 4903 1406 4960 destituitur
1422 4921 1550 4976 expresse
1566 4912 1644 4961 textu
1664 4915 1692 4962 et
1710 4907 1819 4962 eiiicaci
1834 4924 1878 4963 ar·

181 5002 244 5042 cam
262 4986 512 5060 praedicationem,
529 4989 610 5059 cujus
628 5004 724 5043 sensus
743 4988 766 5042 is
784 4996 834 5051 est.
854 4989 929 5061 quod
944 4990 1016 5046 inter
1040 4995 1187 5061 gumento,
1206 5006 1262 5061 quo
1278 4991 1392 5060 probet,
1411 5009 1462 5062 per
1479 5008 1579 5063 panem
1596 4991 1716 5064 liguram
1734 5000 1877 5050 externam

179 5089 282 5145 panem
304 5073 515 5129 eucharisticum
540 5080 568 5128 et
586 5089 687 5144 corpus
705 5072 817 5129 Domini
835 5075 871 5130 sit
889 5077 954 5130 unio
972 5066 1120 5147 suppanis
1142 5074 1354 5147 intelligendam
1376 5094 1444 5132 esse.
1488 5086 1512 5134 t.
1537 5076 1593 5135 Dn.
1619 5077 1795 5135 Chemnicius
1822 5079 1876 5136 hoc
1889 5091 1944 5137 Η

180 5160 364 5216 eramentalis.
414 5157 566 5217 Confirmat
595 5157 669 5214 hauc
695 5167 820 5216 nostram
851 5160 1014 5217 seranum
1040 5167 1135 5232 urget,
1160 5178 1220 5216 esse
1236 5162 1317 5218 valde
1335 5163 1487 5219 absurdum
1505 5165 1533 5217 in
1548 5164 1698 5235 Scripturis
1714 5167 1754 5221 ita
1771 5165 1875 5236 ludere,

180 5245 331 5316 apostolus,
349 5246 461 5317 quando
482 5252 504 5302 1.
522 5244 644 5302 Corinth.
668 5252 707 5314 10,
725 5264 751 5301 ι.
769 5253 807 5303 lt.
827 5247 937 5303 scribit:
957 5249 1014 5302 Pa·
1026 5254 1029 5303 ἶ
1040 5255 1072 5300 ut
1096 5246 1125 5300 in
1150 5247 1246 5303 eodem
1265 5249 1356 5320 capite
1373 5250 1454 5320 panis
1473 5250 1554 5305 modo
1571 5251 1696 5322 proprie,
1721 5253 1804 5307 modo
1820 5259 1876 5308 tro·

179 5334 240 5400 nis,
269 5350 348 5401 quem
380 5333 556 5404 tranqimus,
585 5340 627 5387 est
656 5334 869 5389 communicatio
886 5331 1103 5407 corporisjpice
1120 5334 1280 5405 accipiatur.
1315 5335 1386 5391 Cum
1403 5350 1470 5407 ergo
1491 5341 1511 5391 Ι.
1531 5335 1592 5391 Oor.
1616 5345 1654 5407 tr,
1672 5355 1697 5394 r.
1717 5344 1758 5394 23.
1775 5356 1877 5396 nomen

182 5417 301 5485 antri,
328 5416 456 5474 nimirum
480 5418 508 5474 in
531 5419 593 5491 ipsa
615 5416 690 5473 illius
713 5418 852 5474 benedicti
875 5418 955 5490 panis
975 5412 1120 5490 di·²panis
1138 5420 1261 5474 omnium
1279 5437 1414 5477 conmnsrr
1432 5421 1545 5492 proprie
1563 5423 1717 5495 accipiatur
1735 5440 1786 5497 pro
1804 5441 1877 5496 pane

179 5502 344 5564 stributione
370 5510 399 5562 et
423 5501 651 5573 manducationis,
673 5503 714 5558 sic
738 5503 811 5559 enim
831 5503 958 5562 cuntur
983 5467 1164 5577 initriticco,
1190 5506 1302 5580 quando
1326 5505 1432 5562 Paulus
1460 5506 1542 5564 dicit:
1578 5510 1697 5583 Accepit
1717 5527 1824 5583 panem
1848 5519 1875 5570 a
