4004 6022
219 365 279 421 tot
785 354 909 412 LOCUS
925 353 1131 411 vicesimus
1150 354 1349 415 SECUNDUS

219 508 411 578 destinatione,
430 510 457 563 in
479 526 535 581 quo
556 509 773 579 disputationem
791 510 922 564 Andreae
940 505 1055 564 Urciani
1081 507 1193 563 silentio
1219 512 1342 565 involvit.
1377 512 1423 566 An
1449 520 1594 584 peccatum
1616 513 1729 585 originis
1747 515 1776 568 in
1797 515 1920 586 quadam

220 597 255 650 de
280 596 376 650 eadem
403 597 517 651 materia
541 614 559 650 a
585 596 718 650 tredecim
739 597 909 651 diversorum
928 595 1054 649 ordinum
1081 596 1200 663 positiva
1224 598 1359 668 qualitate
1382 601 1529 662 consistat,
1554 603 1589 654 ds
1613 618 1645 654 eo
1663 602 1736 654 inter
1756 602 1920 656 catholicos

219 682 352 736 iratribus
378 688 407 736 et
423 682 549 752 patribus
569 683 753 751 subscriptam
773 682 876 736 refellit
896 682 968 736 etin
988 697 1054 750 qua·
1081 680 1261 749 (pontificios)
1288 685 1381 737 adhuc
1401 686 1559 754 disceptari
1575 687 1700 753 equoreit
1718 687 1919 740 Bellarminue

220 775 283 823 tuor
302 768 445 834 elementa,
463 768 593 822 videlicet
610 769 766 836 mendacia,
791 768 931 830 haereses,
957 766 1055 821 antilo·
1081 765 1127 819 lib.
1152 775 1175 821 5.
1202 769 1237 822 de
1262 769 1354 825 amisa.
1381 770 1489 840 gratiae
1516 779 1545 825 ct
1563 777 1637 825 stetu
1656 788 1732 841 pecc.
1750 789 1774 827 c.
1798 778 1836 826 15.
1874 773 1921 826 An

220 853 281 925 gias
301 871 334 907 ac
352 853 485 906 sermonis
505 853 608 921 sordes,
628 854 748 910 resolvit.
772 853 956 908 Bellarminus
971 851 1017 906 lib.
1035 857 1054 904 1.
1083 854 1116 904 B.
1138 855 1237 906 Maria
1263 855 1383 922 speciali
1401 858 1523 924 quodam
1540 858 1693 925 privilepio
1711 875 1730 909 a
1749 858 1814 910 labe
1834 858 1921 925 oripi·

220 939 255 993 de
282 945 351 1009 grat.
380 944 408 992 et
432 938 480 992 lib.
505 938 587 994 arbit.
612 955 637 995 c.
665 945 705 993 12.
728 945 756 993 et
781 946 819 995 13.
845 955 878 992 ex
897 937 1055 1008 Scripturis,
1082 938 1158 989 natis
1171 939 1285 1006 peccati
1295 940 1390 1006 suerit
1409 941 1547 1004 immunis,
1567 943 1603 996 de
1621 958 1653 996 eo
1669 942 1821 1012 plurimum
1843 942 1920 1012 apud

218 1022 344 1094 patribus
368 1030 396 1078 et
418 1024 524 1077 ratione
542 1023 659 1092 probare
680 1032 810 1091 conatur,
841 1027 933 1077 Derim
951 1023 1057 1092 tar-piri
1081 1021 1155 1092 ipsos
1182 1023 1365 1093 disceptatur,
1388 1032 1420 1078 ut
1438 1025 1560 1081 ostendit
1579 1029 1749 1083 concertatio
1768 1029 1843 1082 inter
1861 1044 1918 1082 mo·

219 1110 363 1162 nonnullis
383 1110 507 1177 qratiam
524 1111 710 1178 sufficientem
730 1112 770 1162 ad
785 1126 882 1162 comam
901 1111 1054 1163 consensio·
1081 1107 1184 1161 nachor
1202 1109 1306 1163 ordinis
1320 1110 1495 1164 Dominicani
1511 1112 1733 1168 ethhanciscani
1751 1131 1827 1168 anno
1845 1119 1920 1170 137οῥ

218 1213 288 1263 nem,
307 1212 378 1264 meae
399 1214 455 1249 non
474 1203 514 1248 est
534 1197 638 1262 efficat
655 1197 696 1248 ad
714 1211 760 1247 eos
773 1198 980 1251 convertendos.
1000 1195 1055 1250 Sed
1082 1193 1239 1248 Antoninus
1259 1203 1329 1264 part.
1346 1202 1369 1250 3.
1388 1197 1429 1251 tit
1444 1204 1484 1253 at.
1502 1216 1526 1252 c.
1543 1205 1582 1254 11.
1601 1198 1628 1270 ξ.
1642 1205 1666 1254 3.
1678 1218 1706 1270 p.
1721 1206 1779 1256 315.
1808 1200 1837 1255 S.
1851 1201 1920 1253 Bri·

218 1280 322 1335 Psulas
348 1280 471 1335 Bennios
495 1280 524 1333 in
550 1280 597 1336 lib.
616 1280 651 1334 de
666 1279 773 1334 efficac.
792 1281 899 1351 gratiae
919 1281 1053 1337 Clementi
1081 1280 1152 1346 pitto
1180 1281 1377 1334 revelationem
1407 1282 1456 1349 (ut
1484 1286 1604 1353 arserit)
1639 1286 1748 1352 habuit,
1783 1287 1921 1353 oirqinem

218 1365 297 1421 VIII.
318 1366 444 1420 dedicato
464 1382 487 1418 c.
510 1372 548 1420 14.
567 1373 664 1419 contra
681 1365 757 1419 illam
776 1366 981 1422 distinctionem
997 1368 1054 1422 late
1082 1365 1211 1418 Mariam
1236 1376 1395 1436 conceptam
1414 1370 1474 1422 sine
1492 1371 1629 1434 oripirrali
1640 1379 1777 1438 peceato,·
1809 1372 1847 1424 B.
1869 1372 1920 1425 Oa·

219 1451 355 1522 disputat:
382 1452 440 1504 Per
459 1452 729 1504 inconsiderantiam
747 1451 862 1523 (inquit)
881 1455 986 1506 isthaec
1005 1454 1054 1505 Je·
1081 1451 1196 1505 tlarina
1220 1454 1256 1504 de
1282 1453 1365 1506 Senis
1385 1473 1449 1517 noa,
1467 1465 1496 1506 ut
1516 1457 1656 1522 creditur,
1679 1458 1797 1511 minoris
1815 1459 1920 1510 sancti-

217 1538 298 1590 euitis
319 1539 508 1607 permiserunt
530 1545 669 1590 nostrates
694 1538 816 1606 tlteolopi
837 1539 954 1605 quidam
972 1525 1055 1609 atqae
1082 1538 1148 1588 tatis
1174 1546 1200 1589 et
1218 1540 1399 1607 comancio,
1423 1541 1519 1594 habuit
1536 1542 1735 1595 revelationem
1755 1544 1786 1595 in
1807 1551 1920 1596 comra-

219 1625 248 1676 in
266 1624 364 1679 varias
378 1625 505 1677 salebras
525 1625 636 1676 incaute
653 1625 820 1676 inciderunt.
857 1628 933 1677 Nam
951 1625 1054 1693 dicere,
1081 1623 1162 1676 rtem
1199 1623 1367 1679 artharium
1387 1632 1489 1695 namet,
1507 1644 1569 1681 aum
1584 1627 1613 1681 in
1625 1627 1742 1682 concilio
1753 1627 1920 1683 Tridentino

215 1727 268 1779 per
291 1711 477 1777 sufficientem
501 1711 625 1776 qratiam
649 1711 749 1763 habere
768 1729 819 1764 nos
833 1705 1053 1779 posse‘tantnm,
1082 1709 1116 1762 de
1134 1707 1187 1762 hac
1205 1711 1366 1779 quaestione
1386 1712 1575 1767 deliberatum
1589 1717 1672 1777 esset,
1692 1712 1752 1767 aliis
1767 1713 1846 1768 aliud
1859 1732 1919 1769 mse

218 1805 283 1850 actu
300 1813 366 1850 vero
387 1797 512 1849 converti
528 1796 627 1848 haberi
646 1798 681 1848 ab
699 1797 828 1864 efficaci,
853 1798 895 1849 nil
912 1798 996 1851 aliud
1015 1806 1054 1851 ert
1081 1793 1183 1860 visum,
1210 1808 1294 1865 atque
1318 1797 1428 1851 interim
1454 1799 1520 1851 dam
1540 1805 1633 1868 patres
1651 1815 1686 1852 ea
1703 1799 1739 1852 de
1757 1816 1789 1854 re
1808 1802 1918 1855 consul·

219 1900 303 1952 quam
323 1900 410 1952 posse
435 1884 496 1937 sr'ne
515 1874 600 1951 posse
620 1884 727 1951 larpiri
746 1891 772 1935 et
788 1885 947 1951 pupnantia
967 1885 1053 1954 loqui.
1079 1887 1141 1933 tant
1159 1897 1176 1934 a
1194 1883 1326 1952 magistro
1346 1883 1418 1937 sacri
1436 1884 1533 1954 palatii
1549 1884 1650 1938 etaliis
1662 1885 1799 1955 theologis
1812 1887 1918 1941 editum

218 1968 343 2022 Adducit
364 1969 446 2023 etiam
467 1986 517 2038 pro
537 1985 589 2022 saa
608 1969 745 2022 sententia
764 1968 892 2023 Ozorium
911 1976 938 2024 et
953 1969 1054 2026 Johsn.
1079 1965 1165 2020 fuisse
1188 1966 1290 2021 librum
1314 1969 1463 2023 cardinalis
1482 1970 1516 2025 de
1534 1969 1744 2025 Turrecremata
1761 1978 1862 2026 contm
1879 1973 1917 2027 in·

218 2054 391 2108 Antoninum
411 2053 608 2123 Delphensem,
627 2054 675 2124 qui
695 2054 812 2108 concilio
826 2054 950 2110 Trident.
971 2054 1052 2110 inter·
1080 2053 1296 2107 contaminatam
1327 2055 1358 2108 B.
1388 2054 1512 2125 Virginis
1539 2055 1745 2125 conceptionem
1775 2057 1918 2128 scriptum,

218 2139 280 2195 tuit.
326 2140 359 2192 ln
383 2139 500 2194 articulo
520 2141 556 2192 de
573 2141 696 2208 imopine
716 2142 775 2193 Dei
792 2141 974 2195 tollar-minus
993 2142 1052 2197 libr,
1080 2137 1158 2190 illum
1176 2138 1260 2207 paulo
1279 2145 1343 2209 post
1357 2140 1522 2195 catherinus
1539 2158 1636 2211 aspero
1651 2147 1679 2195 et
1694 2142 1801 2210 prolixo
1814 2143 1919 2214 scripto

218 2226 253 2281 de
271 2225 362 2297 gratio
380 2224 462 2296 primi
479 2226 597 2279 hominis
617 2244 639 2279 c.
659 2231 683 2283 t,
702 2234 731 2280 et
749 2227 875 2297 plerique
893 2245 986 2282 omnes
1007 2229 1053 2282 Je-
1079 2223 1219 2278 refutavit.
1257 2224 1321 2280 lod.
1345 2226 1539 2281 Cliahtovaeus
1564 2227 1633 2281 duos
1657 2227 1742 2281 libros
1769 2229 1860 2283 edidit
1884 2231 1918 2285 de

218 2312 307 2366 saitae
333 2316 472 2380 statuant,
499 2311 649 2387 imapinem
667 2313 727 2364 Dei
749 2315 900 2366 consistere
918 2314 947 2365 in
966 2331 1053 2366 essm·
1080 2302 1257 2365 immaculata
1281 2313 1402 2381 puritate
1425 2314 1612 2383 conceptionis
1632 2313 1666 2368 B.
1685 2313 1805 2382 Mariae,
1833 2332 1917 2386 quam

219 2394 335 2452 tialibus
367 2398 478 2451 animae
501 2398 701 2465 sacrantibus,
730 2407 832 2466 mente,
861 2400 1055 2454 voluntatens
1080 2396 1266 2465 septendecim
1284 2398 1454 2468 argumentis
1474 2398 1591 2468 probare
1603 2399 1707 2454 nititur.
1730 2400 1919 2456 Bellarminus

219 2485 370 2552 memoria,·
386 2484 600 2537 similitudinem
617 2500 682 2535 vero
699 2484 729 2535 in
743 2485 923 2552 paralitatibus
935 2486 1055 2550 animae,
1080 2481 1127 2536 lib.
1152 2488 1176 2536 4.
1199 2482 1235 2536 de
1258 2483 1350 2536 amisa.
1370 2484 1476 2554 gratiae
1495 2491 1524 2539 et
1541 2490 1615 2538 statu
1632 2501 1709 2555 pecc.
1728 2503 1752 2541 c.
1782 2492 1820 2543 15.
1841 2488 1917 2554 dicit,

220 2572 298 2639 qnod
324 2571 481 2623 intellectus
504 2569 680 2622 illurninatns
696 2571 773 2635 fide,
800 2572 934 2622 memoria
955 2573 1054 2638 confir·
1079 2584 1135 2620 non
1158 2568 1257 2620 haberi
1279 2570 1360 2636 apud
1379 2569 1540 2623 Catholicae
1552 2587 1611 2639 pro
1630 2589 1661 2624 re
1682 2580 1758 2625 certa
1778 2580 1805 2624 et
1824 2575 1920 2642 errplo·

220 2664 296 2709 mota
318 2672 381 2725 epe,
407 2656 535 2708 voluntas
557 2655 685 2708 caritate.
725 2654 782 2708 Sed
804 2653 875 2708 hanc
893 2658 1055 2711 sententiam
1081 2661 1147 2706 rata
1164 2671 1199 2706 oe
1218 2655 1279 2722 flate
1301 2656 1443 2707 catholica
1467 2658 1586 2708 tenenda
1612 2659 1646 2710 B.
1667 2658 1810 2724 Virpinem
1826 2661 1920 2722 finisse

219 2742 322 2798 refellit
347 2741 475 2795 Pererius
501 2739 563 2796 libr.
590 2746 615 2794 t.
637 2740 667 2793 in
691 2738 792 2794 Genea.
810 2757 875 2812 pag.
894 2748 953 2797 tlt.
972 2751 1056 2814 atque
1080 2740 1140 2793 sine
1154 2747 1272 2807 peceato
1289 2749 1456 2809 conceptam.
1493 2741 1548 2796 Sed
1565 2742 1711 2796 obstatilli
1725 2743 1920 2800 determinatio

220 2845 254 2882 ex
280 2826 399 2882 immotis
424 2826 583 2895 Scripturas
604 2825 792 2880 fundamentis
809 2827 921 2896 probat,
945 2838 970 2881 vt
988 2831 1055 2883 ima·
1081 2825 1188 2880 concilii
1207 2825 1382 2894 Basileensis,
1406 2845 1490 2896 quam
1510 2845 1604 2897 presse
1622 2836 1705 2900 urget
1723 2830 1785 2884 Biel
1804 2835 1829 2885 3.
1848 2837 1919 2886 sent

220 2915 305 2984 pr'rrir,
326 2921 352 2966 et
370 2912 566 2966 simulitudinis
586 2913 697 2965 nomine
714 2912 789 2967 idem
809 2913 934 2985 intelligi.
963 2915 995 2969 In
1015 2933 1056 2971 ar·
1082 2911 1145 2964 ditt-
1169 2916 1191 2965 3·
1217 2928 1243 2981 q·
1267 2918 1288 2965 l·
1308 2917 1360 2967 arb.
1380 2918 1405 2968 2.
1440 2913 1474 2966 In
1491 2914 1609 2968 articulo
1628 2917 1806 2983 depereatis
1823 2925 1919 2970 actua·

221 2999 308 3055 ticulo
332 3003 368 3053 de
390 3008 510 3069 peceato
538 2999 657 3069 oripinis
678 2999 780 3052 multas
798 2998 894 3056 forent
910 3001 1055 3058 dissensio*
1082 2997 1154 3050 libet
1184 2998 1318 3052 nondum.
1333 3015 1383 3067 per
1410 2999 1504 3053 omnia
1530 3000 1713 3055 consentiunt
1759 3002 1920 3057 Communis

218 3103 278 3142 nes.
313 3086 375 3142 lac.
399 3086 492 3140 Faber
516 3085 1056 3155 1111111111111111,1011111111
1082 3082 1252 3138 Jesuitarum
1282 3085 1376 3138 schola
1408 3086 1518 3154 statuit,
1548 3089 1689 3155 quosdam
1712 3097 1832 3155 peccata
1862 3106 1920 3144 esre

218 3174 331 3227 Adoreo
351 3173 463 3225 trahere
481 3173 539 3225 nisi
558 3172 756 3238 obtipationem
775 3176 816 3226 ad
832 3182 955 3228 mortem.
991 3175 1054 3231 Alb.
1081 3187 1134 3221 tua
1161 3177 1267 3223 natura
1288 3171 1422 3224 venialia·
1458 3171 1514 3225 Sed
1536 3172 1588 3225 hoc
1607 3172 1782 3242 improbatur
1799 3172 1919 3229 Gereoni

218 3260 336 3331 Piggius
361 3263 483 3313 controv.
510 3258 545 3312 de
567 3274 643 3327 pecc.
668 3258 737 3329 orig.
758 3265 787 3312 et
806 3259 935 3313 Ambros.
955 3259 1054 3315 Catha-
1083 3255 1117 3309 de
1142 3256 1201 3309 vita
1224 3256 1312 3326 spirit
1339 3256 1401 3312 lect.
1430 3262 1451 3312 1.
1475 3257 1544 3311 Bieli
1568 3265 1592 3313 t.
1611 3264 1679 3314 sent.
1700 3258 1764 3312 dist.
1791 3266 1829 3316 16.
1849 3279 1874 3330 q.
1894 3267 1919 3317 2.

218 3345 293 3399 rinus
319 3345 378 3400 libr.
404 3345 439 3399 de
464 3345 532 3413 laps.
558 3344 629 3397 hom.
649 3349 676 3397 et
693 3360 769 3413 pecc,
788 3343 857 3415 orig.
877 3361 900 3400 e.
921 3351 945 3399 6.
967 3352 1054 3401 statu-
1081 3345 1133 3394 art
1165 3348 1185 3395 1.
1215 3341 1338 3396 Roffensi
1367 3343 1499 3397 acerrimo
1529 3343 1645 3397 Lutheri
1671 3345 1839 3399 adversario.
1887 3347 1919 3401 In

217 3437 281 3493 unt,
308 3439 456 3499 peccatum
483 3430 602 3496 oripinis
625 3448 682 3483 non
704 3432 806 3483 babere
832 3449 925 3483 terram
942 3434 1056 3499 peccati
1081 3427 1197 3481 articulo
1221 3430 1256 3481 cle
1280 3429 1370 3482 libero
1391 3430 1512 3482 arbitrio
1538 3430 1630 3500 quoad
1651 3430 1805 3484 dmtunsm
1824 3431 1860 3486 de
1880 3431 1918 3486 ei·

214 3517 368 3584 rationem,
386 3518 437 3567 sed
458 3531 517 3567 esse
536 3523 641 3568 tantran
659 3523 777 3582 reatum,
797 3533 852 3583 quo
869 3519 981 3584 posteri
992 3519 1054 3587 pri·
1081 3513 1178 3567 ficacia
1202 3515 1310 3584 gratiae
1328 3532 1388 3584 ¹non
1413 3515 1589 3569 conveniunt,
1630 3516 1757 3570 Becanns
1778 3518 1814 3572 dc
1833 3519 1917 3574 auxil.

219 3621 326 3657 morum
352 3609 502 3669 parentum
526 3609 643 3669 propter
668 3603 917 3671 transpressionem
939 3604 1054 3656 illorum
1080 3599 1186 3669 gratiae
1202 3607 1273 3670 part.
1287 3606 1311 3656 2.
1330 3618 1353 3653 c.
1373 3607 1395 3655 3.
1417 3601 1487 3656 thes.
1502 3608 1525 3656 6.
1545 3602 1679 3671 disputat,
1697 3620 1822 3670 curnam,
1841 3607 1918 3673 quod

214 3689 393 3757 primaevam
418 3687 480 3739 sine
505 3686 602 3754 aliquo
626 3687 694 3740 vitio
706 3688 829 3756 proprio
850 3696 875 3740 et
892 3689 1054 3742 inhaerente
1080 3687 1176 3753 aratia
1194 3687 1253 3739 Dei
1270 3705 1325 3738 non
1344 3705 1452 3755 semper
1469 3689 1506 3739 sit
1519 3689 1630 3756 efficax,
1651 3705 1738 3757 neque
1749 3707 1844 3743 omnes
1855 3709 1917 3744 con·

219 3782 341 3826 naturae
361 3773 505 3841 pravitate
525 3773 647 3825 devincti
663 3781 820 3826 tencantur.
857 3773 960 3827 Raard.
980 3774 1053 3845 Tap·
1080 3779 1233 3839 vertamur,
1259 3790 1316 3826 esse
1340 3773 1370 3824 in
1391 3773 1479 3826 libero
1500 3774 1634 3843 (arbitrio,
1661 3790 1721 3827 erse
1739 3778 1813 3828 enirn
1831 3777 1862 3828 in
1879 3777 1916 3831 ei·

218 3858 349 3930 perusin
363 3864 414 3912 art
427 3859 462 3912 de
474 3875 549 3928 pecc.
564 3859 632 3930 orig.
646 3859 755 3913 scribit:
776 3861 1052 3929 Inparvulorecens
1080 3857 1159 3909 ribus
1177 3859 1304 3911 humanis
1330 3858 1442 3926 pratioe
1460 3861 1504 3912 vel
1525 3860 1669 3926 assentiri,
1694 3860 1738 3913 oei
1756 3879 1820 3914 non
1863 3862 1919 3924 Qui

218 3953 285 3999 noto
311 3945 384 3998 nihil
407 3945 529 4006 invenio,
569 3949 645 4013 quod
665 3962 727 3997 vere
751 3953 777 3997 et
800 3947 919 4013 proprie
943 3949 1056 4014 peceati
1081 3958 1148 4009 erpo
1172 3945 1202 3995 oi
1218 3945 1303 3997 liberi
1320 3945 1434 3996 arbitrii
1450 3947 1574 4013 qratiam
1592 3945 1674 3998 illam
1692 3955 1831 4014 acceptet,
1857 3965 1917 4001 eum

218 4032 354 4084 rationem
376 4030 483 4085 babeat.
514 4030 659 4085 Cornelius
676 4031 825 4085 canonicus
840 4030 933 4086 Calon.
949 4038 1013 4084 tom.
1029 4039 1053 4088 2.
1081 4030 1211 4096 corruerti,
1232 4031 1362 4098 quivero
1381 4048 1437 4084 non
1458 4038 1589 4098 acceptet,
1608 4031 1690 4084 illum
1707 4048 1762 4083 non
1776 4037 1916 4103 converti,·

218 4117 355 4172 animadv.
375 4117 507 4186 disputat,
522 4125 671 4186 peccatum
689 4117 828 4186 aripinale
847 4135 901 4169 non
920 4134 978 4170 esse
986 4134 1055 4186 pro·
1077 4114 1200 4181 proinde
1231 4116 1259 4168 si
1287 4104 1443 4184 quaeratur
1473 4117 1570 4183 prima
1600 4117 1700 4179 radia,
1735 4134 1824 4186 quare
1851 4121 1917 4173 haee

214 4205 280 4274 prio
301 4211 461 4272 peecatum,
491 4221 552 4256 crim
579 4223 635 4258 non
660 4204 698 4256 sit
721 4205 848 4265 defectus
866 4204 1054 4272 perfectionis
1080 4201 1176 4266 pratia
1199 4201 1236 4252 sit
1254 4202 1372 4269 efficat,
1395 4202 1450 4254 illa
1471 4201 1620 4269 inefficaa,
1639 4205 1841 4257 remerendam
1862 4222 1917 4258 esse

217 4290 394 4344 mensarios
420 4292 461 4343 ad
485 4290 683 4343 beatitudinem
704 4295 756 4343 eta.
791 4288 852 4352 Qua
870 4289 897 4341 in
916 4295 994 4358 parte
1012 4304 1054 4342 sc·
1081 4287 1122 4337 ad
1139 4285 1257 4338 liberam
1275 4288 1499 4355 cooperationem
1518 4288 1677 4344 voluntatis.
1715 4289 1771 4343 Sed
1790 4290 1918 4345 dissentit

218 4382 340 4447 quantur
366 4375 500 4445 quosdam
526 4392 561 4429 er
586 4373 770 4431 Scholasticis.
810 4374 961 4427 Durandus
981 4374 1052 4428 enim
1081 4377 1176 4441 aperte
1200 4388 1218 4425 a
1235 4373 1347 4428 Becano
1366 4374 1549 4428 Bellus-minus
1577 4374 1624 4428 lib.
1646 4383 1666 4429 1.
1686 4376 1722 4429 de
1739 4382 1810 4445 grat
1833 4394 1858 4432 c.
1880 4383 1916 4433 12.

218 4463 247 4514 in
268 4468 289 4516 1.
310 4469 379 4515 sent.
399 4459 462 4515 dist.
481 4465 523 4514 31).
543 4478 570 4531 q.
594 4466 617 4514 t.
633 4460 764 4531 disputat,
779 4469 922 4529 peccatum
936 4460 1054 4526 oripinis
1082 4462 1110 4511 et
1138 4463 1176 4511 ts.
1202 4459 1251 4514 ubi
1268 4459 1370 4514 refellit
1387 4476 1447 4528 eos,
1472 4460 1521 4530 qui
1539 4466 1679 4526 statuunt,
1710 4462 1836 4529 pretium
1854 4464 1917 4518 ideo

220 4565 279 4602 esse
314 4564 419 4599 merum
449 4553 559 4600 reatum
590 4546 722 4615 nudoque
750 4549 831 4600 niodo
857 4546 970 4615 culpam
998 4548 1057 4599 dici
1081 4545 1182 4597 sortiri
1207 4544 1440 4614 effectum,'quia
1456 4547 1588 4599 voluntas
1605 4547 1727 4599 bumana
1745 4558 1917 4616 cooperetur,

214 4651 300 4704 posse
318 4635 360 4686 vel
381 4634 490 4686 debere.
527 4631 630 4686 Occam
652 4633 679 4685 in
699 4633 763 4687 dial.
783 4632 811 4686 in
831 4650 855 4687 c.
878 4638 903 4686 t.
922 4631 1057 4699 11111111·
1081 4631 1183 4683 addito
1201 4631 1321 4697 ratione,
1341 4633 1408 4698 quia
1427 4632 1468 4684 sic
1486 4633 1579 4694 fideles
1598 4633 1633 4684 ab
1653 4633 1766 4698 infideli
1781 4651 1836 4702 per
1852 4637 1916 4689 libe·

220 4738 275 4773 non
295 4720 479 4787 impediretur
497 4721 665 4772 auctoritate
680 4727 806 4788 patrum,
826 4719 975 4780 dicturum,
991 4735 1055 4789 pec·
1081 4735 1144 4768 rum
1164 4718 1311 4769 arbitrium
1328 4719 1537 4771 discerneretur
1550 4726 1575 4772 et
1587 4718 1687 4786 fidelis
1699 4735 1796 4772 eoram
1809 4722 1918 4784 infideli

220 4813 312 4860 catum
336 4807 476 4872 oripinale
498 4807 571 4859 nibil
599 4823 656 4860 esse
681 4808 737 4859 nisi
759 4824 814 4858 non
835 4805 1055 4873 acceptationem
1082 4803 1206 4871 ploriari
1217 4811 1321 4871 posset,
1342 4807 1419 4872 quod
1435 4812 1476 4857 est
1494 4812 1593 4857 contra
1615 4809 1638 4856 1.
1656 4804 1717 4859 Gor.
1738 4810 1763 4867 t,
1781 4825 1807 4860 v.
1827 4811 1853 4864 6.
1884 4808 1917 4862 In

220 4893 345 4944 divinam
367 4899 488 4959 propter
513 4892 633 4960 aliquod
656 4892 819 4944 demeritam
832 4892 1007 4959 praecedens
1026 4891 1055 4941 in
1082 4888 1200 4941 articulo
1227 4890 1262 4941 de
1287 4890 1488 4958 justificatione
1514 4890 1608 4944 multis
1632 4891 1722 4944 modis
1741 4892 1917 4962 dissentiunt,

220 4979 288 5031 alio.
326 4977 381 5033 Sed
401 4976 581 5047 Pelagianum
600 4977 675 5030 illam
696 4977 852 5046 opinionem
872 4975 975 5028 refellit
992 4973 1055 5028 Bel·
1082 4974 1141 5027 sive
1152 4973 1294 5037 theoriam,
1307 4977 1365 5029 sive
1378 4977 1475 5047 praxin
1488 4977 1735 5046 respicias,utlate
1746 4981 1918 5035 ostendimus

219 5062 351 5117 larminus
374 5061 422 5116 lib.
451 5070 474 5116 5.
498 5063 533 5115 de
557 5062 648 5115 amisa.
668 5068 737 5133 grat.
758 5067 786 5115 et
806 5067 881 5116 statu
902 5060 1008 5130 peccati
1031 5078 1054 5113 a.
1067 5022 1070 5107 i
1082 5060 1111 5114 in
1129 5066 1206 5113 aret
1227 5061 1261 5116 de
1277 5061 1475 5129 justificatione
1491 5060 1518 5137 ξ.
1532 5068 1589 5119 218.
1603 5063 1656 5116 sub
1668 5063 1751 5118 finem
1765 5067 1834 5120 tomi
1846 5069 1919 5122 tertii

220 5154 244 5203 b.
268 5147 317 5201 ubi
343 5166 425 5219 quam
450 5149 608 5203 mollissime
635 5165 695 5202 eam
723 5154 805 5201 vocat
829 5148 919 5199 minvs
943 5155 1055 5200 rectam.
1082 5145 1213 5201 locorum.
1233 5147 1276 5201 De
1288 5149 1462 5201 dealitatione
1474 5148 1595 5218 publicis
1608 5149 1719 5218 scriptis
1729 5149 1920 5222 disceptarunt

218 5234 378 5288 Andradius
406 5233 453 5288 lib.
476 5240 497 5288 3.
524 5235 626 5289 deseos.
650 5233 728 5289 Trid.
753 5234 872 5298 fatetur,
903 5235 1057 5286 admodum
1083 5230 1247 5286 Ambrosius
1268 5234 1433 5288 i'atharinus
1452 5247 1479 5288 et
1496 5235 1659 5289 Dominicus
1675 5233 1766 5289 Sotus.
1797 5235 1919 5307 Imputa-

219 5321 346 5375 rllustres
373 5321 517 5389 theolopos
544 5319 728 5386 (Pontificios)
750 5321 844 5372 adisse
866 5319 999 5372 laborare
1027 5320 1057 5371 in
1082 5319 1184 5371 tionem
1205 5319 1331 5387 justitiae
1356 5319 1482 5391 plerique
1507 5336 1602 5375 omnes
1625 5321 1751 5375 lesuitae
1770 5332 1875 5394 negant
1892 5331 1920 5380 et

219 5405 407 5476 explicatione
422 5408 536 5473 peccati
550 5408 715 5476 oripinalis,
736 5407 805 5474 quia
824 5405 972 5458 canalium
993 5405 1056 5457 Tri·
1082 5410 1184 5456 voeant
1202 5405 1361 5471 putativam
1373 5407 1531 5474 justitiam;
1556 5407 1605 5461 aed
1626 5406 1806 5476 Staplctonus
1826 5410 1873 5466 lib.
1896 5418 1919 5465 l.

114 5502 160 5544 xla
174 5503 206 5545 re
220 5491 364 5545 dentiam
385 5506 447 5544 aun
467 5493 598 5559 definiret
611 5500 762 5561 peccatum
779 5491 899 5557 oripinis
915 5507 979 5543 vere
998 5508 1057 5544 esse
1083 5489 1119 5544 de
1132 5488 1247 5560 justific.
1267 5508 1291 5544 c.
1311 5497 1336 5546 a.
1355 5499 1384 5546 et
1401 5492 1483 5564 Vega
1502 5493 1564 5549 libr.
1579 5500 1617 5548 ts.
1637 5493 1674 5548 de
1682 5492 1827 5563 justificat
1842 5514 1866 5554 c.
1877 5502 1920 5554 20.

215 5583 372 5647 peceatum,
390 5575 472 5629 illine
490 5584 584 5631 1111111
600 5577 753 5647 propriam
772 5577 910 5632 rationem
929 5577 1057 5631 consulto
1084 5594 1110 5647 p.
1131 5582 1189 5631 tta.
1208 5590 1360 5648 agnoscere
1377 5583 1524 5648 coguntur,
1545 5579 1706 5634 0111111111
1723 5580 1838 5650 aliem
1851 5585 1922 5653 pter
