3998 6024
793 317 845 374 DE
861 315 1051 377 mensem.
1717 325 1778 387 528

87 471 276 538 consessor-iia
293 473 441 542 impositos
452 474 656 542 poenitentibus
674 490 732 527 esse
749 474 922 539 utilissimus,
949 473 1054 529 offerat.
1078 474 1215 531 Pontificii
1227 491 1300 538 vero,
1314 474 1474 546 praesertim
1488 473 1621 541 desultas,
1638 489 1702 528 cum
1718 471 1780 530 Cal·

87 562 117 612 et
137 563 231 613 tamem
248 559 441 615 commendant
458 559 658 631 indulgentias,
686 576 757 630 quae
775 568 841 615 sunt
856 560 921 615 ista-
949 561 1066 617 vinianis
1089 562 1247 618 absolutum
1271 560 1412 617 electionis
1435 561 1575 616 decretum
1592 565 1779 632 propugnant,

87 659 151 698 rum
178 639 399 702 satisfactionum
427 646 609 704 remissiones.
650 654 673 702 a
690 646 854 702 Paradoxon
873 653 922 713 est,
949 666 998 718 per
1016 649 1090 719 qnod
1107 648 1233 703 benefica
1249 647 1298 702 illa
1316 647 1369 703 Dei
1387 646 1455 718 erga
1471 662 1566 701 omnes
1585 647 1714 701 voluntas
1733 662 1779 703 ne·

89 729 166 801 quod
185 737 319 800 statuunt,
335 732 420 786 stium
433 734 534 802 pueris
544 735 769 802 presbyteratum
784 741 808 786 et
819 734 921 804 cpisco-
949 742 1038 805 gatur.
1075 734 1238 790 Scholastici
1256 735 1458 806 praevisionem
1476 732 1636 788 meritorum
1655 738 1781 789 sanum

86 823 190 886 potum
215 818 345 886 conferri
366 835 461 886 posse.
506 826 545 874 10.
573 819 738 875 Paradoxon
761 825 816 883 est,
848 818 922 888 quod
950 821 1088 876 electionis
1116 839 1234 877 caomm.
1269 822 1303 875 ln
1329 818 1446 876 articulo
1470 820 1505 875 de
1523 819 1645 890 imagine
1660 812 1716 875 Dei
1733 821 1781 876 do·

88 893 229 960 aomar·
232 913 431 973 paupertatem
446 914 550 974 vovera,
569 907 718 962 cumomni
733 905 923 961 rerurnabun-
950 924 1056 976 cemus,
1082 908 1200 979 primum
1226 907 1364 962 hominem
1387 923 1446 961 esse
1463 923 1481 959 a
1497 905 1559 960 Deo
1576 905 1719 961 conditum
1734 906 1780 976 ju·

89 989 189 1043 dantia
206 990 332 1047 affluant.
368 997 406 1047 11.
426 992 591 1047 Paradoxon
608 1000 657 1056 est,
677 994 751 1062 quod
770 993 923 1063 disputant,
950 1003 1036 1059 stum,
1061 1002 1188 1050 sanctum
1212 1001 1241 1049 et
1263 999 1369 1049 rectum
1388 993 1425 1048 ad
1444 992 1499 1047 Dei
1522 991 1684 1063 imaginem,
1708 1008 1781 1063 quae

89 1094 110 1128 a
132 1077 264 1145 conjupio
288 1078 431 1131 ministros
457 1080 590 1133 ecclesius
615 1082 769 1144 arcendos,
794 1095 829 1134 ne
850 1078 923 1132 curis
950 1083 1143 1152 complectitur
1161 1080 1314 1151 sapientiae
1332 1080 1423 1135 lucem
1442 1079 1470 1134 iu
1487 1086 1587 1144 mente,
1605 1078 1781 1146 conformita-

89 1179 183 1219 rerrun
202 1162 368 1217 secularium
388 1164 589 1232 distrahantur,
608 1183 670 1219 com
690 1172 783 1220 wmeu
802 1164 923 1235 episcopi
950 1173 1005 1223 tem
1028 1185 1090 1223 cum
1114 1169 1178 1239 lege
1200 1167 1253 1222 Dei
1276 1167 1306 1220 in
1324 1167 1468 1221 voluntate
1487 1173 1515 1222 et
1532 1165 1654 1221 omnium
1673 1165 1782 1222 animae
1795 1173 1840 1218 m
1852 1172 1885 1217 ot

89 1250 230 1305 seculares
257 1250 429 1321 principatus
454 1252 655 1311 administrent.
700 1259 739 1308 12.
759 1252 923 1307 Paradoxon
950 1255 1049 1309 virium
1071 1255 1271 1310 rectitudinem
1306 1254 1432 1309 Jesnitae
1455 1261 1551 1309 cenna
1569 1253 1726 1322 disputant,
1751 1251 1781 1308 in

88 1342 148 1401 est,
179 1337 253 1407 quod
280 1354 382 1408 papam
409 1345 535 1394 statuunt
561 1341 668 1394 Christi
688 1357 875 1394 succesorem
898 1348 922 1392 ct
950 1340 1037 1411 primo
1056 1341 1165 1396 homine
1183 1339 1357 1395 considerato
1373 1341 1401 1394 in
1417 1340 1493 1409 puris
1511 1338 1685 1394 naturalibus
1696 1338 1782 1395 frisa

88 1423 174 1477 Petri
190 1424 341 1487 sicarium,
366 1442 429 1479 cum
447 1434 540 1481 nmen
558 1442 674 1497 reguum
694 1443 785 1496 papae
803 1444 821 1481 a
838 1442 924 1497 reguo
950 1427 1201 1497 concupiscentiam
1224 1427 1326 1480 malam
1348 1435 1377 1481 et
1396 1426 1460 1482 odio
1479 1426 1606 1497 dignam,
1629 1442 1782 1494 repressam

91 1507 205 1574 Christi,
226 1510 369 1566 doctrinae
389 1518 417 1566 et
434 1529 523 1567 mores
541 1529 632 1582 papae
651 1529 669 1566 a
686 1513 813 1568 doctrina
829 1519 857 1568 et
870 1529 923 1567 mo·
951 1520 1044 1568 tamen
1061 1531 1112 1583 per
1131 1512 1273 1583 originalis
1288 1512 1416 1583 justitiae
1433 1511 1541 1567 frenum
1559 1529 1591 1566 ac
1604 1529 1654 1582 per
1666 1512 1782 1569 eandem

91 1596 172 1651 ribm
189 1595 266 1650 Petri
284 1599 328 1658 dtr
345 1595 392 1652 διὰ
407 1599 679 1656 succedissideant.
709 1605 747 1655 13.
760 1599 924 1654 Paradoxon
951 1599 1104 1666 obtectam,
1131 1617 1167 1655 ne
1189 1600 1219 1654 in
1243 1607 1336 1654 actum
1360 1604 1522 1669 erumperet
1558 1599 1629 1654 Item
1654 1599 1782 1670 concupi·

91 1690 152 1752 est,
178 1685 253 1755 quod
275 1689 415 1752 statuunt,
441 1702 550 1738 mosem
574 1689 755 1739 adorandam
773 1703 832 1739 esse
849 1686 924 1740 cultu
952 1685 1084 1741 scentiam
1101 1685 1180 1740 illam
1199 1687 1299 1740 malam
1316 1703 1350 1743 ex
1367 1685 1498 1741 materiae
1514 1686 1672 1741 conditione
1692 1692 1782 1742 ortum

92 1769 213 1837 latrias,
238 1771 348 1825 interim
367 1776 459 1826 tamen
477 1770 634 1841 disputant,
658 1770 805 1825 humanam
824 1771 924 1828 Christi
953 1774 1062 1841 ducere,
1078 1791 1169 1844 neque
1186 1778 1278 1828 amen
1298 1791 1331 1829 ex
1350 1772 1502 1828 intentione
1520 1770 1640 1828 auctoris
1658 1778 1783 1842 naturae,

93 1863 222 1911 naturam
249 1871 304 1910 non
331 1855 383 1910 nisi
412 1855 607 1925 inspiraturus
631 1856 709 1911 cultu
734 1858 924 1913 venerandam.
951 1860 1000 1915 sed
1018 1866 1128 1929 praeter
1145 1860 1206 1930 ejus
1225 1859 1406 1914 intentionem
1423 1875 1456 1914 ex
1475 1862 1590 1913 materia
1606 1866 1783 1915 consecutam

96 1949 136 1998 tt.
159 1941 325 1997 Paradoxon
348 1950 405 2011 est,
432 1943 506 2013 quod
526 1943 719 1999 commendant
729 1946 820 2011 fidem
833 1944 924 2013 impii
952 1963 1020 2013 esse,
1038 1962 1111 2016 quae
1128 1945 1221 2000 omnia
1240 1946 1377 2017 derogant
1394 1945 1504 2000 divinae
1517 1944 1784 2016 omnisapientiaeet

93 2029 180 2081 σιίαιη
206 2036 232 2081 st
257 2029 470 2092 carbonarium,
499 2046 561 2083 cum
578 2028 647 2084 fides
664 2030 693 2083 in
710 2028 858 2098 Scripturis
878 2031 924 2085 de·
951 2032 1166 2103 omnipotentiae
1184 2040 1213 2087 et
1229 2032 1355 2096 bonitati,
1373 2039 1404 2087 nt
1421 2050 1471 2087 sno
1489 2033 1550 2087 loco
1567 2031 1783 2087 demonstratam

94 2112 217 2180 finiatur,
237 2115 312 2183 quod
330 2115 365 2169 sit
381 2119 482 2183 γνῶσις
499 2132 533 2169 ac
549 2115 667 2174 oisemo.
705 2122 744 2172 15.
761 2115 925 2170 Paradoxon
951 2115 1010 2172 fuit.
1045 2116 1078 2171 ln
1093 2119 1210 2174 maculo
1229 2119 1264 2173 de
1284 2125 1399 2189 peccato
1421 2118 1534 2189 originis
1553 2118 1707 2185 statuimus,
1726 2135 1782 2172 om·

94 2206 146 2265 est,
164 2201 239 2270 quod
258 2217 337 2256 sacra
353 2202 512 2273 peragenda
529 2208 655 2257 statuunt
669 2203 768 2272 linpca
782 2204 877 2270 ipnoto
891 2222 925 2257 oc
952 2219 1000 2256 nes
1019 2203 1129 2259 omnino
1146 2203 1278 2274 homines,
1298 2205 1357 2260 solo
1375 2204 1485 2259 Christo
1504 2209 1627 2275 excepto,
1644 2210 1708 2274 post
1721 2221 1783 2274 pro·

89 2288 255 2356 persprr'no,
272 2294 323 2342 etc.
952 2291 1131 2361 toplastorum
1149 2291 1258 2361 lapsum
1276 2291 1352 2346 nasci
1371 2291 1500 2362 originali
1514 2297 1629 2361 peccato
1644 2289 1783 2346 obnoxios.

38 2402 53 2422 c
131 2380 189 2429 lot.
225 2374 382 2428 Membrone
401 2377 519 2432 tertium.
553 2374 626 2429 Num
647 2374 773 2430 doctrina
792 2375 924 2431 ecclesiae
953 2377 1089 2433 l‘ontificii
1110 2377 1292 2448 excipiuutB
1320 2377 1478 2448 Virginem,
1500 2377 1612 2449 quidam
1630 2377 1713 2433 stiam
1733 2376 1783 2431 Jo-

38 2466 39 2474 ’
93 2466 205 2516 nostrae
227 2477 292 2515 rere
315 2461 351 2514 sit
375 2461 489 2515 sancta?
528 2461 706 2516 Affirmamus
730 2461 782 2516 hoc
799 2463 923 2531 sequenti
951 2464 1069 2518 hannem
1088 2464 1243 2533 Baptistam
1258 2470 1287 2518 et
1299 2464 1494 2528 franciscum,
1510 2480 1565 2534 qua
1579 2462 1685 2518 ratione
1697 2463 1784 2518 bonor

67 2545 263 2621 syllogismo.
306 2547 493 2617 Quaecunque
517 2548 644 2602 doctrina
666 2548 702 2602 ad
720 2547 805 2603 solius
824 2549 878 2602 Dei
897 2556 924 2603 et
952 2550 1002 2605 soli
1022 2549 1132 2605 Christo
1157 2549 1267 2606 debitus
1290 2566 1355 2604 aum
1372 2549 1433 2603 aliis
1451 2548 1679 2605 communicatur.
1712 2547 1783 2603 Con-

38 2671 39 2679 *
94 2633 198 2687 Christi
221 2632 379 2686 mediatoris
397 2634 512 2702 gloriam
530 2641 652 2702 spectat,
679 2642 775 2688 contra
792 2651 857 2689 vero
875 2634 922 2689 hu·
951 2635 1150 2707 cupiscentiam
1176 2635 1205 2689 in
1227 2636 1331 2690 renatis
1354 2634 1445 2690 adhuc
1468 2635 1603 2705 reliquam
1626 2651 1690 2690 cum
1712 2632 1783 2689 Scri·

94 2734 207 2773 manum
238 2719 338 2774 fastum
365 2726 394 2775 et
423 2720 607 2790 arrogantiam
636 2720 779 2790 deprimit,
808 2721 858 2776 illa
883 2728 924 2776 est
952 2728 1032 2792 ptura
1057 2728 1203 2792 peccatum
1230 2721 1342 2792 proprie
1370 2720 1474 2775 motum
1500 2719 1685 2790 appellamus,
1712 2734 1784 2790 quae

95 2821 159 2859 rere
186 2813 291 2861 sancta
332 2805 468 2862 Doctrina
490 2807 652 2877 evangelica
668 2807 705 2862 ad
723 2807 808 2861 solius
826 2807 879 2863 Dei
897 2814 926 2862 et
952 2808 1077 2864 doctrina
1102 2808 1138 2863 de
1160 2805 1284 2878 reliqniis
1303 2806 1411 2878 peccati
1429 2807 1459 2861 in
1477 2805 1717 2862 renatis-inflectit
1736 2821 1783 2860 eos

97 2889 200 2946 Christi
223 2892 381 2947 mediatoris
401 2892 518 2963 gloriam
535 2899 656 2962 spectat,
681 2900 776 2948 contra
793 2911 858 2949 vero
876 2894 925 2948 hu·
951 2894 987 2948 ad
1005 2911 1099 2950 veram
1116 2892 1310 2961 humilitatem,
1326 2897 1359 2946 ut
1374 2891 1470 2964 agnita
1487 2892 1653 2948 adhaerente
1668 2890 1782 2946 infirmi-

94 2996 206 3034 manum
229 2979 332 3033 fastum
357 2984 385 3034 et
406 2979 593 3049 arrogantiam
615 2979 751 3049 deprimit
788 2980 865 3051 Ergo
883 2988 925 3035 est
951 2989 1009 3038 tate
1029 2988 1058 3036 et
1082 2978 1290 3049 imperfectione
1313 2995 1405 3034 coram
1429 2979 1491 3034 Deo
1517 2995 1577 3034 sese
1603 2994 1667 3034 rere
1692 2977 1783 3033 bumi-

93 3083 159 3122 rere
185 3072 288 3121 sancta.
314 3065 416 3136 Major
431 3065 566 3135 probatur
583 3083 616 3121 ex
633 3066 698 3123 doh.
717 3071 747 3135 8,
769 3084 795 3121 r.
816 3073 857 3123 49.
876 3067 924 3122 ubi
951 3069 1032 3137 lient3
1059 3067 1095 3122 ad
1115 3065 1215 3120 seriam
1233 3066 1397 3134 orationem,
1424 3071 1456 3120 ut
1474 3082 1525 3136 pro
1544 3071 1720 3136 peccatorum
1739 3080 1780 3120 re·

93 3151 219 3208 Christus
244 3153 324 3222 dicit,
350 3170 380 3207 ss
398 3153 536 3206 tonsore
556 3160 582 3206 st
600 3153 762 3222 plorificure
779 3170 829 3223 per
846 3171 922 3207 suam
951 3153 1078 3208 missione
1098 3152 1221 3224 quotidie
1240 3151 1437 3223 ingemiscant,
1464 3151 1501 3206 ad
1519 3151 1643 3207 timorem
1661 3151 1782 3221 filialem,
1871 3188 1876 3197 ⁹

93 3239 246 3295 doctrinam
265 3241 379 3293 Patrem
398 3239 554 3303 coelestem,
577 3245 662 3309 atque
678 3256 712 3294 ex
729 3255 762 3294 eo
782 3239 924 3294 doctrinae
950 3249 981 3294 ut
999 3240 1030 3295 in
1048 3238 1132 3292 solius
1153 3238 1207 3292 Dei
1225 3237 1413 3292 misericordia
1430 3244 1543 3307 propter
1561 3237 1702 3293 Christum
1720 3255 1782 3309 pro-

92 3342 161 3382 suae
181 3326 324 3381 veritatem
343 3332 370 3380 et
388 3326 564 3380 sanctitatem
583 3325 691 3394 probat.
727 3325 785 3380 Nec
802 3326 921 3380 dubitari
950 3328 1033 3380 missa
1049 3343 1129 3380 omne
1146 3324 1305 3396 perfugium
1323 3325 1503 3380 coustitutum
1521 3325 1653 3382 habentes
1669 3326 1706 3383 ab
1724 3327 1782 3398 opi·

92 3420 198 3484 potest,
222 3414 297 3467 illam
315 3413 467 3468 doctrinam
486 3429 546 3468 esse
565 3418 704 3481 sanctam,
732 3429 804 3483 qnae
822 3429 921 3467 conna-
949 3414 1031 3467 nione
1052 3411 1232 3481 perfectiouis
1253 3419 1282 3466 et
1305 3411 1469 3482 gloriatione
1493 3412 1528 3465 do
1543 3411 1655 3482 justitia
1671 3414 1784 3484 propria

92 3506 152 3554 tum
171 3499 328 3554 hominibus
346 3499 448 3553 fastum
467 3499 612 3567 deprimit,
629 3516 692 3552 oum
711 3499 818 3553 sincera
835 3498 922 3553 humi·
950 3497 1138 3566 abducantur,
1164 3496 1201 3549 ad
1220 3496 1383 3566 patientiam
1404 3500 1456 3553 sub
1474 3515 1570 3563 cruce,
1594 3504 1627 3553 ut
1649 3514 1782 3556 memores

92 3585 157 3641 litas
182 3586 219 3638 sit
240 3583 449 3639 fundamentum
469 3601 533 3640 vere
553 3584 717 3639 sanctitatis.
752 3584 844 3639 Minor
860 3603 922 3640 con·
950 3582 1173 3654 quotidianorum
1201 3583 1329 3652 lapsuum
1357 3590 1491 3654 paternae
1520 3583 1697 3656 castigationi
1722 3602 1782 3642 sese

92 3670 197 3727 fflmari
220 3676 312 3741 potest
329 3671 422 3725 multis
441 3671 607 3740 specialibus
628 3671 768 3740 exemplis.
807 3669 841 3726 ln
859 3673 922 3726 arti·
949 3675 1106 3724 reverenter
1136 3668 1315 3738 submittant,
1348 3669 1383 3724 ad
1411 3687 1506 3726 veram
1534 3671 1726 3726 contritionem
1754 3679 1783 3728 et

93 3758 157 3812 culo
175 3756 209 3811 de
229 3756 371 3826 Scriptura
384 3773 462 3811 sacra
473 3756 571 3812 damus
582 3757 643 3811 Deo
657 3757 773 3827 gloriam
783 3755 922 3825 bonitatis,
950 3755 1141 3826 qnotidianam
1159 3755 1373 3826 poenitentiam,
1398 3765 1429 3811 ut
1446 3757 1676 3828 concupiscentiis
1693 3758 1783 3815 cnon

94 3845 169 3916 quod
194 3845 221 3898 iu
244 3842 393 3912 Scripturis
416 3843 579 3897 revolaverit
600 3843 680 3898 nobis
697 3860 777 3897 omne
790 3861 870 3897 sunm
889 3845 923 3898 de
949 3842 1094 3912 resistant;
1117 3842 1154 3896 ad
1171 3843 1398 3912 promtitudinem
1415 3844 1579 3916 ignoscendi
1598 3844 1735 3914 proximo,
1752 3851 1784 3900 ut

93 3931 184 3985 salute
202 3936 296 3983 nostra
313 3927 465 3995 consilium,
485 3936 512 3982 et
530 3929 645 3999 gloriam
666 3929 830 3997 sapientiae,
849 3930 922 3999 quod
950 3930 986 3984 ad
1007 3929 1117 3985 veniam
1134 3929 1231 3985 faciles
1248 3929 1321 3991 sint.
1342 3930 1391 4001 qui
1410 3947 1440 3984 se
1459 3931 1541 3986 venia
1560 3930 1685 4002 indigere
1702 3948 1782 3988 nove

93 4018 152 4088 ipse
171 4022 204 4070 ut
221 4014 319 4069 mentis
336 4031 369 4069 sc
388 4015 501 4085 linguae
521 4015 620 4069 artifex
637 4015 710 4069 clare
728 4032 761 4069 ac
778 4015 922 4085 perspicue
949 4017 1019 4086 rint,
1047 4017 1083 4070 ad
1110 4022 1280 4072 contemtum
1303 4016 1400 4071 mundi
1427 4024 1455 4072 et
1476 4017 1650 4086 voluptatum
1668 4017 1782 4074 munda·

91 4103 202 4159 locutos
224 4102 275 4164 sit,
297 4100 362 4155 inde
383 4102 465 4155 etiam
485 4116 578 4155 sacras
595 4100 689 4154 literas
707 4100 783 4156 velut
800 4101 923 4170 omnipo·
951 4120 1064 4172 aarum,
1088 4108 1121 4158 nt
1143 4102 1193 4155 bos
1217 4118 1319 4172 pravae
1343 4101 1584 4171 concupiscentiae
1605 4101 1714 4159 fomites
1740 4101 1783 4157 fu·

92 4189 176 4245 tentis
199 4187 252 4242 Dei
274 4205 306 4241 ac
330 4187 403 4257 regis
429 4188 549 4240 omnium
567 4204 664 4256 regum
684 4187 796 4242 decreta
812 4205 922 4243 venera·
951 4190 1042 4261 giant,
1060 4188 1096 4242 ad
1115 4188 1238 4242 studium
1256 4186 1388 4242 audiendi
1406 4187 1499 4255 verbi,
1517 4204 1566 4257 per
1584 4186 1659 4259 quod
1671 4187 1784 4243 interior

93 4294 155 4333 mur
167 4283 196 4329 et
207 4276 379 4344 majestatem
394 4291 488 4328 earnm
500 4274 700 4343 praedicamus,
712 4280 764 4327 etc.
784 4272 924 4328 Pontificii
952 4277 1032 4330 bomo
1051 4275 1210 4339 roboratur,
1237 4273 1355 4328 exterior
1374 4288 1439 4328 vero
1457 4272 1618 4328 debilitatur
1637 4290 1670 4328 ac
1692 4274 1782 4329 morti·

93 4368 199 4432 negant
216 4361 374 4431 Scripturas
386 4359 580 4430 perfectionem
594 4366 622 4414 et
635 4359 866 4429 perspicuitatem,
880 4377 923 4414 ex·
951 4362 1064 4430 ficatnr;
1087 4360 1125 4415 ad
1146 4359 1338 4414 certitudinem
1359 4360 1394 4414 de
1410 4358 1611 4415 inhabitatione
1630 4358 1748 4429 Spiritus
1760 4378 1781 4416 s.

75 4452 215 4517 aequant
242 4447 267 4500 ei
285 4446 419 4500 humanas
437 4446 612 4512 traditiones,
637 4464 709 4516 quas
726 4445 879 4516 ignominia
896 4445 925 4499 in
952 4464 1012 4502 cnm
1036 4446 1139 4500 luctam
1162 4445 1239 4499 illam
1260 4444 1351 4500 carnis
1371 4451 1399 4500 et
1419 4444 1530 4513 spiritus
1548 4461 1604 4499 non
1624 4445 1676 4498 nisi
1692 4446 1783 4501 renati

91 4534 184 4604 ipsum
212 4531 304 4588 Deum
334 4533 491 4602 Scripturas
527 4539 668 4588 auctorem
699 4533 845 4587 redundat.
891 4532 924 4586 ln
951 4539 979 4587 et
996 4531 1049 4599 illi,
1075 4531 1121 4602 qui
1140 4536 1206 4584 sunt
1223 4529 1343 4601 Spiritus
1362 4549 1384 4586 s.
1403 4528 1520 4598 templa,
1546 4530 1679 4597 sentiam
1705 4530 1782 4586 deni·

92 4620 210 4677 nticulo
230 4620 265 4673 de
284 4619 393 4673 Christo
414 4618 605 4689 agnoscimus,
629 4618 768 4673 Christum
789 4636 848 4674 esse
866 4618 924 4673 uni·
952 4635 1005 4689 que
1023 4617 1059 4672 ad
1077 4617 1244 4672 desiderium
1264 4617 1338 4670 vitae
1355 4622 1492 4679 aeternae,
1513 4615 1541 4669 in
1560 4634 1616 4687 qua
1631 4617 1782 4687 perfectam

92 4724 157 4761 cum
169 4705 355 4769 mediatorem,
373 4705 553 4760 redemtorem
569 4722 602 4760 ac
617 4705 780 4760 salvatorem
792 4711 925 4767 nostrum,
951 4703 1154 4759 renovationem
1178 4709 1206 4757 et
1230 4701 1381 4773 plenariam
1407 4717 1425 4756 a
1449 4708 1564 4772 peccato
1591 4701 1781 4759 liberationem

93 4811 112 4848 a
131 4810 186 4863 quo
205 4793 287 4846 etiam
306 4791 386 4846 firma
401 4792 491 4846 cordis
511 4791 614 4845 fiducia
631 4791 710 4846 unice
729 4791 925 4861 pendemusac
952 4791 1052 4861 cupide
1070 4795 1238 4860 exspectant.
1276 4787 1415 4843 Pontificii
1436 4805 1500 4842 vero
1518 4795 1662 4859 negantes,
1681 4804 1780 4845 coucu-

93 4879 270 4951 pendendum
290 4895 349 4933 esse
371 4879 507 4932 docemus.
543 4879 682 4934 Pontificii
704 4879 777 4933 hunc
797 4875 1114 4946 bonoremlpisceutiam
1143 4875 1219 4928 illam
1250 4873 1279 4928 in
1308 4873 1410 4928 renatis
1439 4874 1531 4929 adhuc
1560 4874 1695 4946 reliquam
1722 4892 1782 4930 esse

94 4985 128 5023 ex
149 4973 230 5036 parte
253 4965 424 5018 haurierant
446 4965 482 5018 ad
508 4973 632 5032 sanctos,
663 4982 780 5035 quornm
798 4964 925 5019 interces·
937 4934 940 5045 i
952 4969 1108 5033 peccatum,
1132 4961 1254 5026 fomenta
1270 4960 1407 5032 praebent
1423 4959 1595 5031 pharisaicae
1610 4961 1782 5032 persuasioni

94 5053 171 5109 none
195 5058 223 5106 et
247 5052 350 5105 meritis
367 5050 504 5105 confidere
524 5051 639 5114 docent,
658 5050 725 5119 quin
737 5055 765 5104 et
778 5051 815 5105 ad
833 5050 940 5105 rrostral
953 5049 986 5103 de
1009 5048 1119 5119 justitia
1143 5055 1171 5102 et
1193 5047 1363 5118 perfectione
1395 5063 1509 5118 operum
1534 5047 1619 5117 inque
1645 5047 1782 5103 exercitiis

95 5154 188 5208 opera.
207 5154 256 5205 per
275 5153 346 5206 qnae
364 5137 448 5189 vitam
467 5141 606 5190 aeternam
623 5153 672 5189 nos
687 5137 834 5203 promereri
847 5153 925 5205 posse
951 5133 1143 5206 poenitentiae,
1159 5133 1233 5197 fidei,
1252 5132 1397 5199 orationis,
1417 5132 1568 5202 patientiae
1586 5138 1641 5189 etc.
1659 5132 1782 5191 homiues

96 5229 229 5278 statuunt.
266 5221 300 5274 ln
319 5221 435 5275 articulo
452 5222 488 5275 de
506 5221 758 5290 praedestinatione
773 5221 1073 5318 beneficamprcddunt
1102 5219 1236 5274 remissos.
1281 5219 1314 5272 In
1344 5218 1461 5272 articulo
1492 5217 1526 5270 de
1555 5216 1641 5272 libero
1669 5219 1783 5275 arbitrio

97 5309 150 5363 Dei
169 5325 237 5378 erga
256 5324 350 5361 omncs
370 5306 539 5360 voluntatem
558 5307 763 5376 praedicamus,
783 5308 857 5378 qnod
876 5307 926 5360 sci·
937 5305 1156 5360 'couversionem
1182 5303 1298 5358 hominis
1327 5304 1377 5358 soli
1402 5305 1463 5358 Deo
1487 5303 1683 5369 adscribimus,
1712 5323 1782 5377 quae

83 5395 163 5450 'licet
184 5396 255 5447 serio
279 5393 347 5446 velit
371 5410 464 5448 omnes
488 5393 611 5447 homines
638 5394 728 5447 salvos
751 5393 810 5448 fieri
828 5400 857 5449 et
875 5364 940 5448 hoc
953 5392 1077 5447 doctrina
1094 5392 1245 5447 bonitatem
1264 5388 1318 5445 Dei
1337 5389 1495 5460 amplificat
1531 5390 1670 5447 Pontificii
1697 5392 1781 5447 extol·

98 5482 209 5536 nomine
228 5479 329 5534 Piliam
355 5496 434 5535 sunm
454 5480 505 5534 toti
526 5481 627 5535 mundo
647 5481 828 5535 redemtorem
848 5481 927 5536 mise·
952 5479 1013 5534 lunt
1041 5477 1121 5533 liberi
1147 5475 1255 5532 arbitrii
1280 5476 1351 5532 vires
1383 5477 1413 5530 in
1440 5476 1631 5548 spiritualibus
1657 5485 1685 5535 et
1711 5494 1781 5550 opus

97 5568 135 5623 rit
162 5568 278 5639 ejusque
311 5565 479 5624 beneficia
472 5584 500 5620 rn
525 5567 609 5623 verbo
635 5566 772 5639 evangelii
799 5566 925 5623 omnibus
937 5586 940 5610 ι
954 5565 1139 5623 conveneris
1156 5565 1229 5621 inter
1242 5565 1362 5638 gratiam
1378 5563 1433 5621 Dei
1452 5563 1666 5625 ravennatem
1685 5564 1780 5631 tune
