4004 6022
659 251 661 255 ’
775 297 827 356 nn
845 294 968 356 sacas
987 296 1122 360 conus
1740 304 1798 373 rm

93 457 168 510 tom.
187 457 213 510 4.
230 451 343 510 lenens.
362 452 455 509 Latin
474 453 522 509 tol.
542 458 607 510 586:
639 455 714 510 Sane
729 458 767 510 D.
787 454 1205 530 Ptilippnsimandncationem
1228 462 1255 513 et
1275 455 1439 513 bibitionem
1457 457 1562 530 priores
1580 457 1642 514 illos
1661 464 1740 516 actus
1758 476 1800 518 sa·

93 548 177 596 recte
195 541 320 611 scripsit,
336 549 541 595 sacramentum
557 543 667 598 nullum
685 559 744 598 esse
761 552 840 600 eetra
853 506 1148 599 ccmo-¹eramenules
1175 560 1231 599 non
1260 544 1425 614 excludunt,
1456 546 1506 602 sed
1529 547 1621 618 potius
1645 547 1801 620 includant,

93 642 165 681 mem
190 627 438 696 sacramentalem,
465 629 587 682 sedeas
611 629 696 683 nimis
717 631 940 702 praecipitanter
966 634 1050 700 etque
1074 635 1106 685 ut
1127 630 1242 688 Lntheri
1264 630 1358 686 verbis
1375 649 1433 688 rem
1451 632 1634 704 explicemus,
1659 653 1741 691 nsum
1758 652 1801 692 sa·
1814 636 1838 665 “”·

96 722 130 768 ct
147 714 268 785 abrupte
287 713 410 782 definitis
427 714 565 768 actionem
582 719 823 787 sacramentalem,
842 734 940 788 quare
966 717 1160 771 eramentalem
1191 716 1326 773 definiant
1354 719 1468 775 relative
1496 720 1532 775 ad
1559 727 1651 788 extre,
1680 722 1733 778 boc
1759 729 1802 780 est

97 799 243 868 4444444444,
263 808 294 854 ut
311 801 420 854 nullum
435 818 557 871 prorsam
568 803 1064 859 rideaminibcteresacra-*contra
1102 803 1294 875 inclusionem,
1332 805 1617 877 circumgestationem
1660 814 1690 864 et
1732 809 1801 867 alios

99 893 231 940 mentum
268 887 345 940 Nam
366 893 423 946 stet
445 887 500 940 illo
524 889 662 952 tmtinata
684 890 829 960 praecisio
854 839 1127 961 concipemgrinos
1158 907 1240 955 nens,
1278 910 1394 963 quornm
1429 893 1458 948 in
1492 893 1584 950 verbis
1620 894 1801 951 institutionis

101 973 163 1040 nsi,
193 980 340 1042 sequetur,
371 975 449 1043 quod
477 982 542 1045 post
570 976 760 1046 prolationem
787 979 940 1042 calorum,
966 975 1045 1031 nulla
1068 975 1102 1032 fit
1127 981 1243 1044 mentio,
1273 996 1329 1035 non
1354 985 1447 1036 entem
1470 979 1598 1036 dividunt
1621 988 1802 1040 cumcontra

104 1073 176 1128 quac
205 1066 245 1112 cst
266 1060 418 1128 potissima
445 1069 471 1115 ct
498 1061 670 1133 principalis
695 1064 771 1118 actio
796 1065 826 1118 in
843 1081 940 1119 sacra·
966 1078 996 1116 se
1023 1062 1128 1134 ipsum,
1153 1081 1205 1121 nec
1225 1065 1361 1122 definiunt
1380 1067 1417 1122 ad
1441 1067 1527 1139 intra,
1547 1068 1600 1124 hoc
1621 1075 1663 1124 est
1678 1087 1734 1125 non
1751 1086 1800 1143 op·

105 1153 211 1211 mento,
242 1147 338 1200 nudus
360 1148 486 1216 percipit
510 1165 612 1218 corpns
634 1157 661 1203 et
677 1151 842 1220 sanquinem
860 1149 940 1205 Obri-
967 1157 1072 1220 ponunt
1107 1167 1170 1206 eum
1207 1152 1319 1224 reliquis
1354 1153 1462 1210 actibus
1493 1156 1739 1212 sacramentalibus
1769 1157 1799 1215 in

106 1231 155 1296 sti,
188 1247 220 1286 cc
249 1234 326 1301 quod
353 1234 469 1287 desierit
495 1235 576 1290 actio.
620 1236 683 1290 Hoc
706 1244 780 1291 certe
805 1255 861 1292 non
881 1239 941 1292 cult
965 1233 1027 1306 ipsa
1054 1237 1226 1294 institutione
1250 1239 1386 1311 expressis
1413 1247 1441 1296 44
1470 1240 1698 1299 sacramentalem
1723 1260 1798 1300 men·

107 1318 144 1375 D.
168 1319 336 1390 Phiiippus,
364 1327 391 1374 ct
419 1330 566 1390 qenerarct
587 1322 644 1377 iste
669 1324 796 1390 micitia
821 1324 940 1380 actionis
966 1322 1141 1380 decetionem
1177 1342 1210 1380 ac
1247 1325 1410 1384 bibitionem
1447 1330 1602 1385 necessario
1635 1331 1800 1388 anteceden-

107 1405 228 1471 isins'tos
255 1408 404 1477 scrupulos
426 1409 658 1463 commeationem
676 1419 702 1463 et
719 1410 940 1466 interminabiles
964 1407 1048 1466 tibus.

107 1492 298 1562 quossiiones,
320 1493 391 1548 siout
413 1497 493 1564 apud
513 1495 650 1565 Papistas
668 1497 877 1568 dispumbatur,
902 1516 939 1552 an
1003 1499 1059 1552 195.
1078 1497 1231 1553 Videamus
1250 1515 1325 1572 ergo,
1344 1501 1481 1573 quomodo
1494 1502 1678 1559 mummium
1693 1504 1800 1575 probet,
1812 1511 1884 1562 Arsa·

106 1579 154 1632 sub
169 1579 284 1650 primis,
311 1581 414 1635 mediis
429 1583 474 1636 oel
491 1583 598 1637 ultimis
616 1583 734 1651 syllabis
753 1586 865 1639 adesset
879 1602 938 1640 cor
965 1583 1152 1639 eucbaristiae
1176 1595 1379 1641 sacramentnm
1409 1605 1468 1643 esse
1500 1606 1559 1643 rem
1588 1601 1799 1661 permanentem
1810 1570 1901 1667 {¹22⁰ss

105 1684 158 1737 pus
183 1674 210 1721 et
231 1669 347 1736 sanquis
373 1667 485 1726 C'lrristi
531 1670 708 1739 Spectandae
730 1679 771 1725 cet
794 1689 861 1742 erqo
884 1691 940 1728 non
966 1677 992 1722 ct
1027 1668 1057 1724 in
1089 1689 1122 1726 eo
1150 1691 1253 1744 corpus
1283 1677 1402 1731 Domini
1427 1685 1624 1747 permanenter
1660 1679 1799 1745 cunctere,
1812 1668 1926 1761 ξξξξξζΨ

108 1761 212 1809 mmm
235 1761 324 1809 rioms
346 1754 408 1826 ipse
427 1756 549 1810 actionis
567 1756 699 1811 instantis
714 1759 758 1812 ecl
772 1760 942 1830 praesentis,
965 1754 1018 1811 boe
1037 1763 1078 1812 est
1097 1775 1211 1830 panem,
1241 1778 1324 1833 saper
1342 1779 1423 1836 quem
1441 1764 1620 1835 pronuntiata
1637 1770 1701 1820 sunt
1720 1782 1738 1820 a
1756 1781 1799 1822 sa·
1812 1770 1897 1813 rurus.

108 1842 156 1895 sed
179 1848 288 1911 ternpus
313 1857 434 1911 quicque,
457 1859 512 1896 non
536 1843 739 1910 matbematica,
757 1846 810 1899 sed
821 1846 941 1916 pbpeicc
967 1843 1079 1899 cerdote
1100 1853 1281 1902 consecrante
1298 1848 1452 1918 illaverbe,
1472 1851 1524 1904 boc
1538 1859 1577 1905 cst
1591 1868 1693 1921 corpus
1704 1868 1801 1920 meum,

110 1928 271 1998 latitudine,
294 1929 345 1983 boc
372 1936 411 1982 est
434 1931 534 1983 danda
553 1937 592 1983 est
608 1948 689 1984 mora
708 1931 816 1986 actioni
832 1933 897 1987 laic
915 1941 941 1987 et
967 1946 1026 1985 esse
1043 1929 1145 1987 chrim
1169 1949 1283 2005 corpus,
1309 1935 1331 1988 si
1349 1935 1393 1990 rei
1410 1937 1602 1993 maximenon
1620 1937 1801 1994 distribuatur

108 2032 184 2069 nora
202 2014 234 2069 in
246 2015 328 2084 judu
346 2015 510 2085 1444444444,
535 2023 565 2070 ut
582 2017 681 2070 dimmt
698 2017 729 2073 iu
745 2018 851 2075 ntitas.
893 2019 941 2074 Sic
967 2016 1003 2071 ad
1022 2018 1271 2085 manducationem,
1289 2022 1338 2077 sed
1353 2028 1516 2088 nommetur,
1533 2028 1696 2096 reponatur,
1714 2025 1801 2080 inclu-

107 2117 169 2170 erpo
188 2101 337 2171 definiam
355 2109 461 2173 tenpus
480 2103 525 2156 uel
545 2104 681 2159 actionem
699 2107 941 2176 testamentalem,
968 2103 1063 2173 datur,
1092 2106 1322 2178 circumgestetur
1344 2115 1373 2164 et
1395 2125 1561 2182 quacunque
1577 2110 1684 2166 ratione
1701 2115 1800 2168 macte

108 2197 135 2242 st
152 2188 273 2259 incipiat
295 2189 331 2242 ab
355 2189 436 2244 initio
460 2188 598 2244 canonis
616 2191 785 2246 Dominicae
805 2201 832 2247 et
850 2195 941 2264 duret,
967 2196 1020 2261 tur,
1039 2189 1085 2246 hic
1105 2193 1178 2248 enim
1200 2199 1243 2249 est
1260 2195 1429 2265 quaestionis
1448 2210 1544 2250 sensns
1563 2201 1591 2252 et
1605 2197 1801 2268 disputationis

108 2277 194 2330 donec
227 2292 320 2329 ornnes
354 2276 629 2347 communicaverint,
657 2277 772 2333 calicem
800 2281 941 2352 ebiberint,
967 2295 1074 2349 scopus.
1114 2277 1726 2353 (14441144.444444444444444444
1742 2284 1799 2342 Do-

105 2362 264 2433 pcrtr‘culne
280 2363 459 2432 comederint,
474 2363 601 2433 papulae
619 2365 753 2419 dimbsus
768 2374 794 2420 et
805 2368 842 2421 ab
853 2368 943 2423 altari
967 2364 1095 2420 mininam
1112 2365 1327 2423 institutionem:
1370 2367 1459 2422 Verba
1479 2368 1601 2423 Domini
1618 2370 1728 2442 (mqait)
1748 2372 1800 2428 boc

108 2450 258 2504 4144444444
281 2450 327 2507 sit.
368 2449 416 2503 Ita
441 2450 495 2503 tuti
520 2457 546 2504 et
564 2450 648 2504 liberi
666 2453 770 2507 smnus
787 2471 806 2506 a
824 2471 940 2525 scrupu-
967 2459 1007 2504 est
1024 2469 1126 2523 eorpus
1143 2470 1245 2523 meum,
1262 2454 1307 2508 bic
1326 2463 1367 2508 est
1384 2455 1500 2526 sanpuis
1521 2471 1603 2526 meas,
1617 2457 1703 2525 prius
1721 2459 1800 2514 dicta

108 2537 142 2591 lis
184 2553 221 2591 oo
263 2536 411 2592 scandalis
451 2537 644 2606 montianum
683 2539 939 2596 interminabilium.
966 2546 1043 2606 sunt,
1073 2556 1157 2609 44444
1185 2542 1264 2604 fieret
1296 2541 1371 2595 actio
1399 2543 1594 2596 manducandi
1623 2550 1649 2596 et
1678 2543 1799 2616 4444444,

108 2625 144 2677 D.
163 2624 318 2694 Philippus
341 2625 476 2678 actionem
502 2627 733 2679 sacramentalem
754 2628 851 2693 definit
867 2629 940 2683 rela-
966 2639 1032 2692 crpo
1048 2633 1113 2679 ante
1129 2626 1211 2680 illam
1231 2627 1369 2681 actionem
1377 2629 1443 2696 fuit
1459 2645 1560 2698 corpus
1578 2629 1699 2684 Domini
1710 2642 1799 2701 ,prac-

108 2711 159 2764 lioc
176 2713 220 2764 ad
236 2718 324 2779 cetra,
345 2711 395 2764 boc
413 2718 455 2764 est
472 2717 571 2766 contra
590 2711 772 2767 inclusionem
785 2715 940 2770 etcircum-
964 2726 1028 2764 4444
1056 2711 1085 2765 in
1110 2729 1195 2767 torna
1220 2722 1247 2767 tt
1266 2715 1389 2784 proinde
1416 2714 1499 2768 eliam
1523 2723 1728 2770 commentum
1754 2732 1799 2773 ert·

108 2797 283 2867 sumnonem
305 2797 487 2867 sacramenti,
510 2815 567 2852 non
593 2798 697 2853 diuidit
717 2817 778 2856 cam
796 2810 941 2859 contram
966 2797 1118 2853 cloristiac
1142 2801 1304 2866 confertum
1340 2799 1573 2873 Consequentiam
1592 2800 1693 2873 probat
1709 2803 1799 2875 dupli·
1879 2817 1886 2826 ·

108 2883 211 2955 psam,
234 2900 284 2938 nec
306 2885 406 2949 delinit
427 2891 525 2939 eontra
547 2903 577 2940 se
597 2886 702 2957 bisam,
727 2891 779 2945 ete.
813 2889 892 2946 Idem
911 2888 940 2946 in
965 2886 1046 2942 citer:
1083 2887 1183 2941 Primo
1211 2888 1279 2960 quia
1300 2889 1382 2956 iuria
1405 2888 1592 2958 Auprcstinum
1618 2895 1729 2945 4444444.
1756 2893 1799 2946 80.

108 2970 216 3028 relntat.
244 2975 401 3043 argument.
432 2971 588 3031 0444414444.
617 2978 683 3032 tom.
711 2979 735 3031 4.
760 2974 822 3031 len.
846 2975 938 3033 Germ.
964 2975 995 3028 in
1017 2973 1084 3026 Jolr.
1108 2974 1217 3028 44444144
1240 2975 1353 3029 verbum
1372 2977 1413 3028 ad
1430 2976 1591 3029 elementum
1611 2983 1636 3029 et
1651 2978 1684 3042 fit
1703 2992 1799 3032 44444-

107 3057 152 3114 lol
171 3064 235 3116 ³85:
266 3058 448 3121 Quaemiones
465 3061 502 3113 de
520 3060 642 3114 instante
658 3063 878 3118 consecrationis
895 3081 938 3120 eu-
965 3065 1098 3128 mtntum,
1127 3062 1181 3114 eod
1203 3067 1266 3114 ortt
1295 3062 1432 3116 actionem
1449 3063 1615 3116 comedendi
1642 3069 1668 3117 ot
1687 3063 1801 3118 bibendi

109 3145 253 3212 eludimus,
269 3161 321 3199 nec
338 3147 395 3215 deo,
410 3143 440 3200 ri
461 3148 575 3201 circel
591 3155 698 3218 tempus
712 3151 939 3220 praescribimus,
964 3145 1074 3199 serlum
1093 3147 1134 3198 ad
1152 3146 1311 3201 elementum
1329 3148 1453 3203 accessit.
1488 3150 1569 3216 Erpa
1585 3156 1650 3202 unte
1663 3150 1800 3204 actionem

110 3235 159 3287 sed
173 3233 339 3304 siespliciter
357 3233 556 3303 acquiescimus
573 3234 604 3287 in
620 3235 673 3289 bac
684 3237 753 3304 fide,
774 3239 851 3307 ριωά
864 3246 940 3292 cereo
966 3233 1130 3286 comedendi
1148 3241 1173 3287 et
1190 3234 1304 3287 bibendi
1312 3234 1429 3301 sactum
1448 3242 1489 3287 est
1503 3243 1716 3288 sacramentum.
1753 3235 1800 3291 Se·

109 3321 165 3390 ciat,
183 3321 325 3392 quidquid
345 3320 471 3375 04444444
486 3323 616 3388 ficturum
630 3324 773 3393 promisit.
798 3325 864 3379 Non
883 3326 940 3381 <iim
966 3321 1057 3373 eundo
1088 3320 1173 3372 verba
1200 3320 1320 3374 Domini
1344 3336 1408 3375 moa
1434 3327 1516 3391 atque
1536 3321 1655 3390 prolata
1673 3323 1802 3388 sucrum,

110 3411 264 3478 ceptamns',
293 3407 324 3461 in
353 3424 406 3477 quo
432 3407 567 3478 temporis
593 3417 728 3464 momento
754 3411 883 3481 lepromee
904 3412 941 3466 sit
964 3423 1033 3462 ocra
1054 3407 1176 3472 riserunt.
1224 3408 1284 3462 Sed
1304 3407 1424 3477 prolata
1449 3414 1513 3460 sunt
1533 3414 1597 3461 ante
1614 3408 1697 3461 illem
1714 3408 1800 3463 actio·

109 3496 272 3561 mmdmus,
295 3496 337 3549 ad
354 3511 433 3564 quem
453 3494 581 3549 Christus
603 3496 689 3550 dicit:
719 3497 804 3562 Volo,
821 3500 941 3552 mundus
966 3510 1028 3547 nem
1045 3493 1240 3547 manducandi
1257 3500 1284 3546 et
1298 3493 1417 3547 bibendi.
1449 3494 1528 3562 Erpa
1543 3500 1607 3547 ante
1622 3494 1701 3547 illum
1714 3495 1799 3550 actic-

109 3589 171 3651 uro,
189 3580 288 3638 Mattb.
310 3587 332 3638 8.
351 3584 404 3635 sed
422 3582 601 3651 suffieit‚nos
620 3585 749 3653 credere,
770 3584 862 3654 ipsium
877 3585 940 3654 jue-
966 3598 1028 3635 nem
1041 3585 1092 3635 etc.
1122 3579 1346 3650 Respondemus:
1372 3585 1393 3636 l.
1404 3577 1645 3645 Quemadmodum
1660 3579 1799 3638 Carolsta·

109 3675 137 3721 ta
166 3668 277 3724 Christi
307 3669 418 3722 uerbum
454 3684 512 3722 esse
545 3670 717 3724 scandatum.
762 3670 810 3723 Ita
836 3687 942 3742 quicque
967 3669 1028 3722 dius
1063 3667 1201 3722 ralermte
1239 3666 1362 3723 Lnthero
1396 3672 1460 3723 tom.
1495 3671 1517 3722 4.
1557 3667 1670 3724 lenens.
1703 3666 1796 3723 Germ.

109 3755 265 3820 cedimus,
295 3755 384 3821 illium
416 3755 508 3824 repuli
536 3755 636 3812 doben.
666 3762 691 3811 4.
726 3765 854 3811 sanatum
883 3774 942 3812 esse
966 3754 1013 3810 iol.
1041 3758 1098 3810 384.
1124 3752 1299 3824 disputabat,
1330 3752 1469 3808 Christum
1495 3753 1572 3825 prins
1591 3752 1701 3810 dedisse
1720 3755 1800 3811 disci-

33 3837 51 3881 ¹·
61 3842 185 3911 ujusce
203 3842 315 3895 uerbum
337 3840 458 3895 Cbristi:
481 3842 549 3909 Abi,
561 3841 644 3910 filius
662 3850 726 3896 tuus
744 3843 819 3912 uicit,
839 3862 941 3914 nequa-
967 3840 1040 3913 pulis
1071 3839 1292 3895 manducandum
1323 3855 1439 3911 444444,
1471 3854 1505 3895 ac
1536 3839 1687 3911 discipulos
1716 3839 1800 3897 etiam

109 3944 189 3998 mam
212 3945 277 3982 cero
301 3928 408 3982 soliciti
428 3946 537 3992 sumus,
564 3929 612 3982 cui
626 3930 709 3998 quasi
723 3930 869 3984 uerborum
885 3933 940 4000 spl-
967 3930 1043 4001 prins
1062 3928 1256 3996 manducasse,
1281 3944 1365 4000 qnam
1385 3927 1528 3983 aCbristo
1545 3927 1674 3984 audirent
1691 3929 1742 3983 boc
1760 3937 1801 3984 est
1894 3941 1896 3944 ⁴

108 4015 188 4071 lotae
207 4016 318 4070 sanias
336 4023 452 4088 accepta
469 4016 506 4069 sit
517 4017 655 4082 ferenda.
697 4017 834 4070 lasanum
853 4018 942 4072 cerlis
968 4033 1070 4085 corpus
1099 4031 1203 4079 mecm,
1236 4019 1268 4068 nt
1295 4013 1449 4084 obtineret,
1482 4030 1582 4084 corpus
1613 4012 1714 4068 chrisa
1745 4028 1801 4070 non

111 4102 217 4159 Drusi·
242 4104 435 4157 recrucstctum
461 4103 619 4173 medimna,
649 4103 746 4157 obesis
769 4103 942 4159 circatoribus
967 4102 1053 4156 inisse
1086 4101 1224 4156 mediante
1247 4099 1393 4155 benedicto
1417 4116 1490 4170 pane
1520 4098 1662 4170 discipulis
1689 4099 1800 4170 datnm3

108 4191 206 4245 relicta
226 4190 396 4261 qssnestione,
417 4208 455 4243 un
472 4189 502 4241 oi
518 4190 637 4244 nominis
656 4189 776 4256 Losori,
800 4199 848 4244 urst
865 4192 944 4245 uerbi
967 4189 1008 4244 ita
1029 4187 1212 4244 Bellarminus
1245 4185 1385 4257 disputat,
1414 4185 1555 4241 Christum
1583 4186 1660 4258 prius
1691 4185 1800 4251 dlxisse,

108 4277 169 4334 seni
200 4284 250 4330 aest
274 4277 402 4330 adverbii
421 4275 511 4346 foras,
540 4275 708 4330 miraculum
738 4276 815 4330 illud
826 4278 940 4345 sactum
967 4276 1018 4330 boc
1044 4283 1083 4329 est
1109 4291 1212 4342 corpus
1236 4290 1337 4341 mcum,
1363 4278 1512 4345 antequam
1537 4271 1680 4343 discipulis
1707 4271 1801 4327 eibum

108 4365 160 4435 sit,·
186 4365 227 4418 ito
248 4381 356 4435 quoque
374 4366 408 4417 dc
423 4365 588 4433 praesentia
606 4363 733 4431 corporis
752 4371 778 4417 et
796 4365 942 4434 sanquinis
967 4361 1179 4417 eucharisticum
1194 4358 1417 4414 manducandum
1428 4358 1514 4426 daret,
1527 4366 1558 4413 nt
1571 4358 1704 4429 obtineat,
1718 4357 1801 4414 etiam

111 4450 462 4508 (emerentianam
482 4451 573 4504 cerlis
593 4451 729 4521 ejusdem,
753 4450 805 4502 boc
822 4458 862 4502 est
882 4466 941 4503 cor-
966 4467 1021 4504 non
1041 4447 1189 4503 accedente
1210 4445 1420 4500 manducatione
1439 4445 1728 4516 panemessecbristi
1742 4460 1801 4501 eor·

103 4555 159 4608 pus
176 4555 279 4606 meum,
304 4538 339 4590 dc
363 4544 499 4590 momento
517 4536 683 4606 praesentia
703 4553 806 4605 parum
825 4535 944 4589 solliciti
967 4552 1027 4608 pus.
1064 4533 1118 4590 Sed
1136 4533 1287 4604 repetimus
1305 4531 1519 4588 verbaLntheri
1530 4531 1800 4603 Carolstsdiccppc·

107 4642 208 4680 mnus.
254 4622 332 4678 Haec
361 4622 507 4677 Lutherus.
553 4622 674 4679 Proinde
700 4623 729 4677 in
759 4621 856 4694 regula
884 4621 941 4691 iila,
966 4621 1029 4691 sita,
1045 4637 1118 4693 quac
1137 4620 1221 4675 441444
1241 4619 1408 4674 Bellarmino
1425 4619 1528 4691 opponi
1545 4624 1674 4690 possunt:
1693 4619 1799 4673 14444-

105 4710 173 4767 niiui
196 4709 283 4766 babet
309 4709 443 4764 rationem
463 4711 628 4765 sacramenti
648 4715 726 4764 44444
744 4725 823 4764 usum
844 4708 940 4764 divini·
968 4709 1010 4762 tis
1037 4724 1139 4762 coenae
1163 4706 1270 4776 (scribit
1289 4705 1351 4761 loeo
1370 4705 1456 4776 dicto)
1478 4707 1618 4776 quaedum
1635 4711 1700 4759 sunt
1717 4705 1802 4760 ocrln

105 4802 149 4855 tus
171 4798 344 4861 institutum,
374 4795 484 4851 nomine
509 4812 574 4850 usns
599 4797 764 4869 intelligitur
791 4800 851 4851 tcta
868 4795 941 4850 actio
966 4795 1206 4866 eoanpelietarum,
1227 4794 1326 4863 quibus
1344 4792 1480 4846 historico
1497 4793 1625 4845 narratio
1636 4791 1802 4859 emtinetur,

106 4883 312 4942 moramentalis
330 4900 347 4937 a
365 4881 475 4938 Christo
494 4882 680 4953 praescripta,
700 4882 830 4938 videlicet
848 4832 1059 5007 conse-{utpote
1079 4881 1167 4934 bace:
1199 4880 1316 4949 Accepit
1334 4895 1451 4949 panem,
1476 4877 1627 4946 benedicit,
1652 4878 1743 4946 {repit
1765 4892 1800 4933 ac

106 4972 206 5040 matio,
233 4969 403 5034 distributio,
431 4968 607 5023 manducatio
632 4975 660 5024 et
677 4967 790 5038 bibitio,
820 4970 848 5023 bi
868 4971 940 5024 enim
966 4968 1046 5021 dedii
1069 4967 1219 5038 discipulis
1236 4967 1349 5035 dioens,·
1373 4967 1512 5035 quaedam
1529 4981 1595 5018 cero
1613 4970 1677 5017 sunt
1698 4963 1804 5020 Obritti

106 5063 183 5115 actus
217 5072 313 5113 omnes
342 5061 370 5111 et
402 5053 504 5128 singuli
538 5054 709 5110 constituunt
735 5062 762 5110 et
794 5016 1057 5123 absolvunticerba,
1073 5070 1144 5123 qnae
1156 5052 1264 5106 scilicet
1275 5053 1336 5121 ipse
1348 5052 1377 5104 in
1393 5052 1565 5105 institutione
1580 5050 1801 5104 etadministra·

105 5162 184 5202 nsum
208 5143 287 5199 ilium
312 5141 551 5206 sacramentalem,
580 5140 615 5197 de
634 5158 689 5213 qno
708 5141 806 5212 regnis
823 5142 896 5214 agit,
923 5133 1040 5214 uitione
1059 5155 1161 5194 coenae
1173 5139 1306 5209 protulit,
1325 5138 1456 5193 or'delicet
1468 5137 1548 5191 baec:
1568 5135 1699 5205 Accipite,
1713 5151 1800 5192 come·

106 5248 160 5304 qna
184 5228 322 5286 sententia
343 5244 516 5301 nequaqnam
535 5227 696 5295 discedunt,
724 5227 771 5299 qui
790 5229 938 5284 manduca·
967 5229 1037 5295 dite,
1061 5227 1113 5280 boc
1132 5234 1171 5279 est
1190 5243 1293 5296 corpus
1309 5243 1410 5293 meum,
1436 5224 1513 5293 quod
1525 5239 1583 5292 pro
1603 5223 1681 5276 cobis
1698 5224 1800 5292 auur,-

104 5320 207 5374 tionem
226 5323 335 5372 tantum
354 5313 553 5372 etbibitionem
568 5311 708 5385 requirere
722 5312 858 5383 videntur,
875 5331 939 5369 eum
966 5314 1057 5380 bibite,
1075 5313 1126 5367 boc
1148 5320 1187 5366 est
1199 5313 1314 5380 sanquis
1327 5327 1409 5379 meres,
1431 5311 1542 5380 quipse
1553 5309 1632 5363 44444
1646 5310 1800 5380 effundetur

105 5407 176 5462 enim
202 5402 379 5459 manducatio
404 5410 433 5460 et
455 5402 555 5458 bibitio
578 5401 634 5456 sint
652 5399 766 5455 ultimus
786 5401 939 5457 4444441444
966 5402 996 5454 in
1012 5400 1204 5455 remissionem
1220 5406 1413 5470 peecatorum,
1440 5398 1491 5452 boc
1505 5397 1593 5462 facite
1612 5396 1641 5450 in
1657 5398 1713 5452 mei
1729 5414 1801 5452 com·

105 5499 195 5556 ectus,
223 5491 259 5547 ad
281 5507 363 5564 quem
380 5490 480 5565 reliqui
497 5490 617 5562 priores,
642 5487 813 5544 consecratio
832 5489 939 5546 scilieet
965 5487 1197 5542 memorationem.
1234 5488 1280 5540 Ee
1298 5484 1389 5539 uerbis
1403 5485 1637 5554 eoanpelistarum
1650 5485 1801 5552 manifeste

105 5584 132 5636 et
160 5577 331 5642 distributio,
362 5574 567 5635 eerts'ratione
593 5575 766 5645 reisrnntur,
797 5574 861 5632 idac
887 5590 939 5648 per
965 5574 1117 5644 cellipitru,
1129 5570 1269 5628 Obrimum
1281 5570 1401 5627 4444444
1413 5570 1527 5627 desiisse
1540 5577 1566 5624 et
1578 5558 1802 5636 meministi,
