4004 6022
1559 36 1616 157 e..

230 183 289 241 158
824 171 950 232 motis
965 171 1170 232 uouemus
1187 171 1331 232 PRIMUS

225 347 290 385 m
315 328 397 399 pauiu
421 326 539 385 muodo
565 328 601 384 de
624 334 770 384 resanat
794 334 1011 384 mmmorumet
1029 327 1224 385 de'Piueator.
1254 324 1932 396 Sedboeuimiagenaraleestqaliiboenode:

224 414 317 470 officio
335 412 437 467 Christi
456 415 626 485 aequiparat.
663 414 865 485 Angelocrator
885 415 913 469 ia
932 413 1065 481 {basilea
1076 356 1121 495 'ut
1138 413 1219 484 panis
1236 412 1376 484 frangitur
1392 412 1422 466 in
1438 417 1540 483 partas,
1559 412 1600 466 its
1613 411 1706 466 anima
1719 410 1824 466 Christi
1837 412 1931 468 diuisa

224 501 266 554 lit
283 499 317 553 B.
339 507 367 553 l:
386 500 502 553 dianio
520 501 607 569 possis
625 507 747 568 estpars
759 501 918 553 meantibus
930 508 956 553 et
967 501 1065 564 fornia
1077 501 1079 561 ξ
1090 504 1133 554 est
1150 518 1168 553 a
1184 516 1308 570 corpore.
1348 498 1418 554 Vide
1440 497 1643 565 Schoeufeldii‚
1669 497 1808 560 Palatini,
1829 500 1931 571 Antiq.

224 586 337 638 interm
359 600 462 637 coenae
489 586 667 639 Dominicae.
709 586 767 639 Alii
783 593 902 656 negant,
927 584 1159 654 pertinerellides
1170 585 1242 642 Catt.
1255 584 1319 641 Joh.
1337 585 1497 640 Munstems
1513 585 1551 641 tut
1567 585 1681 654 tietidpt,
1700 583 1875 656 Hellopaeua
1895 587 1933 642 de

224 671 260 724 ad
288 670 450 739 essentiam,
479 670 529 725 sed
554 678 655 725 vocant
673 678 781 742 partem
802 673 1005 742 integrantem,
1032 658 1120 735 utire
1144 679 1309 726 sacrament
1334 688 1361 742 p.
1382 678 1439 728 191.
1464 677 1516 727 etc.
1550 670 1640 741 Atqui
1660 671 1798 740 separatio
1818 672 1933 728 animae

224 757 362 822 Paraeus,
389 756 540 811 Caesellani
566 758 595 810 in
615 757 806 827 responsione,
823 756 974 810 Anatomia
990 751 1118 832 Mar-let
1146 757 1268 828 corporis
1294 774 1358 811 cum
1383 757 1478 811 dolore
1501 756 1651 826 conjuncta
1672 774 1729 811 non
1751 764 1795 812 est
1815 758 1932 829 proprie

226 860 307 913 purg.
325 848 355 895 et
373 841 532 910 Goelenius,
550 850 579 897 et
597 842 644 896 alii
662 842 775 912 quidem
793 842 906 907 dieunt,
923 859 984 896 esse
1001 858 1063 911 par·
1090 844 1165 898 dicta
1183 844 1289 898 fractio.
1324 843 1393 906 Quis
1419 844 1492 898 enim
1510 859 1633 914 unquam
1652 843 1764 912 dixerit,
1788 843 1931 898 hominem

199 995 202 1002 Ι
226 937 282 983 tem
306 928 487 1000 principalem
513 936 541 982 et
561 944 669 982 summe
687 928 885 991 necessariam,
909 934 942 982 ut
960 928 1062 982 Anato
1088 929 1197 1000 frangi,
1223 929 1335 999 quando
1361 929 1498 982 mentor?
1528 929 1551 983 si
1578 930 1688 984 animae
1714 946 1733 984 a
1754 945 1874 999 corpore
1900 931 1930 983 in

201 1020 202 1023 ’
225 1015 280 1070 mia
298 1032 326 1085 p.
344 1022 368 1070 9.
392 1021 429 1070 ιι.
449 1020 490 1069 28.
510 1013 556 1067 alii
575 1019 683 1083 partem
702 1015 793 1067 minus
807 1013 1002 1084 principalem,
1032 1021 1063 1066 ιιι
1090 1022 1176 1068 morte
1201 1016 1341 1086 separatio
1365 1022 1408 1069 est
1425 1015 1524 1070 fractio
1542 1032 1592 1070 sau
1610 1016 1711 1070 solutio
1728 1014 1852 1069 continui
1871 1015 1930 1070 vio·

225 1100 385 1156 (loclenius.
427 1101 547 1153 Rursum
572 1100 620 1153 alii
646 1106 749 1154 uocant
770 1100 853 1153 ritum
869 1100 1063 1167 necessarium,
1090 1100 1163 1155 lente
1185 1102 1277 1169 facta,
1299 1117 1366 1169 ergo
1390 1117 1490 1170 corpus
1515 1107 1544 1154 et
1561 1100 1657 1154 anima
1673 1108 1739 1155 sunt
1758 1117 1845 1154 unum
1862 1117 1930 1155 eon·

224 1206 293 1259 quos
329 1189 403 1258 ipsos
430 1193 513 1242 etiam
541 1186 653 1240 defendi
679 1203 762 1256 posse
792 1191 875 1255 putat
904 1184 1062 1240 (loclenius.
1088 1187 1210 1256 tinuum,
1232 1203 1299 1257 ergo
1315 1194 1465 1257 quantum,
1489 1203 1557 1257 ergo
1575 1187 1718 1252 occidam,
1746 1203 1814 1257 ergo
1834 1186 1930 1242 anima

224 1275 300 1328 Besa
325 1290 386 1328 eam
415 1271 523 1327 confert
552 1272 692 1327 venustati
718 1270 817 1340 faciei,
857 1273 903 1325 cni
934 1271 1063 1341 opposuit
1088 1278 1117 1326 st
1145 1289 1245 1344 corpus
1271 1279 1353 1327 amnt
1378 1290 1463 1327 unum
1486 1290 1537 1343 per
1561 1273 1698 1328 accidens.
1738 1272 1823 1328 Adde
1849 1273 1929 1344 qnod
1961 1261 1968 1271 ³

224 1360 398 1414 omissionem
420 1358 563 1412 fractionis
587 1364 720 1428 tanquam
744 1358 865 1429 aliquam
890 1374 1007 1412 naevum
1033 1357 1062 1411 in
1088 1358 1140 1413 bac
1171 1360 1277 1414 ratione
1304 1375 1369 1429 pars
1396 1375 1453 1413 una
1479 1358 1562 1413 fracti
1589 1358 1670 1429 panis
1699 1359 1833 1423 animam
1860 1375 1928 1430 pars

224 1445 310 1509 faeie,
345 1445 390 1500 cui
425 1443 576 1499 subscribit
608 1445 738 1499 Anatom.
777 1443 904 1515 Marpug.
943 1462 973 1514 p.
1005 1449 1060 1499 131.
1088 1438 1178 1499 altera
1203 1461 1303 1514 corpus
1328 1445 1431 1500 Christi
1455 1445 1612 1509 denotaret,
1636 1449 1669 1499 nt
1685 1445 1766 1516 signo
1783 1444 1926 1517 signatum

226 1539 250 1589 5.
275 1532 332 1586 Alii
357 1532 416 1585 sine
439 1529 492 1584 hac
514 1529 651 1584 fractione
676 1529 773 1584 dicunt
793 1545 907 1584 coenam
927 1547 987 1584 asse
1007 1546 1062 1583 non
1088 1531 1268 1600 responderet
1291 1531 1377 1586 etsie
1395 1532 1422 1585 in
1443 1532 1513 1585 duas
1533 1532 1622 1585 solum
1641 1537 1733 1601 partes
1751 1530 1839 1601 panis
1850 1530 1928 1584 fran-

130 1633 154 1674 ι
168 1631 213 1674 aar.
226 1637 316 1691 posse,
334 1623 367 1671 nt
383 1617 516 1671 Piscator.
553 1615 611 1669 Alii
629 1633 689 1671 esse
708 1615 822 1686 quidem
834 1632 927 1670 veram
939 1632 1062 1682 coenam,
1088 1617 1198 1687 gendes
1214 1616 1306 1674 fuerit.
1342 1617 1372 1672 Si
1390 1617 1493 1672 idcirco
1515 1617 1550 1671 de
1570 1633 1685 1687 corpore
1702 1615 1806 1671 Christi
1823 1616 1928 1671 dicitur

226 1707 275 1762 sed
303 1722 359 1759 non
387 1703 538 1778 integram,
569 1717 663 1755 verum
689 1701 829 1766 mutilam,
853 1709 884 1756 ut
902 1701 1062 1768 Goelenius,
1088 1701 1206 1766 haedo,
1231 1702 1299 1773 quia
1314 1702 1351 1758 ab
1369 1720 1402 1758 eo
1416 1702 1509 1757 anima
1524 1702 1690 1757 naturaliter
1705 1703 1835 1769 recessit,
1855 1717 1927 1773 ergo

226 1791 387 1859 Anatomia,
418 1788 591 1856 Caseellani3
619 1788 695 1843 unde
725 1788 835 1851 dicunt,
864 1788 979 1842 similem
1002 1805 1063 1842 esse
1089 1788 1193 1857 pariter
1211 1789 1315 1860 poterit
1330 1789 1429 1843 fractio
1449 1788 1485 1843 de
1500 1788 1636 1859 sanguine
1657 1787 1726 1855 dieii,
1743 1787 1812 1858 quia
1828 1806 1846 1842 a
1861 1804 1927 1843 san·

222 1895 339 1933 coenam
359 1876 434 1929 illam
452 1874 555 1928 homini
573 1890 659 1942 aure,
676 1875 762 1945 pede,
780 1891 864 1927 manu
884 1873 929 1927 vel
948 1873 1062 1931 brachio
1089 1873 1174 1943 guina
1192 1892 1303 1945 quoque
1322 1875 1416 1930 anima
1432 1875 1597 1930 naturaliter
1617 1874 1737 1930 recessit
1761 1874 1818 1929 Sed
1831 1890 1926 1930 conse

223 1963 338 2027 carenti,
356 1968 388 2016 ut
404 1961 619 2031 Marpurgeuses
633 1959 840 2023 etCassellani3
859 1959 906 2013 alii
925 1959 1062 2025 diminuto
1089 1977 1177 2030 quens
1206 1967 1249 2014 est
1277 1961 1438 2016 absurdum.
1479 1958 1555 2031 Ergo
1585 1967 1613 2015 et
1645 1960 1822 2015 antecedens.
1866 1961 1926 2016 Alii

162 2102 165 2119 ,
223 2051 345 2117 thalero,
368 2056 399 2101 ut
423 2052 519 2117 pastor
544 2046 751 2115 Hasungensis3
777 2045 826 2100 alii
850 2046 937 2100 literis
957 2045 1001 2100 vel
1026 2047 1061 2099 si·
1087 2046 1182 2113 aliter3
1201 2055 1233 2101 ut
1249 2047 1329 2117 panis
1346 2047 1494 2118 frangitur,
1513 2047 1554 2100 ita
1571 2063 1671 2117 corpus
1685 2047 1789 2101 Christi
1807 2047 1927 2118 patitur,

223 2137 299 2208 gillo,
318 2137 346 2189 in
364 2150 420 2205 quo
438 2133 470 2187 fit
488 2132 590 2186 rimula
601 2132 646 2187 vel
664 2148 752 2202 parva
768 2131 875 2194 lisama,
899 2131 993 2201 Antiq.
1014 2130 1060 2187 fid.
1085 2130 1261 2200 careatur,
1285 2133 1414 2197 moritur,
1436 2133 1603 2200 Cassellaui,
1626 2133 1789 2195 Anatemia,
1814 2133 1925 2190 Pineie·

223 2224 368 2277 Cattorum
402 2239 429 2291 p.
469 2226 525 2274 106.
577 2219 677 2289 (Atqui
708 2218 732 2271 si
759 2217 926 2288 riproslaolc
950 2218 987 2271 ad
1008 2218 1060 2272 for·
1087 2236 1149 2288 rus;
1175 2226 1205 2272 at
1227 2220 1280 2274 hac
1306 2219 1427 2287 ratione,
1451 2227 1483 2273 ut
1506 2218 1621 2273 illustris
1645 2224 1741 2289 pateat
1763 2219 1924 2288 similitudo,

222 2326 295 2363 marn
330 2324 425 2362 sacrae
470 2321 574 2360 coenae
619 2304 754 2374 pertinet,
802 2311 870 2358 tnnc
911 2305 970 2358 sine
1005 2304 1060 2359 fra-
1086 2305 1166 2374 panis
1185 2305 1236 2359 erit
1253 2304 1445 2376 perforandus,
1461 2321 1518 2359 non
1536 2304 1715 2374 frangendus.
1752 2304 1878 2360 Vulnera
1895 2306 1924 2359 in

222 2396 314 2449 ctione
355 2408 443 2448 coena
475 2408 530 2445 non
564 2389 653 2445 solum
684 2390 737 2444 erit
767 2407 865 2445 manca
896 2396 924 2445 et
954 2391 1060 2459 mutila,
1087 2390 1188 2460 latere,
1211 2390 1339 2444 manibus
1360 2406 1394 2444 ac
1418 2389 1536 2459 pedibus
1553 2389 1655 2444 Christi
1674 2389 1726 2445 etai
1744 2390 1857 2445 fuerunt
1874 2391 1923 2444 ali·

222 2482 272 2536 sed
301 2481 384 2550 plane
415 2477 506 2546 nulle,
535 2478 602 2547 quis
632 2477 722 2531 forma
739 2493 790 2532 nec
810 2476 986 2546 divisionem,
1009 2494 1059 2532 nec
1087 2493 1143 2546 qua
1160 2478 1284 2532 continui
1300 2476 1402 2531 solutio
1418 2476 1539 2531 violente
1556 2475 1645 2545 facta,
1666 2492 1723 2529 non
1749 2482 1843 2532 nmen
1862 2476 1923 2532 fue·

221 2566 420 2632 intensionem,
445 2579 497 2617 nee
516 2562 706 2617 remissionem
724 2562 836 2633 recipit,
863 2580 927 2616 cum
947 2580 1002 2618 non
1023 2563 1060 2616 sit
1086 2569 1151 2617 runt
1167 2564 1279 2633 proprie
1296 2563 1372 2618 dicta
1389 2561 1501 2631 fractio,
1527 2561 1580 2615 hoc
1597 2567 1639 2617 est
1655 2562 1780 2632 corporis
1798 2563 1923 2618 continui

224 2658 344 2722 quante,
372 2650 422 2704 sed
441 2650 471 2704 ἐν
491 2646 585 2721 ἀτόμῳ
604 2648 746 2703 consistat.
773 2647 847 2703 Vide
865 2648 920 2704 Dn.
940 2649 1058 2703 Meisne·
1086 2649 1115 2703 in
1137 2648 1289 2720 particulas
1314 2666 1332 2702 a
1355 2655 1414 2702 toto
1433 2653 1575 2718 separatas
1594 2649 1712 2717 divisio,
1739 2648 1806 2718 quia
1821 2665 1923 2719 corpus

225 2753 287 2790 rum
305 2741 374 2806 part
388 2741 412 2789 2.
431 2735 505 2789 sobr.
522 2732 622 2802 philos.
642 2739 710 2786 sect.
730 2738 755 2786 4.
774 2750 796 2787 c.
816 2739 840 2788 3.
860 2741 965 2804 quaest.
986 2741 1010 2791 2.
1031 2742 1059 2789 et
1086 2734 1189 2790 Christi
1213 2751 1322 2805 semper
1345 2751 1431 2789 unum
1454 2734 1569 2802 mansit,
1592 2740 1730 2806 quatenus
1753 2743 1796 2789 est
1812 2752 1923 2806 eorpua

223 2841 248 2877 c.
274 2830 299 2876 «l.
331 2827 437 2891 quaest.
463 2826 487 2874 2.
513 2818 687 2874 Hesselbein.
713 2819 830 2873 antidot.
859 2824 892 2884 ι.)
929 2829 953 2876 6.
978 2821 1059 2878 Hanc
1086 2821 1225 2892 Urgemns
1245 2821 1338 2892 igitur,
1357 2821 1432 2892 quod
1449 2820 1591 2877 Johsnnes
1608 2820 1692 2892 plane
1708 2829 1795 2892 negat
1810 2821 1923 2877 fractio·

223 2908 388 2964 fractionem
411 2905 491 2975 panis
515 2904 629 2974 quidam
652 2910 758 2974 negant
780 2904 911 2960 inservire
929 2906 1058 2962 distribu-
1085 2923 1148 2961 nem
1173 2907 1200 2960 in
1220 2906 1322 2961 Christi
1348 2922 1464 2976 corpore
1487 2907 1606 2971 factam,
1632 2906 1770 2982 quomodo
1794 2923 1862 2979 ergo
1880 2925 1922 2962 re·

223 2994 291 3049 tioni
313 2993 385 3047 inter
403 2991 652 3059 communicantes,
671 2991 800 3044 Anatom.
819 2988 961 3063 Marpurg.
978 3001 1060 3047 vocat
1085 2991 1271 3062 praesentatio
1295 2991 1437 3046 fractionis
1459 2991 1574 3048 habebit
1591 2993 1700 3046 locum?
1725 2991 1923 3047 Rennecberus

224 3079 365 3135 fallaciam
389 3095 444 3132 non
469 3092 571 3131 causae
591 3083 623 3131 ut
642 3091 727 3130 causa
744 3093 772 3145 p.
791 3081 832 3131 63.
853 3077 903 3131 sed
923 3077 1059 3149 praefigu-
1085 3078 1114 3132 in
1141 3077 1246 3132 Psalm.
1271 3083 1292 3132 1.
1319 3095 1346 3148 p.
1372 3083 1431 3133 ute.
1459 3077 1526 3134 edit.
1552 3077 1651 3133 franc
1679 3077 1816 3132 fractione
1841 3079 1922 3149 panis

224 3167 326 3222 rationi
347 3165 406 3220 sive
430 3162 636 3218 adumbrationi
652 3163 795 3218 staefionia
814 3164 936 3232 corporis
956 3163 1058 3218 Christi
1085 3166 1174 3235 ipsam
1196 3162 1298 3217 Christi
1315 3181 1366 3233 pro
1383 3164 1463 3219 nobis
1482 3162 1698 3219 satisfactionem
1716 3163 1807 3217 notari
1824 3164 1923 3220 scribit

224 3252 254 3307 in
272 3268 362 3307 cruce.
405 3250 464 3305 Alii
481 3266 547 3304 vero
565 3248 648 3304 finem
668 3249 743 3303 illius
761 3249 905 3304 fractionis
921 3255 950 3304 et
968 3249 1058 3304 distri·
1085 3258 1115 3306 et
1141 3252 1171 3304 in
1200 3266 1234 3306 ea
1262 3250 1409 3322 analogiae
1434 3252 1547 3307 tertium
1573 3251 1697 3306 collocat
1737 3250 1827 3322 Atqui
1852 3252 1922 3307 haec

224 3339 366 3395 butionem
385 3346 413 3391 et
430 3337 711 3406 repraesentationem
729 3337 907 3392 constituunt.
945 3343 968 3392 7.
986 3336 1059 3402 Quia
1085 3337 1255 3407 comparatio
1280 3354 1332 3391 nec
1356 3336 1414 3390 ullo
1435 3335 1595 3407 Scripturas.
1619 3336 1705 3405 dicto,
1730 3352 1783 3391 nec
1801 3336 1862 3391 ulla
1878 3353 1921 3392 ra·

224 3443 289 3480 vero
312 3441 412 3494 eorpus
435 3421 539 3477 Christi
564 3440 620 3477 non
642 3429 684 3477 eat
700 3422 729 3475 in
747 3428 841 3492 partes
858 3422 977 3477 fractum
993 3423 1057 3478 Joh.
1083 3424 1170 3491 tione,
1197 3439 1249 3479 nec
1275 3421 1408 3477 ecelesiae
1426 3421 1584 3477 testimonio
1601 3421 1707 3478 nititur.
1744 3427 1768 3477 t.
1787 3420 1860 3486 Quia
1877 3440 1921 3478 ur-

226 3517 274 3581 te,
293 3530 319 3566 v.
339 3515 381 3564 ³3.
406 3508 469 3563 ideo
487 3507 516 3562 in
534 3507 722 3578 applicatione
739 3507 883 3578 analogiae
904 3525 1057 3562 sacramen·
1085 3518 1198 3582 gentur,
1224 3515 1256 3563 ut
1279 3508 1308 3563 in
1333 3509 1420 3563 altera
1439 3508 1523 3562 etiam
1544 3524 1647 3563 coenae
1663 3513 1743 3578 parte
1761 3525 1921 3579 repraesen-

222 3597 286 3651 talis
308 3612 364 3649 non
386 3593 571 3650 consentiunt.
609 3593 785 3648 Fractionem
805 3595 928 3664 corporis
951 3595 1056 3649 Anato-
1083 3596 1199 3651 tativam
1228 3595 1305 3649 illam
1334 3594 1491 3665 analogiam
1520 3594 1722 3663 demonstrent,
1753 3594 1817 3650 ideo
1843 3596 1922 3651 varia

223 3683 279 3737 mia
308 3679 440 3751 intelligit
467 3680 577 3751 proprie
603 3696 629 3750 p.
655 3685 713 3735 165.
740 3680 816 3734 unde
838 3678 1001 3735 fractionem
1028 3680 1056 3734 in
1084 3687 1222 3753 quaerunt
1235 3680 1419 3751 subterfugia.
1440 3678 1650 3734 Schoenfeldius
1664 3680 1920 3752 analogiamquae·

223 3768 326 3823 Christi
344 3783 459 3837 corpore
477 3765 580 3821 factam
601 3782 661 3820 esse
679 3766 868 3820 demonstrare
889 3766 1005 3835 cupiunt
1023 3783 1056 3820 ex
1082 3769 1119 3822 rit
1137 3769 1166 3821 in
1184 3785 1231 3831 eo,
1250 3766 1325 3837 quod
1344 3767 1519 3822 benedictum
1541 3765 1636 3820 vinum
1655 3767 1768 3821 seorsim
1785 3766 1815 3820 in
1832 3783 1958 3824 cosnsx.
1980 3797 1993 3817 ι.

222 3853 287 3910 Joh.
308 3861 339 3922 2,
364 3871 389 3909 v.
412 3858 450 3908 te.
471 3852 549 3923 atqui
568 3851 597 3906 in
615 3850 725 3906 Graeco
744 3857 787 3905 est
805 3851 904 3906 λύσατε
922 3851 970 3906 τὸν
988 3851 1056 3905 ναὸν
1083 3855 1173 3910 detur.
1208 3853 1277 3917 Quis
1296 3869 1361 3906 vero
1380 3869 1505 3923 unquam
1521 3857 1579 3905 tam
1596 3857 1696 3907 acutus
1715 3852 1781 3922 fuit,
1798 3859 1831 3909 nt
1848 3854 1919 3908 diri-

222 3943 335 4010 soirou,
363 3941 461 3993 solvite
485 3939 617 4007 templum
645 3937 709 4005 hoo,
737 3953 793 3990 non
816 3944 909 3993 autem
928 3938 1056 4011 frangite.
1082 3956 1149 3994 nare
1172 3939 1307 4009 potuerit,
1335 3937 1498 3992 effusionem
1516 3938 1661 4007 sanguinis
1679 3955 1729 4008 per
1747 3938 1800 3993 boc
1820 3939 1919 4007 notari,

223 4028 321 4099 Neque
339 4033 381 4081 est
401 4026 475 4097 quod
493 4025 530 4079 ad
551 4023 746 4078 Germanicam
767 4023 802 4079 D.
819 4023 936 4078 Lutheri
954 4024 1056 4080 versio·
1082 4025 1106 4079 si
1129 4025 1210 4096 panis
1232 4023 1345 4080 seorsim
1370 4024 1468 4078 edatrrr
1491 4030 1519 4077 et
1541 4022 1638 4078 vinum
1658 4025 1771 4079 seorsim
1797 4025 1919 4082 bibatur.

222 4131 285 4169 nem
304 4119 462 4183 provocent,
481 4128 515 4166 ea
534 4111 607 4166 enim
625 4110 751 4182 sequitur
765 4109 934 4164 idiotismum
946 4117 1056 4166 nostrae
1082 4110 1258 4181 Pistangelus
1277 4110 1353 4177 dicit,
1372 4109 1487 4164 calicem
1505 4125 1538 4163 ex
1556 4108 1613 4163 alto
1632 4107 1835 4165 infundendum
1851 4130 1919 4180 esse,

222 4201 348 4271 linguae,
373 4215 444 4270 quae
467 4199 514 4251 rix
532 4197 656 4252 admittit
673 4197 756 4251 alium
774 4197 910 4253 voculam.
945 4196 1056 4268 Reliqui
1081 4203 1114 4251 ut
1136 4197 1235 4251 effusio
1258 4196 1307 4250 illa
1328 4194 1471 4265 sanguinis
1500 4194 1681 4264 significetur.
1717 4197 1805 4268 Atqui
1823 4199 1919 4254 vinum

222 4302 288 4340 vero
300 4284 497 4355 metaphorice,
510 4283 683 4338 utBucanus
695 4283 747 4339 loe.
758 4288 799 4339 48.
810 4289 906 4353 phil.
927 4283 1056 4339 Veratius
1082 4282 1294 4339 eucharisticum
1321 4283 1351 4336 in
1373 4283 1435 4352 ipsa
1458 4280 1542 4351 hujus
1560 4285 1726 4338 sacramenti
1744 4285 1918 4340 administra·

220 4379 291 4441 part.
312 4376 336 4425 2.
354 4370 488 4439 Antipist
513 4369 565 4426 loc.
587 4377 611 4425 5.
635 4385 659 4424 c.
678 4375 702 4424 8.
728 4385 797 4440 quos
814 4369 888 4423 ridet
906 4369 1056 4424 Anatomia
1081 4371 1155 4426 tione
1172 4387 1190 4425 a
1206 4369 1317 4424 Christo
1337 4368 1456 4424 effusum
1475 4384 1536 4422 esse
1555 4369 1682 4439 nuspiam
1706 4371 1824 4442 legitur,
1851 4373 1918 4444 quin

222 4464 251 4513 et
274 4455 464 4527 metaphoram
483 4454 614 4525 explodit.
654 4455 787 4521 Quamvis
808 4454 996 4524 metaphorice
1017 4457 1055 4510 lo-
1082 4458 1137 4512 imo
1155 4456 1285 4524 calicem,
1312 4455 1340 4509 in
1364 4472 1420 4526 quo
1443 4459 1504 4508 erat
1523 4456 1652 4526 genimen
1670 4455 1750 4525 ritis,
1776 4457 1918 4527 accepisse

183 4606 185 4611 ,
221 4544 333 4616 quando
354 4558 455 4612 corpus
472 4540 575 4595 Christi
594 4541 715 4596 fractum
734 4541 785 4609 sit,
810 4549 902 4595 tamen
921 4560 984 4597 curn
1001 4542 1056 4598 fra·
1082 4544 1192 4607 dieitur,
1211 4542 1350 4614 quomodo
1367 4558 1434 4611 ergo
1453 4541 1690 4612 repraesentativa
1709 4541 1807 4598 effusio
1824 4543 1916 4599 locum

221 4631 277 4685 ctio
296 4629 406 4701 proprie
431 4628 506 4681 dieta
525 4627 554 4680 in
574 4626 675 4681 Christi
692 4643 807 4697 corpore
824 4627 917 4682 locum
935 4645 991 4682 non
1008 4629 1056 4684 ha-
1081 4630 1215 4685 hsbebit‘l
1246 4627 1304 4681 Alii
1322 4626 1431 4694 dicunt,
1457 4644 1507 4696 per
1525 4628 1690 4683 infusionem
1709 4628 1804 4683 calicis
1822 4630 1851 4683 in
1870 4647 1917 4686 ora

220 4715 295 4784 beat,
315 4715 390 4786 quod
409 4718 565 4784 agnoscam
578 4715 708 4767 Bucanus
725 4720 754 4767 et
765 4713 901 4783 Voretius,
922 4714 984 4770 ideo
1001 4733 1056 4771 non
1081 4713 1344 4771 communicantium
1362 4729 1423 4768 eam
1442 4714 1545 4783 notari,
1581 4713 1739 4778 casselani,
1757 4716 1917 4780 Anatomis,

220 4808 313 4873 potest
335 4800 437 4854 habere
455 4800 545 4853 locum
565 4799 696 4871 analogia
713 4799 762 4852 illa
780 4798 978 4871 significativa,
1001 4819 1058 4872 qua
1082 4800 1245 4868 Goolenius,
1276 4799 1456 4854 Chrestovius
1480 4799 1516 4853 de
1539 4817 1636 4856 cerem.
1661 4799 1761 4855 missae
1787 4817 1851 4872 pag.
1875 4808 1917 4857 20.

219 4887 319 4942 huetio
337 4886 418 4955 panis
435 4884 551 4956 fingitur
572 4885 730 4956 significare
748 4885 912 4941 fracdonem
924 4889 1056 4957 corporis,
1083 4887 1151 4953 Quis
1167 4903 1233 4941 vero
1252 4904 1374 4957 unquam
1399 4886 1481 4952 dixit,
1510 4885 1673 4940 bibitionem
1690 4885 1748 4939 vini
1767 4902 1828 4941 esse
1846 4889 1917 4957 ejus·

219 4973 257 5028 ad
280 4971 334 5026 hoc
358 4972 432 5026 enim
454 4971 610 5026 necessario
635 4971 821 5043 requireretur
842 4973 954 5044 proprie
980 4974 1057 5029 dicta
1084 4973 1146 5026 dam
1167 4970 1349 5026 effusionem?
1368 4973 1508 5044 quomodo
1527 4973 1613 5043 igitur
1629 4969 1728 5026 bibitio
1746 4970 1805 5025 vini
1821 4978 1918 5028 notare

219 5058 334 5123 fractio,
371 5057 510 5128 siquidem
548 5057 766 5126 repraesentatio
797 5065 840 5114 eet
867 5058 986 5130 alicujus
1016 5060 1056 5115 rei
1082 5065 1175 5129 potest
1199 5057 1362 5114 effusionem
1382 5059 1527 5130 sanguinis
1547 5056 1669 5111 Christi?
1699 5056 1817 5121 Quando
1838 5075 1917 5114 eea·

219 5152 316 5216 gestas
335 5161 385 5214 per
401 5144 486 5199 aliam
503 5142 541 5197 ad
558 5143 652 5196 vivum
671 5144 818 5213 expressio.
844 5144 951 5200 Eadem
963 5152 1056 5216 negat,
1082 5144 1137 5198 lice
1160 5143 1279 5213 bibitur,
1303 5145 1398 5199 vinum
1422 5162 1478 5199 non
1503 5141 1668 5208 effunditur,
1695 5143 1745 5198 sed
1760 5144 1789 5198 in
1807 5161 1858 5199 ora
1877 5145 1916 5199 in·

219 5230 376 5299 analogiam
409 5231 559 5285 consistere
595 5229 624 5283 in
658 5229 873 5286 comminutione
903 5231 933 5284 in
962 5236 1056 5300 partes
1081 5228 1221 5298 funditur,
1258 5238 1289 5285 ut
1327 5231 1438 5286 interim
1467 5227 1536 5282 nihil
1565 5227 1656 5283 dicam
1688 5230 1723 5284 de
1755 5247 1805 5299 eo,
1841 5231 1916 5302 quod

202 5333 246 5387 p
266 5321 323 5370 16².
359 5315 417 5370 Alii
435 5317 475 5371 sio
492 5316 649 5387 applicant:
677 5323 709 5370 ut
732 5317 813 5387 panis
837 5317 975 5388 frangitur
994 5333 1055 5383 pro·
1082 5316 1157 5385 apud
1184 5317 1362 5391 Celsinianos
1385 5316 1459 5370 calix
1484 5313 1512 5366 in
1532 5330 1630 5368 manus
1650 5317 1917 5372 communicantibus

219 5394 294 5474 pris,
324 5401 366 5457 its
394 5419 494 5474 corpus
526 5402 629 5459 Christi
660 5403 779 5458 fractum
813 5411 856 5459 est
885 5420 936 5457 suo
965 5403 1055 5471 modo,
1081 5403 1170 5457 detur.
1203 5376 1262 5503 ὁ
