4004 6022
788 350 840 407 DE
853 347 984 407 sacha
999 351 1135 412 COENL
1769 365 1809 424 2³

121 503 149 553 11
173 498 242 554 alibi
265 503 294 554 et
314 499 344 553 iu
366 499 421 554 ista
445 499 530 555 etiam
555 499 658 557 Christi
682 504 832 559 sententia:
854 505 955 560 mandi
979 507 1081 574 stolos,
1104 509 1154 564 sed
1179 510 1215 565 ad
1237 516 1325 566 totam
1350 511 1511 576 ecclesiam,
1533 510 1587 565 hoc
1605 518 1648 566 est
1664 512 1701 566 ud
1716 527 1810 567 omues

120 587 200 655 estis,
223 589 274 641 sect
298 591 482 655 sou'omnes,
505 604 556 657 per
574 605 670 645 vocem
688 608 781 645 omncs
799 591 852 646 soli
869 592 953 648 sacri·
979 593 1090 665 fideles,
1127 595 1175 666 qui
1202 595 1320 667 probare
1344 613 1374 651 se
1399 603 1529 667 possunt,
1550 598 1696 667 pertineat
1732 597 1808 668 Ergo

119 672 195 728 liculi
220 671 428 745 intelligantur,
454 681 483 729 11
505 674 571 732 inde
587 677 682 748 sequi,
700 677 811 734 eosdem
831 678 955 750 impuros
980 681 1064 737 etiam
1087 683 1246 738 mundatum
1269 683 1372 738 Christi
1389 684 1419 739 in
1438 684 1490 738 hac
1511 683 1697 749 institutione,
1724 685 1808 738 bibite

119 764 149 815 et
172 760 262 815 omnis
284 762 395 832 generis
414 761 488 817 vitiis
507 763 627 834 pollutos
646 781 713 822 esse.
748 765 793 821 De
810 765 865 821 alio
886 783 953 839 quo·
980 785 1013 822 11
1033 770 1085 823 111
1108 787 1214 837 omnes,
1241 770 1277 824 ad
1296 775 1382 825 totam
1403 770 1549 825 ecclesiam
1568 771 1697 843 pertinet
1732 778 1757 827 1.
1774 771 1809 825 Id

121 847 187 902 dam
210 848 337 918 principe
359 854 483 919 constat,
507 850 581 921 quod
598 851 689 907 locum
706 851 794 910 Hebr.
816 859 861 922 13,
884 870 910 906 v.
928 861 953 910 1.
979 854 1070 927 ipsum
1107 856 1308 911 evidentissime
1341 857 1481 929 colligitur
1512 876 1545 913 cx
1575 859 1664 913 Paulo
1695 864 1717 913 1.
1746 856 1809 912 Cor.

119 934 305 1004 praeposteris
328 934 384 989 illis
408 936 629 1007 disputatoribus
648 938 796 1008 objecerit:
821 940 953 995 Honora·
982 947 1027 1011 11,
1056 960 1081 998 r.
1109 948 1150 998 te.
1173 948 1213 998 24.
1235 949 1288 998 etc.
1311 942 1360 997 ubi
1382 943 1497 1007 abusus,
1519 943 1613 1014 quiin
1631 943 1809 998 Corinthinca

118 1021 176 1075 orte
206 1021 369 1090 conjugium
394 1023 424 1076 11
448 1022 575 1078 omnibus
598 1031 624 1078 et
647 1033 725 1079 tonsa
749 1026 953 1096 immaculatus,
979 1028 1096 1083 ccclesia
1117 1028 1191 1084 eirca
1207 1028 1472 1085 administrationem
1491 1046 1587 1085 sacrae
1603 1046 1705 1085 coenae
1722 1030 1808 1100 irrep

119 1105 170 1162 ubi
192 1106 359 1179 particulam
381 1107 564 1164 universalem
589 1110 627 1164 ad
644 1110 717 1166 solos
735 1111 822 1167 luicos
840 1111 953 1167 restriu-
979 1122 1085 1181 semnt,
1108 1133 1142 1172 ea
1165 1118 1272 1172 ratione
1294 1116 1422 1188 corrigit,
1448 1125 1480 1171 ut
1501 1118 1537 1172 ad
1562 1117 1679 1188 primam
1701 1116 1811 1172 iustitu-

119 1200 200 1266 gunt,
218 1192 264 1248 hic
282 1210 348 1250 vero
366 1194 395 1249 in
413 1196 504 1251 verbis
523 1213 626 1251 coenae
642 1198 680 1252 ad
699 1198 951 1254 solossacerdotes.
978 1202 1082 1258 honen
1109 1202 1266 1258 Corinthios
1291 1211 1402 1259 revocet
1428 1209 1457 1257 ct
1485 1221 1518 1258 ex
1545 1220 1579 1259 ea
1605 1203 1744 1273 judicium
1775 1204 1811 1259 de

120 1285 145 1337 2
171 1278 227 1336 Sed
245 1281 336 1336 missis
353 1281 430 1336 bisce
448 1281 588 1338 instantiis
605 1284 643 1338 ud
660 1301 719 1339 rem
737 1284 825 1356 ipsam
843 1301 952 1355 respou-
979 1289 1104 1360 legitima
1129 1306 1224 1346 sacrae
1247 1307 1351 1347 coenae
1378 1290 1616 1346 administratione
1644 1290 1705 1346 iieri
1735 1291 1811 1346 velit.

120 1366 227 1422 demus.
262 1367 335 1424 Solis
359 1369 492 1439 apostolis
510 1386 571 1426 esse
590 1370 709 1426 dictum:
735 1372 831 1426 Bibite
848 1389 881 1425 ec
902 1371 954 1426 loe
979 1375 1062 1432 Unde
1089 1375 1129 1430 sic
1150 1376 1355 1432 concludimus:
1380 1377 1428 1431 Ad
1453 1378 1527 1447 qnod
1550 1394 1646 1432 norma
1666 1381 1695 1432 et
1712 1375 1811 1447 regule

120 1472 232 1519 111111,
259 1454 409 1526 dupliciter
432 1457 552 1528 intelligi
569 1464 676 1528 potest,
702 1457 747 1514 rel
772 1458 801 1513 id
819 1458 895 1530 quod
913 1457 953 1511 di·
979 1463 1116 1534 quaedum
1136 1462 1229 1517 divim
1247 1462 1353 1534 Spiritu
1370 1461 1535 1532 applicatur,
1555 1463 1592 1517 ad
1609 1463 1678 1518 illud
1696 1462 1807 1517 omnino
1924 1514 1929 1521 .

119 1541 200 1607 citur,
216 1541 254 1596 ud
273 1543 347 1597 solos
358 1545 498 1614 apostolos
509 1545 657 1615 pertinere,
675 1545 720 1600 vel
735 1545 873 1615 apostolos
885 1551 952 1599 tunc
979 1551 1112 1622 pertinet,
1135 1550 1205 1604 alias
1223 1550 1322 1605 vitiosa
1340 1557 1413 1607 esset
1431 1549 1590 1621 applicatio.
1625 1549 1714 1621 Atqui
1731 1547 1809 1602 insti·

119 1635 281 1700 praesentes
309 1629 430 1694 moneri,
454 1637 488 1685 ut
504 1630 611 1687 iaciant
627 1632 672 1703 id,
698 1633 773 1704 qnod
797 1632 865 1704 ipsis
888 1649 951 1687 cum
980 1637 1049 1691 tutio
1080 1653 1175 1692 sacrae
1200 1653 1304 1692 coenae
1329 1642 1463 1708 tanquam
1491 1653 1587 1692 norma
1611 1642 1641 1691 et
1657 1636 1755 1708 regula
1770 1634 1806 1688 ad

117 1714 235 1786 reliquis
268 1714 398 1772 fidelibus
425 1717 461 1771 ad
490 1735 598 1773 sacram
620 1735 734 1775 coenam
757 1718 953 1775 accedentibus
980 1740 1085 1778 sacram
1113 1740 1227 1778 coenam
1250 1724 1280 1777 in
1301 1723 1479 1779 Corinthiaca
1501 1723 1620 1779 ecclesia
1640 1723 1808 1778 celebratam

118 1807 163 1857 est
191 1818 346 1857 commune.
388 1802 574 1859 Bellanninus
594 1805 686 1877 priore
707 1806 790 1861 modo
816 1805 952 1876 intelligit,
980 1809 1074 1865 divino
1104 1809 1210 1880 Spiritu
1235 1811 1272 1866 ab
1299 1811 1424 1881 apostolo
1452 1810 1616 1881 applicatur.
1663 1808 1739 1881 Ergo
1774 1807 1811 1863 ad

118 1888 189 1943 sols’s
206 1889 346 1959 apostolius
363 1890 397 1942 id
414 1906 473 1945 esse
491 1892 604 1956 dictum,
623 1892 673 1946 sed
690 1892 743 1947 hac
757 1891 864 1946 ratione
876 1890 954 1946 nulla
979 1898 1096 1953 eandem
1113 1897 1197 1953 etiam
1214 1898 1341 1968 pertinet,
1359 1905 1388 1954 et
1403 1916 1454 1970 per
1471 1914 1643 1969 consequens
1662 1896 1809 1959 momnes,

118 1982 213 2031 must
236 1974 345 2046 reliqua
368 1992 465 2033 sacrae
487 1994 590 2033 coenae
617 1978 767 2049 institutio,
793 1978 900 2033 nullum
917 1978 953 2033 de
979 2000 1050 2056 quae
1084 1984 1112 2038 iu
1149 1983 1276 2038 omnihus
1310 1984 1434 2039 eeclesiis
1468 1985 1711 2051 administrantur,
1748 1999 1809 2036 enm

117 2062 245 2134 ejusdem
261 2079 315 2116 usu
333 2063 502 2121 mandatum.
528 2063 655 2120 Dicimus
675 2082 751 2138 ergo,
768 2065 907 2138 apostolos
924 2064 953 2118 iu
978 2069 1100 2125 omnium
1131 2070 1169 2125 sit
1197 2071 1293 2126 ecdem
1324 2071 1404 2127 ratio.
1452 2078 1477 2125 b.
1500 2071 1578 2125 ldem
1611 2068 1752 2141 apostolus
1773 2067 1810 2121 ad

117 2151 209 2222 prirnn
243 2148 294 2203 illa
321 2166 409 2205 coena
435 2152 524 2206 ricem
557 2153 677 2224 gessisse
702 2152 825 2207 omnium
849 2169 953 2221 eorum,
979 2164 1065 2212 totam
1096 2155 1300 2212 Corinthiacum
1328 2156 1474 2211 ecclesiam
1500 2156 1641 2224 scribens,
1672 2155 1808 2225 integram

118 2237 222 2308 quibus
246 2252 333 2292 coena
355 2236 485 2292 instituta
505 2245 563 2307 est,
589 2239 652 2294 ideo
672 2240 833 2294 mandatum
851 2237 954 2295 Christi
980 2242 1081 2298 Christi
1096 2242 1297 2297 institutionem
1314 2244 1416 2313 repetit
1436 2251 1457 2299 1.
1476 2242 1538 2299 Cor.
1563 2250 1602 2307 11,
1614 2260 1640 2296 v.
1659 2246 1700 2297 23.
1713 2239 1809 2310 sicque

118 2322 276 2379 necessario
299 2322 494 2395 accipiendum
516 2341 576 2380 esse
603 2325 639 2380 de
663 2325 790 2381 omnibus
808 2326 879 2392 11111,
906 2325 953 2397 qui
980 2346 1011 2384 re
1028 2329 1089 2400 ipsa
1104 2329 1233 2398 ostendit,
1250 2329 1322 2383 hanc
1329 2327 1432 2383 Christi
1449 2329 1651 2384 institutionem
1670 2327 1754 2381 etiam
1774 2325 1811 2379 ad

119 2427 153 2466 ex
170 2409 274 2464 Christi
291 2411 423 2466 mandato
435 2410 611 2467 benedictum
624 2429 724 2482 panem
737 2414 766 2467 in
777 2429 858 2468 sacra
868 2426 955 2467 coena
981 2417 1066 2472 laicos
1088 2423 1222 2486 spectare.
1265 2415 1450 2486 Quoscunque
1480 2414 1621 2485 apostolus
1647 2414 1683 2467 ad
1711 2412 1812 2466 Christi

120 2497 298 2553 manducant
334 2497 374 2555 Ut
392 2515 459 2570 orgo
477 2500 639 2556 mandatum
657 2500 768 2570 Christi,
784 2517 873 2570 posce
892 2516 954 2553 oues
982 2503 1181 2559 institutionem
1207 2508 1334 2566 revocat,
1361 2502 1398 2555 ad
1421 2517 1468 2556 eos
1490 2501 1601 2556 omniuo
1618 2499 1719 2555 Christi
1737 2499 1813 2552 insti·

120 2603 213 2654 mccc,
243 2584 296 2640 soli
314 2584 398 2640 Petro
425 2584 538 2656 quidem
564 2586 659 2656 datur,
681 2586 711 2641 id
736 2585 846 2642 interim
863 2593 956 2641 tamen
981 2591 1052 2647 tutio
1069 2589 1196 2660 pertinet
1231 2588 1297 2644 lam
1316 2605 1381 2644 vero
1399 2586 1543 2658 apostolus
1561 2592 1649 2643 totam
1668 2585 1813 2659 eeclesiam

121 2671 157 2726 sd
189 2688 285 2727 omnes
315 2671 455 2743 apostolos
485 2679 516 2728 et
544 2672 678 2729 ecclesiae
700 2672 841 2730 ministros
863 2675 955 2745 (juxta
981 2675 1185 2734 0111111111111
1202 2674 1240 2729 ad
1257 2673 1360 2729 Christi
1370 2673 1573 2729 institutionem
1582 2679 1709 2736 revocat:
1723 2687 1814 2744 neque

121 2764 243 2814 notham
262 2758 441 2824 senteutiam,
466 2775 499 2814 ex
517 2759 680 2816 Bellarmini
699 2767 793 2817 autem
808 2759 955 2832 hypothesi
982 2764 1056 2821 enim
1081 2763 1146 2823 solis
1169 2760 1341 2834 presbyteris
1367 2759 1481 2826 scribit,
1509 2760 1564 2815 ssd
1595 2759 1731 2827 111111ιῖ11
1749 2759 1815 2824 Dei,

121 2846 157 2901 sd
186 2863 282 2902 omnes
303 2845 381 2901 Petri
406 2847 435 2900 in
461 2846 594 2904 cathedra
619 2847 746 2904 Romana
772 2849 954 2916 successores)
982 2869 1054 2923 quoe
1078 2859 1120 2906 eet
1147 2848 1289 2916 Corinthi,
1321 2846 1505 2918 soochficots‘s
1538 2846 1570 2901 a's
1599 2845 1711 2901 0111111
1735 2847 1816 2912 Jesu,

120 2933 257 3005 pertiuet3
280 2933 321 2987 ita
342 2932 408 2988 solis
433 2933 566 3004 apostolis
592 2934 622 2989 in
645 2952 726 2991 sacra
742 2952 829 2991 coena
846 2934 956 3004 dicitur,
982 2938 1088 2993 1111111
1104 2937 1224 3003 1111111,
1258 2953 1321 2989 cum
1344 2934 1483 2999 munibus,
1503 2933 1553 3002 qni
1568 2932 1702 2987 11111111
1717 2949 1816 2986 acmen

121 3019 205 3073 bibito
222 3036 256 3073 cc·
275 3019 327 3073 boc
345 3037 448 3089 111111,
466 3019 577 3076 interim
595 3027 690 3077 tamen
705 3021 744 3077 ad
755 3039 850 3078 omnes
860 3021 957 3077 fideles
985 3023 1105 3080 Domini
1129 3023 1221 3077 111111
1236 3022 1309 3074 Jcse
1325 3020 1434 3075 0111111
1455 3021 1486 3074 io
1511 3019 1588 3073 11111·
1605 3019 1681 3088 loco,
1709 3024 1731 3075 1.
1753 3016 1815 3074 Cor.

120 3105 249 3162 eoelestis
272 3104 357 3178 hujus
375 3106 498 3177 convivii
512 3107 621 3164 futuros
641 3108 765 3181 hospites
781 3125 879 3165 revera
895 3125 956 3179 per·
985 3118 1015 3179 1,
1034 3130 1061 3167 v.
1079 3117 1104 3167 2.
1138 3108 1215 3181 Ergo
1235 3106 1337 3162 Christi
1357 3106 1493 3163 institutio
1510 3106 1548 3161 ad
1564 3112 1653 3160 totam
1671 3105 1817 3161 ecclesiam

74 3197 108 3243 ss
120 3192 200 3250 tinet
237 3192 283 3250 Sic
301 3209 368 3265 ergo
385 3193 470 3250 habet
487 3202 611 3250 nostrum
624 3204 833 3268 argumentum:
853 3196 957 3267 „Quos
984 3196 1203 3265 Corinthiucam,
1226 3193 1282 3248 iuio
1304 3210 1338 3248 ex
1361 3193 1540 3263 consequenti
1564 3192 1601 3246 ad
1620 3208 1714 3246 omnes
1731 3192 1818 3245 eccle·

121 3295 235 3353 cunque
261 3277 387 3336 Christus
411 3281 441 3335 iu
467 3298 547 3337 saera
574 3300 660 3340 coena
674 3284 758 3354 jubet
776 3285 858 3340 edere
874 3283 957 3338 bene·
984 3286 1039 3340 sias
1066 3284 1192 3355 pertinet
1234 3286 1259 3335 6.
1284 3280 1314 3335 81
1340 3278 1484 3336 obvertere
1502 3279 1603 3341 velint,
1626 3279 1769 3347 apostoles
1786 3279 1817 3330 in

120 3366 229 3424 dictum
246 3383 420 3438 penemeos
441 3368 516 3440 ipsos
533 3386 628 3426 omncs
648 3371 770 3442 pariter,
789 3370 898 3426 nemine
912 3385 957 3424 ex·
981 3373 1080 3443 prim
1103 3366 1275 3422 institutione
1300 3367 1462 3434 designasse
1482 3367 1557 3419 solos
1576 3367 1749 3430 sacerdotes,
1772 3380 1817 3416 ur·

120 3460 214 3524 cepto,
227 3453 311 3524 jubet
326 3454 411 3509 etiam
430 3455 608 3512 benedictum
625 3457 721 3513 vinum
740 3456 843 3514 bibere.
870 3455 958 3526 Atqui
984 3474 1082 3531 gemus
1100 3455 1152 3510 boc
1170 3458 1381 3524 argumentum:
1403 3451 1472 3506 lllos
1495 3450 1681 3522 designabant
1698 3449 1817 3520 apostoli

119 3538 250 3597 Christus
270 3539 354 3611 jubet
375 3542 458 3598 edere
484 3544 637 3614 apostolos,
665 3544 714 3616 qui
741 3549 801 3598 tum
826 3542 958 3614 temporis
985 3545 1015 3599 in
1031 3541 1122 3614 prima
1139 3554 1237 3616 coena,
1263 3555 1382 3611 quorum
1399 3538 1522 3594 officium
1541 3544 1570 3592 11
1589 3554 1689 3591 munus
1706 3551 1817 3605 reprae-

120 3642 219 3683 omnes
245 3625 328 3699 hujus
351 3628 480 3685 coelestis
503 3630 623 3685 convivii
648 3629 771 3702 hospites
789 3629 899 3685 futuros
918 3646 960 3685 re·
986 3628 1142 3687 sentabunt.
1177 3625 1266 3697 Atqui
1290 3626 1537 3681 consacerdotum
1556 3630 1694 3696 quatenus
1712 3623 1817 3694 talium,

118 3713 347 3787 praesentabant
367 3715 443 3787 Ergo
459 3716 598 3787 apostolos
612 3723 702 3789 etper
712 3716 854 3788 apostolos
865 3734 959 3773 omnes
986 3718 1035 3774 sed
1069 3712 1259 3770 accedentium
1291 3713 1328 3766 ad
1362 3728 1470 3767 sacram
1496 3728 1610 3767 coenem
1639 3707 1762 3766 officium
1791 3717 1820 3765 et

119 3801 207 3873 hujus
226 3801 354 3857 coelestis
373 3801 495 3856 convivii
514 3802 637 3876 hospites
656 3803 764 3858 futuros
778 3803 861 3875 jubet
877 3805 959 3860 etium
987 3820 1086 3860 munus
1115 3801 1369 3872 repraesentabunt.
1408 3800 1484 3871 Ergo
1506 3815 1561 3853 non
1581 3797 1751 3865 sacerdotes,
1769 3797 1818 3852 sed

118 3886 245 3945 bibere.“
270 3886 554 3960 3.Conciduntigitur
561 3895 726 3961 argumenta·
734 3888 960 3962 1111111111,ᾳαί-
987 3893 1017 3947 in
1038 3904 1140 3963 genere
1157 3904 1252 3943 omnes
1269 3887 1306 3941 ad
1324 3902 1431 3941 sacrem
1451 3900 1565 3939 coenam
1586 3884 1750 3939 accedentes
1769 3883 1815 3938 de

119 3973 635 4031 busBellsrminusexcircumstantiis
643 3981 736 4031 textus
746 3976 960 4048 probsrecona-
987 3976 1145 4049 signabant.
1185 3974 1347 4029 Assumtum
1370 3972 1519 4043 probatur,
1551 3970 1618 4043 quia
1644 3970 1819 4025 sacerdotnm

119 4061 253 4132 tur,solis
267 4060 545 4132 apostolisaChristo
558 4077 618 4117 esse
628 4060 746 4117 dictum:
761 4063 856 4117 Bibs'te
865 4080 897 4117 cs
908 4064 960 4117 111
986 4070 1123 4138 qnatenus
1140 4061 1237 4116 talium
1256 4063 1301 4128 (ex
1323 4057 1471 4130 hypothesi
1490 4057 1636 4128 papistice)
1656 4055 1778 4111 officium
1792 4062 1821 4111 et

122 4164 226 4205 111111.
262 4146 369 4202 Demus
386 4149 460 4202 enim
480 4165 513 4204 ex
534 4145 703 4219 hypothesi,
726 4147 800 4204 solos
819 4148 961 4220 apostoles
987 4170 1086 4208 munus
1104 4155 1147 4207 est
1166 4147 1336 4218 sacrificare:
1355 4146 1528 4202 secerdotum
1545 4144 1742 4214 (ministrorum
1759 4160 1819 4198 ecc-

119 4233 490 4292 cumChristosnerumhoc
499 4233 657 4289 convivium
677 4234 832 4292 celebrasse
853 4239 959 4307 (quam
985 4239 1071 4296 lesiae
1106 4236 1257 4292 secundum
1294 4233 1407 4305 phrasin
1442 4231 1645 4304 evangelicam)
1681 4235 1818 4302 quatenus

120 4322 166 4378 111
193 4320 268 4377 forte
296 4337 352 4376 uon
383 4320 570 4393 improbabile
599 4321 649 4387 sit,
678 4322 907 4392 patremfamilias
931 4328 959 4376 et
986 4326 1083 4381 talium
1107 4322 1228 4391 officium
1251 4338 1284 4375 ac
1307 4338 1407 4374 munus
1431 4324 1490 4386 est,
1519 4317 1696 4373 benedictum
1719 4333 1820 4387 panem

119 4407 258 4481 quosdam
293 4407 458 4463 domesticos
490 4408 520 4462 in
552 4406 607 4461 illis
638 4408 769 4478 aedibus,
798 4411 828 4463 in
857 4409 960 4481 quihus
987 4418 1016 4467 et
1033 4410 1212 4466 benedictum
1229 4408 1324 4462 vinum
1343 4406 1524 4469 distribuere,
1547 4421 1616 4475 quas
1642 4409 1734 4474 partes
1752 4408 1819 4456 tunc

121 4493 249 4552 Christus
272 4493 393 4564 primum
415 4510 523 4549 sacram
543 4511 657 4550 menam
680 4493 845 4565 celebrarit,
869 4495 963 4557 eidem
987 4497 1112 4554 Christum
1132 4493 1353 4562 administrabat,
1373 4509 1430 4547 non
1450 4496 1543 4546 autem
1562 4489 1689 4560 apostoli.
1707 4489 1735 4545 Si
1755 4504 1820 4558 apo·

121 4580 248 4637 admotos
266 4578 377 4649 suisse);
395 4579 500 4651 demtis,
512 4580 577 4636 solis
595 4583 728 4653 apostolis
745 4590 813 4638 tunc
831 4598 959 4654 praesen·
987 4583 1051 4639 stoli
1075 4587 1328 4654 repraesentassent
1345 4579 1517 4645 sacerdotes,
1541 4591 1711 4647 consequeus
1728 4573 1821 4645 fuerit,

121 4666 197 4723 tibus
216 4672 246 4722 et
263 4682 370 4722 sacrm
390 4683 506 4722 coenum
524 4668 758 4741 participantibus
769 4669 877 4724 dictum
892 4686 962 4739 esse,
988 4670 1073 4726 etiam
1097 4667 1211 4723 clericos
1234 4684 1291 4722 non
1311 4664 1488 4720 conficientes
1506 4663 1608 4718 debere
1626 4680 1660 4717 ex
1676 4661 1762 4715 calice
1781 4660 1822 4716 bi·

122 4754 205 4810 bibite
222 4770 257 4808 11
272 4754 324 4808 111
343 4771 455 4821 omacc‚·
477 4754 588 4810 interim
605 4762 702 4811 manet
719 4755 786 4829 hoc,
803 4757 879 4831 quod
896 4774 962 4827 upo-
989 4758 1062 4812 bere.
1104 4754 1281 4825 Consequens
1313 4769 1369 4806 non
1395 4749 1553 4805 concedunt
1577 4747 1724 4803 Pontificii.
1775 4746 1822 4805 811

122 4839 187 4898 stoli
202 4839 294 4895 ricem
311 4841 451 4913 gesserint
467 4841 553 4896 totius
576 4842 725 4913 ecclesiae,
740 4856 806 4899 oum
821 4840 961 4899 institutio
988 4860 1055 4914 ergo
1082 4841 1290 4896 concludimus:
1325 4837 1470 4903 Quomodo
1488 4837 1606 4908 apostoli
1619 4833 1823 4906 participarunt

122 4944 220 4985 neree
235 4942 339 4983 coenae
355 4945 411 4983 non
429 4928 502 4984 solos
521 4929 674 5000 apostolos,
698 4928 749 4985 sed
766 4934 855 4987 totum
873 4931 961 4986 eccle-
989 4944 1095 4984 sacram
1122 4943 1253 4993 coenam,
1283 4925 1394 4995 qnando
1422 4941 1477 4979 non
1501 4923 1615 4978 fuerunt
1631 4918 1822 4989 conficientes:

123 5014 191 5071 u’am
217 5018 342 5087 spectet,
364 5031 456 5086 neque
482 5015 555 5069 enim
582 5016 666 5071 aliam
686 5032 801 5073 coenam
819 5018 961 5089 apostolis,
989 5016 1086 5071 eodem
1113 5014 1196 5069 ctiam
1215 5013 1296 5067 modo
1314 5011 1379 5065 laici
1398 5027 1505 5065 sacram
1522 5025 1635 5065 coenam
1653 5006 1822 5077 participare

123 5102 207 5159 ulium
228 5099 346 5172 reliquis
368 5100 499 5156 fidelibus
518 5101 644 5157 Christus
665 5103 799 5174 institnit,
825 5105 874 5160 sed
892 5104 962 5159 haec
988 5102 1098 5157 dehent.
1136 5099 1219 5154 Ratio
1242 5104 1297 5154 est:
1322 5098 1390 5169 quia
1413 5098 1485 5153 inter
1511 5094 1667 5150 sacerdotes
1685 5110 1740 5147 non
1758 5108 1822 5147 con·

121 5187 183 5261 ipsa
206 5186 346 5242 institutio
365 5185 512 5242 adomnia
534 5187 667 5244 ecclesiae
689 5191 961 5261 membrapertiuet,
989 5187 1112 5242 ficientes
1141 5192 1170 5240 et
1193 5183 1280 5239 laicos
1297 5189 1424 5253 respectu
1441 5179 1641 5237 communionis
1670 5183 1713 5245 (ex
1734 5179 1821 5249 hypo-

124 5292 194 5349 quae
208 5274 291 5346 juxta
307 5273 432 5344 regulam
451 5274 633 5346 apostolicam
649 5276 770 5347 probare
790 5294 820 5332 se
838 5282 961 5347 possunt.
989 5275 1060 5330 thesi
1092 5274 1175 5328 111111
1202 5269 1425 5335 Ρ111111111111111)
1452 5268 1559 5322 nullum
1589 5272 1633 5321 est
1663 5266 1821 5333 discrimen,

123 5358 168 5417 811
181 5376 252 5434 ergo
267 5366 511 5432 argumentamur:
546 5360 637 5427 Quam
657 5360 714 5416 late
733 5368 814 5433 patet
826 5362 962 5417 institutio
989 5378 1053 5416 cum
1076 5359 1201 5429 utrisque
1222 5372 1308 5411 unam
1332 5353 1503 5410 solummodo
1530 5352 1652 5424 speciem
1673 5351 1823 5407 exhibeant

123 5464 218 5505 111111
252 5462 369 5516 coenae,
406 5453 463 5501 tam
493 5448 550 5502 late
580 5447 665 5502 etiam
698 5454 778 5520 patet
802 5448 962 5503 mandatum
990 5454 1019 5503 11
1046 5444 1231 5502 exhibendam
1258 5446 1397 5498 censeant
1448 5437 1514 5495 lam
1548 5455 1614 5495 vero
1643 5437 1763 5510 apostoli
1794 5436 1824 5492 in
1837 5457 1863 5499 x
1876 5455 1909 5497 11.

120 5533 240 5604 Christi,
269 5534 353 5588 bibite
379 5550 412 5588 es
436 5534 489 5588 boc
516 5552 622 5603 ornnes,
650 5537 710 5606 jam
739 5551 805 5592 vero
826 5535 963 5592 institutio
989 5533 1080 5607 prima
1100 5547 1200 5598 coena,
1223 5528 1335 5602 qnando
1357 5544 1413 5583 non
1433 5526 1547 5582 luerunt
1568 5525 1764 5594 conficientes,
1789 5540 1823 5580 oo

123 5638 219 5682 use
233 5634 340 5680 1111111
355 5622 415 5676 tum
431 5619 488 5677 hate
504 5626 600 5693 patet,
619 5627 654 5679 ut
670 5636 728 5679 nou
745 5622 787 5679 ad
805 5621 878 5679 solos
896 5638 963 5695 apo·
990 5621 1074 5678 modo
1090 5618 1143 5676 hoc
1159 5620 1363 5687 sementum
1381 5612 1591 5686 ptrficimfflnt
1609 5616 1642 5667 ut
1660 5626 1717 5666 ⁰⁰¹²
1731 5610 1820 5667 ”lum
