4004 6022
751 202 755 223 t
835 166 888 222 Du
906 163 1098 224 nachael&
1748 179 1807 236 tet

113 319 211 375 simam
232 323 409 391 pmeatomm
425 320 614 377 immanem
631 319 757 377 conferre
775 320 893 388 docent,
921 328 949 376 et
976 322 1037 374 rius
1072 323 1144 377 XII.
1180 321 1353 375 Benedictus
1380 321 1472 377 XIII.
1500 328 1558 374 tum
1587 322 1701 391 miden
1728 329 1813 394 prust

113 412 205 460 tamen
232 404 359 460 dubitare
385 405 421 461 de
448 406 650 463 condonatione
672 406 782 476 jubent.
830 412 869 462 11.
895 405 950 460 Per
976 408 1122 461 schismate
1147 415 1187 461 cst
1209 408 1330 461 ecctoeia
1347 405 1456 460 Cimbii
1474 407 1633 461 dilacerata
1651 417 1677 463 et
1696 411 1726 464 in
1740 429 1811 480 par·

114 491 272 545 doctrinam
291 491 478 544 destitutiones
493 497 622 546 evomunt
634 491 803 562 hypothesin
814 491 950 546 desalute
977 502 1017 545 tes
1040 494 1169 546 dmsmta.
1213 492 1342 558 Quinimo
1365 492 1425 562 ipse
1448 492 1633 548 Bellarminus
1652 512 1707 548 non
1726 498 1811 554 audet

114 584 191 631 certa
210 593 243 631 ex
261 577 398 645 operibus,
415 577 451 631 de
468 578 658 642 absolutione,
684 578 718 633 ds
737 595 801 647 spe,
829 578 864 632 de
883 578 949 632 dile·
977 578 1028 632 hoc
1047 595 1165 648 negare,
1188 579 1228 632 sic
1245 578 1318 632 enirn
1337 579 1433 633 scribit
1450 579 1566 648 praefat
1586 580 1614 632 in
1634 589 1756 637 controv.
1775 584 1811 639 ds

114 664 206 717 ctione
225 663 285 716 Dei.
324 669 362 718 18.
388 662 510 732 Decent,
540 665 676 717 bominem
700 665 865 733 praeceptis
892 663 951 717 Dei
976 663 1092 718 Roman.
1109 663 1222 733 pontif:
1260 666 1326 718 Non
1344 666 1492 733 ipnoratis,
1511 683 1581 733 quas
1601 669 1763 734 tragoedias
1780 671 1811 724 in

114 749 251 816 integram
277 749 462 802 obedientiam
482 758 632 818 praestare
650 766 750 819 posse,
776 750 868 821 quoad
887 749 950 804 sub·
976 749 1095 803 scalena
1116 751 1300 819 imperatores
1320 751 1484 819 mcitarunt,
1503 759 1529 804 ct
1545 753 1706 819 quantam
1716 771 1811 823 paroc
1921 773 1923 781 ¹

114 834 245 888 stantiam
272 835 428 903 praecepti,
455 853 510 890 non
535 834 626 906 quoad
645 835 826 890 intentionem
844 835 950 905 praeci·
974 836 1111 900 suisscat,
1137 837 1254 889 addidit
1277 836 1369 889 Satan
1387 838 1531 889 Romarms
1545 837 1694 905 pontifices
1712 848 1811 894 contra

113 919 232 989 pientia,
250 936 313 973 cum
332 920 449 973 intentio
466 919 608 989 praecepti
630 919 700 973 nihil
719 921 794 975 aliud
814 921 851 975 sit
867 938 949 992 quarn
974 923 1120 989 pontifices
1150 940 1325 978 commouere.
1370 922 1458 993 Atqui
1490 923 1515 976 si
1542 922 1688 992 pontifices
1716 933 1812 980 contra

113 1004 198 1076 plena
214 1004 348 1074 perfectio
366 1006 513 1075 praecepti.
546 1008 586 1059 19.
607 1007 781 1074 Efficacianr
799 1008 949 1061 missarum
976 1006 1120 1076 pontifices
1141 1009 1367 1074 commotisunt,
1386 1009 1523 1079 quomodo
1540 1009 1632 1064 omnia
1649 1011 1810 1080 pontificum

113 1092 144 1145 in
172 1091 329 1145 liberandas
360 1109 392 1145 cc
412 1092 582 1161 purgatoria
612 1093 760 1145 animairrs
777 1094 895 1163 Jactant,
920 1100 950 1147 et
976 1092 1087 1146 demate
1107 1093 1300 1163 consentiunt?
1335 1093 1492 1148 Merenda
1509 1100 1552 1148 est
1572 1094 1608 1148 ad
1628 1094 1702 1149 hunc
1719 1096 1811 1151 locum

56 1239 58 1243 Α
115 1177 223 1232 interim
241 1176 388 1242 affirmant,
408 1177 541 1247 plurimas
559 1177 665 1232 animas
684 1180 828 1248 majorum,
846 1179 949 1250 quibus
977 1178 1129 1247 disputatio
1146 1178 1255 1232 Erasini
1276 1179 1304 1233 in
1323 1186 1416 1234 annot.
1440 1187 1461 1235 1.
1481 1178 1543 1234 Cor.
1566 1188 1589 1236 7.
1608 1198 1672 1252 pag.
1694 1189 1752 1238 32!
1781 1182 1811 1238 Si

114 1270 155 1317 tot
179 1262 280 1317 missae
307 1263 431 1317 cob'mtae
454 1271 536 1329 eunt,
566 1263 596 1317 in
618 1263 781 1334 purgatorio
806 1265 949 1319 desudare.
976 1280 1071 1317 verum
1102 1273 1158 1331 est,
1201 1264 1275 1334 quod
1304 1264 1418 1335 quidam
1450 1274 1622 1334 asseverant,
1654 1266 1811 1322 Romanum

116 1351 162 1404 20.
178 1350 396 1402 Matrimonium
408 1349 504 1401 dicunt
516 1364 577 1401 asse
587 1359 797 1418 sacamentum,
818 1358 847 1405 et
858 1357 950 1406 tamen
975 1348 1133 1418 pontificem
1153 1365 1243 1404 errore
1261 1349 1389 1419 judiciali
1408 1368 1462 1404 non
1480 1368 1561 1420 posse
1576 1369 1699 1423 unquam
1711 1371 1810 1423 errare,

116 1433 309 1489 ecclesiasticis
342 1435 466 1503 personis
496 1434 668 1489 matrimonio
703 1435 885 1503 interdicunt,
916 1453 948 1491 eo
976 1435 1043 1505 quid
1069 1451 1140 1505 opus
1162 1434 1339 1505 generalibus
1357 1435 1494 1505 conciliis,
1521 1437 1589 1507 quid
1608 1455 1678 1508 opus
1695 1439 1725 1491 in
1744 1455 1808 1494 con·

116 1519 190 1590 quod
211 1519 352 1575 sanctitati
377 1520 467 1573 minus
496 1519 649 1574 conveniat
690 1524 734 1574 21.
759 1521 879 1575 Sanaos
901 1522 948 1576 dc·
975 1520 1069 1574 cilium
1087 1536 1229 1575 accersere
1244 1521 1450 1589 jureconsultos
1470 1539 1504 1575 ac
1519 1521 1664 1595 theologos
1677 1525 1809 1594 eruditos,

116 1613 180 1660 cent
206 1606 298 1667 fuisse
320 1605 505 1672 humillimas,
529 1613 557 1660 et
581 1611 678 1660 contra
702 1605 813 1677 fingunt
838 1607 948 1662 eosdem
975 1607 998 1659 si
1021 1605 1200 1676 pronuntians
1224 1606 1281 1661 labi
1307 1624 1363 1661 non
1387 1607 1495 1677 possit?
1522 1624 1571 1662 eur
1593 1608 1674 1663 datus
1700 1617 1742 1665 est
1760 1628 1808 1681 ap

115 1695 173 1744 tam
194 1689 368 1760 ambitiosos,
395 1698 426 1744 ut
442 1708 471 1745 se
489 1689 599 1760 templis
619 1697 648 1745 et
664 1691 720 1744 aris
738 1692 837 1762 dignos
855 1709 948 1747 cenae
975 1692 1116 1760 pallationi
1146 1693 1223 1745 locus
1253 1693 1297 1746 vel
1329 1693 1365 1745 ad
1390 1693 1541 1762 synodum,
1569 1692 1613 1747 vel
1637 1694 1809 1751 adeundam

117 1783 167 1831 ant
189 1782 216 1832 et
241 1793 292 1847 pro
315 1776 528 1846 opitulatoribus
555 1777 607 1831 coli
630 1795 749 1849 suasque
774 1779 950 1850 reliquisset
974 1777 1077 1833 rectius
1099 1777 1239 1845 edoctum,
1264 1783 1445 1856 posteaquam
1470 1779 1555 1833 semel
1578 1780 1613 1834 de
1637 1796 1722 1834 causa
1746 1799 1808 1851 pro·

117 1862 252 1933 imagines
268 1862 377 1917 morari
394 1863 487 1919 velint.
519 1869 560 1918 22.
570 1863 716 1932 iactitant,
734 1881 764 1917 se
778 1866 808 1918 ia
820 1865 949 1919 cancdiis
976 1863 1114 1916 nuntiarit
1131 1862 1274 1933 pontifex?
1311 1879 1442 1933 quorsum
1467 1864 1567 1919 attinet
1593 1871 1634 1919 tot
1653 1864 1810 1922 academias

117 1949 178 2014 reci
200 1967 219 2000 a
244 1948 356 2016 Spsis‘tu
373 1967 396 2001 s.
422 1954 451 2002 et
468 1953 560 2003 tamen
578 1966 633 2004 non
651 1956 784 2004 curante
802 1950 908 2020 Spiritu
927 1968 947 2004 s.
975 1950 1005 2003 in
1026 1948 1179 2003 tractandis
1205 1947 1271 2004 fidei
1298 1948 1388 2003 causis
1412 1950 1593 2020 distorqueri,
1620 1968 1683 2005 cum
1702 1968 1735 2006 ex
1753 1970 1810 2009 uno

117 2032 277 2101 inspiratam
293 2032 473 2103 Scripturam.
498 2038 538 2089 23.
552 2032 783 2089 Garriuntmulta
796 2037 830 2088 de
843 2037 948 2102 infuss's
976 2033 1106 2104 pontifice
1131 2035 1205 2105 quod
1229 2052 1324 2089 verum
1353 2043 1395 2090 est
1421 2036 1519 2091 audire
1548 2037 1652 2092 licem?
1683 2039 1738 2092 imo
1761 2039 1810 2110 qui

71 2179 73 2184 ,
117 2120 314 2188 qrsatitatr'brn,
353 2135 417 2172 cum
444 2124 519 2173 totus
549 2134 644 2173 eorum
670 2118 895 2174 Christianismus
921 2121 950 2173 in
976 2119 1019 2187 fit,
1047 2128 1079 2174 ut
1101 2118 1239 2189 pontificis
1261 2119 1345 2189 hujus
1371 2121 1482 2176 decreta
1505 2139 1569 2175 cum
1594 2123 1667 2177 illius
1685 2132 1812 2195 pugnent

118 2205 237 2261 externis
260 2205 360 2259 ritibus
387 2205 424 2259 sit
447 2205 524 2259 situs.
567 2207 611 2258 21.
636 2205 811 2272 Relipionsm
831 2207 950 2274 difficil-
977 2205 1112 2260 decretis?
1140 2205 1180 2261 Ut
1196 2205 1269 2260 enim
1289 2212 1397 2259 taceam
1414 2207 1449 2260 de
1467 2206 1608 2272 formoso,
1626 2224 1717 2264 nonne
1738 2225 1812 2281 papa
1825 2219 1871 2262 111.
1886 2219 1918 2261 tu

118 2291 214 2344 limam
233 2298 262 2344 et
280 2290 479 2360 inmutabilem
491 2291 622 2357 seciam,
648 2290 714 2360 quia
730 2290 868 2345 homiuem
888 2309 950 2362 pro·
976 2291 1118 2346 iohannes
1142 2290 1238 2345 XXII.
1262 2297 1290 2346 et
1313 2289 1444 2347 Nicolaus
1469 2292 1587 2348 decretis
1609 2295 1675 2348 totis
1694 2296 1766 2351 inter
1782 2313 1812 2352 se

120 2376 185 2446 priis
218 2376 275 2430 suis
304 2376 434 2446 operibus
463 2391 556 2430 coram
580 2375 640 2429 Deo
666 2374 814 2445 justificari
842 2377 952 2444 volunt3
979 2383 1114 2448 pugnant,
1133 2377 1216 2447 idque
1235 2377 1264 2431 in
1283 2376 1334 2445 bis,
1355 2393 1426 2447 quae
1443 2377 1573 2431 videntur
1589 2379 1626 2432 ad
1644 2378 1710 2435 fidei
1727 2398 1810 2453 nego·

119 2463 236 2517 eandem
257 2461 420 2516 facillimam
437 2462 559 2528 famant,
587 2461 652 2530 quia
672 2467 811 2516 externam
831 2462 952 2531 discipli·
978 2464 1046 2517 tium
1066 2461 1223 2531 pertinere?
1246 2477 1362 2532 quarum
1381 2462 1452 2516 alter
1469 2462 1601 2518 Nicolans
1619 2464 1670 2518 111.
1689 2483 1811 2536 pronun-

119 2549 300 2603 namhabent
311 2564 361 2617 pro
374 2548 484 2618 justitia
502 2564 595 2602 coram
608 2546 670 2601 Deo
681 2546 800 2617 valente,
819 2548 951 2618 originale
969 2547 1059 2603 tiasit
1069 2547 1265 2616 judicialiter,
1292 2546 1451 2602 utiliorum
1469 2564 1517 2603 ore
1534 2548 1647 2619 loquar,
1672 2549 1812 2605 Carnam
1858 2587 1862 2591 -

120 2643 263 2704 peccatum
283 2635 313 2687 in
331 2634 434 2688 renatis
453 2638 599 2703 peccatum
618 2648 678 2686 sese
696 2638 811 2703 negant,
836 2633 871 2687 de
890 2650 951 2705 gra-
978 2643 1004 2686 ct
1032 2633 1177 2702 apostolos
1202 2633 1274 2686 aaa
1300 2634 1427 2687 tamam
1452 2652 1502 2688 asc
1526 2636 1556 2688 in
1575 2653 1729 2706 commune,
1761 2654 1812 2692 nac

118 2721 157 2776 tia
172 2720 227 2776 Dei
254 2720 382 2774 dubitare
405 2720 522 2790 jubent,
552 2718 628 2789 quod
654 2717 782 2772 omnibus
807 2717 886 2772 nobis
910 2726 953 2772 est
976 2719 1108 2786 menam
1144 2723 1179 2784 (c.
1211 2717 1277 2773 exiit
1305 2718 1341 2772 de
1376 2717 1522 2773 verborum
1551 2720 1753 2792 significatione
1781 2723 1812 2777 in

118 2807 257 2874 innatum,
284 2805 377 2860 omnia
399 2805 537 2862 collocant
559 2804 588 2858 in
606 2804 725 2859 externis
745 2803 844 2859 ritibus
862 2810 890 2859 et
909 2821 951 2858 ce·
978 2810 1080 2872 sexto);
1105 2803 1175 2858 alter
1201 2804 1364 2872 (iohannes)
1387 2812 1484 2859 contra
1502 2808 1664 2876 pronuntiat
1681 2806 1813 2865 habuisse

118 2891 262 2960 remoniis,
284 2907 353 2961 quas
371 2889 454 2944 facile
471 2897 513 2945 est
530 2897 687 2959 praestare,
715 2898 891 2943 commenta
911 2890 952 2942 di-
980 2895 1014 2955 (c.
1039 2907 1102 2944 cum
1124 2890 1198 2943 inter
1215 2897 1282 2945 extr.
1305 2889 1340 2943 ds
1359 2890 1504 2946 verborum
1523 2892 1743 2963 significatione).
1778 2895 1813 2948 Id

119 2986 186 3035 cunt
212 2995 271 3032 esse
294 2969 436 3031 ralataiia
461 2978 545 3030 etiam
569 2979 627 3030 sinc
651 2978 721 3030 bona
743 2985 819 3030 motu
843 2977 952 3045 uicum,
980 2994 1012 3030 ex
1042 2976 1164 3046 ipsorum
1189 2975 1433 3046 extravagantibus
1460 2976 1525 3031 licet
1553 2994 1732 3049 cognoscere,
1762 2981 1811 3035 sed

121 3066 225 3133 dicunt,
243 3066 276 3117 id
296 3081 375 3119 omne
394 3080 452 3116 esse
467 3065 530 3116 Deo
548 3072 660 3131 pratum
672 3064 783 3126 mitum
802 3065 879 3132 quod
890 3064 952 3132 quis
980 3062 1093 3133 propius
1111 3060 1146 3116 ad
1164 3060 1206 3129 id,
1235 3060 1309 3131 quod
1327 3060 1371 3114 bic
1392 3061 1515 3131 agimus,
1534 3061 1615 3127 facit,
1633 3065 1707 3134 quod
1728 3065 1810 3119 Iuno·

118 3153 193 3217 facit
221 3152 293 3205 bana
320 3151 484 3214 inundans,
519 3148 646 3203 indicunt
671 3148 867 3203 satisfactionis
892 3149 953 3203 loco
979 3148 1085 3204 centius
1102 3146 1154 3201 111.
1175 3163 1208 3201 ac
1226 3145 1398 3201 Caelestinus
1419 3146 1453 3202 de
1468 3148 1642 3203 matrimonio
1659 3150 1813 3206 dirimendo

120 3254 205 3308 opera
224 3236 344 3305 ludicra,
373 3234 467 3306 qualia
486 3242 552 3288 sunt
569 3249 667 3289 curare
686 3233 793 3304 aliquot
812 3234 872 3289 fieri
889 3235 953 3288 mis·
980 3250 1091 3304 prorsus
1109 3231 1264 3302 pugnantia
1281 3230 1460 3295 definierunt,
1485 3250 1601 3303 quorum
1620 3233 1664 3288 hic
1679 3237 1727 3306 jus
1744 3235 1813 3289 facit

120 3341 178 3393 aas,
210 3323 276 3377 dare
305 3323 508 3391 eleemosynam
534 3321 643 3375 duobus
666 3319 711 3374 vel
734 3319 824 3374 tribus
847 3321 953 3392 diebus,
980 3319 1060 3374 alteri
1080 3319 1228 3387 conjugum
1250 3318 1350 3371 iterare
1368 3318 1578 3388 matrimonium,
1600 3321 1623 3374 si
1641 3321 1711 3375 alter
1728 3320 1814 3375 iussit

121 3411 227 3480 aliquot
254 3408 339 3463 Pater
366 3415 459 3462 noster
483 3414 532 3461 aut
550 3408 611 3461 Ave
637 3406 726 3460 Maria
751 3406 954 3463 demurmurare
980 3407 1009 3460 in
1025 3403 1152 3459 hameein
1170 3402 1323 3472 prolapsus.
1359 3401 1536 3457 Innocentius
1555 3411 1654 3477 negat,
1680 3406 1812 3475 quemad·

121 3503 174 3552 etc.
194 3496 313 3566 denique
331 3494 355 3548 si
373 3492 434 3564 quis
453 3493 529 3548 nulla
547 3492 629 3562 plane
647 3492 750 3546 babeat
768 3490 842 3547 bona
861 3509 954 3569 opera,
981 3490 1093 3545 modum
1120 3488 1238 3558 legimus
1269 3485 1339 3541 libro
1368 3486 1547 3543 decretalium
1580 3497 1678 3560 quarto
1709 3491 1751 3545 tit.
1777 3490 1812 3546 de

122 3600 185 3637 eum
212 3581 310 3636 dicunt
335 3578 512 3633 nibilominus
541 3595 591 3647 per
620 3577 822 3648 indulgentias,
852 3579 954 3632 misem
981 3575 1105 3631 divortfis
1123 3590 1146 3627 c.
1163 3572 1280 3636 Quanto.
1311 3570 1371 3628 Nec
1388 3572 1445 3626 illic
1457 3573 1613 3628 dimimulat
1624 3575 1811 3645 Innocentius,

121 3669 316 3722 monachorum
341 3673 370 3721 et
390 3673 551 3719 sanctarum
572 3665 674 3718 merita
698 3671 726 3718 et
750 3680 837 3732 opera
858 3681 954 3732 supcr-
980 3661 1119 3734 quendam
1160 3659 1399 3728 praedecessorem
1439 3676 1520 3712 suum
1561 3674 1640 3713 secus
1675 3662 1812 3730 statuisse,

122 3754 292 3824 erogationis
324 3751 424 3806 salvmi
453 3767 544 3820 posse.
596 3753 642 3806 25.
670 3749 829 3818 Relipianis
856 3767 954 3804 curans
981 3747 1167 3803 Caelestinum
1183 3744 1317 3812 indicans,
1335 3748 1366 3797 ut
1379 3752 1495 3814 apparet
1507 3745 1812 3817 glossema-declarans,

121 3839 296 3896 committunt
326 3853 415 3908 papae
445 3843 474 3890 et
501 3835 654 3905 episcopis,
690 3834 738 3904 qui
768 3833 838 3888 nihil
864 3835 954 3889 minus
981 3832 1131 3889 Coelesfini
1157 3846 1241 3900 super
1265 3828 1318 3883 hae
1343 3846 1373 3883 re
1395 3829 1619 3885 constitutionem
1642 3831 1707 3885 olim
1731 3834 1812 3888 exsti-

122 3943 206 3997 quum
229 3924 362 3995 pietatem
389 3929 417 3978 et
437 3921 598 3992 religionem
616 3929 723 3976 curam.
761 3919 955 3990 ”Onupbrius
980 3921 1046 3976 tisse
1073 3918 1101 3972 in
1127 3913 1312 3972 decretalibus
1333 3914 1396 3968 libr.
1420 3920 1443 3970 3.
1468 3916 1550 3970 titulo
1575 3917 1610 3971 de
1636 3920 1814 3975 conversione

122 4013 240 4082 triginta
265 4010 416 4064 schanan
437 4010 509 4062 inter
533 4005 679 4077 pontifices
703 4005 844 4063 Romanos
868 4007 954 4062 conti·
981 4003 1134 4061 infidelium
1157 4003 1185 4056 in
1203 4000 1267 4055 fine.
1305 3999 1372 4055 Ideo
1390 4000 1478 4070 magia
1495 3999 1641 4055 vmieimile
1657 4011 1713 4068 est,
1738 4005 1814 4076 quod

29 4105 61 4148 11
76 4105 108 4146 tt
122 4099 197 4171 gissa
220 4096 332 4164 scribit;
360 4093 538 4165 stapletonus
554 4093 647 4148 relect
669 4092 783 4163 princip.
801 4092 848 4149 fid.
868 4100 954 4148 contr.
981 4090 1121 4146 istiurlus
1138 4086 1312 4159 paucissimis
1329 4091 1438 4140 constet
1454 4085 1608 4156 capitibus,
1626 4095 1658 4142 ut
1673 4089 1814 4160 intelligas

125 4192 145 4239 1.
175 4189 282 4253 quaest.
306 4189 331 4238 s.
356 4180 464 4235 unicu
489 4184 514 4234 s.
539 4178 785 4248 uniusquisque
809 4178 956 4235 amman
981 4193 1043 4233 esse
1068 4176 1249 4229 sesmarum.
1295 4170 1372 4236 (Huc
1396 4170 1529 4239 pertine,
1557 4171 1631 4242 quoa
1655 4173 1814 4243 Alphonsus

122 4275 266 4325 enumerat
288 4273 372 4338 atque
391 4265 482 4333 addit,
510 4263 585 4335 quod
608 4265 702 4318 omnia
714 4265 828 4332 parr'tcr
845 4283 955 4333 compu-
983 4265 1018 4318 ds
1037 4261 1137 4317 Castro
1163 4258 1211 4313 lib.
1232 4265 1253 4312 1.
1275 4263 1372 4311 contra
1386 4255 1490 4311 haeres.
1510 4274 1534 4313 c.
1553 4264 1578 4313 4.
1598 4257 1696 4328 refert,
1720 4277 1749 4313 ss
1767 4263 1814 4313 da·

123 4364 182 4408 tata
201 4374 257 4408 noa
283 4353 406 4422 amplius
430 4352 577 4418 conficiant
596 4368 680 4419 quam
696 4367 787 4403 annos
805 4360 912 4404 centum
931 4360 956 4405 ct
982 4357 1087 4404 arnum
1109 4346 1185 4401 ittae
1211 4343 1363 4397 Caelestini
1386 4343 1517 4410 uidisse.)
1562 4343 1711 4400 Praeterea
1736 4345 1815 4402 Pela·

122 4441 223 4509 siqinti
248 4446 369 4510 qrmtuor
393 4446 418 4491 st
444 4453 549 4490 mensas
574 4437 676 4492 decem
715 4435 803 4501 Quasi
821 4453 887 4491 vero
903 4435 955 4491 hoc
983 4437 1059 4507 gius,
1088 4437 1120 4487 ut
1142 4436 1233 4487 exstat
1256 4429 1285 4482 in
1311 4429 1429 4484 decretis
1452 4428 1816 4488 camedonensem

123 4543 179 4581 non
202 4525 238 4580 sit
261 4522 392 4593 temporis
417 4521 481 4592 plus
506 4520 586 4589 satis,
616 4538 671 4592 quo
689 4521 816 4576 Romana
841 4522 957 4577 ecclesia
983 4521 1132 4577 cassinium
1160 4515 1354 4582 constituerat,
1383 4522 1414 4570 ut
1438 4514 1624 4585 hypodiaconi
1646 4515 1756 4574 Siciliae
1779 4519 1815 4574 ab

123 4613 178 4666 fuit
196 4611 278 4683 plane
298 4608 450 4680 ἀκέφαλος,
471 4608 536 4678 quia
555 4608 657 4661 dubius
672 4607 888 4676 populabatur
903 4625 957 4676 pro
983 4606 1114 4664 uxoribus
1132 4601 1316 4664 abstinerent,
1337 4618 1406 4670 quas
1427 4607 1491 4657 ante
1508 4603 1732 4659 constitutionem
1749 4605 1818 4676 legi-

99 4716 180 4767 ‚non
201 4714 298 4766 papa,
323 4702 354 4750 ut
378 4693 475 4748 scribit
493 4693 678 4748 Bellarminus
699 4693 745 4749 lib.
766 4700 789 4748 2.
808 4693 843 4747 de
860 4694 957 4749 concil.
983 4695 1049 4751 time
1074 4693 1217 4747 duxerunt
1256 4685 1289 4740 Id
1315 4686 1456 4742 decretum
1473 4687 1549 4741 velut
1567 4687 1691 4760 iniquum
1708 4697 1736 4745 et
1754 4707 1817 4745 cum

125 4801 147 4838 c.
177 4790 216 4840 19.
239 4800 310 4852 resp.
336 4781 371 4834 ad
396 4786 420 4834 3.
441 4796 548 4850 argum.
586 4777 619 4831 ld
638 4779 727 4848 ipsum
746 4780 873 4849 umescit
892 4778 955 4834 Glo-
984 4778 1143 4851 evangelico
1167 4791 1297 4846 pugnans
1320 4781 1469 4844 praecepto
1493 4781 1625 4831 reuectat
1652 4784 1680 4831 et
1699 4778 1818 4850 abrogat

125 4870 197 4923 sian.
218 4867 329 4939 quando
347 4866 376 4920 in
394 4865 442 4921 lib.
464 4865 498 4920 de
519 4864 665 4920 schismate
681 4882 708 4934 p.
728 4871 785 4921 181.
798 4865 838 4919 sic
850 4865 958 4920 scribit:
985 4865 1136 4937 Gregorius
1166 4864 1225 4932 ejus
1251 4859 1370 4915 nominis
1393 4858 1511 4929 primus,
1542 4861 1590 4931 qui
1615 4861 1731 4932 Pelagio
1757 4880 1817 4918 sne·

128 4955 254 5010 &biam
285 4953 442 5021 ambipuum
472 4952 663 5006 Christianum
692 4951 786 5005 orbem
812 4953 960 5020 acmessit,
985 4952 1075 5020 cessit,
1090 4954 1224 5015 statuens,
1244 4955 1272 5000 ut
1291 4946 1471 5015 inposterum
1491 4949 1596 5000 nemini
1612 4949 1654 5000 ad
1669 4964 1731 5000 cum
1741 4951 1817 5003 ordi·

126 5042 241 5110 quanda
263 5039 337 5093 auur
353 5038 483 5108 pontisas
501 5038 622 5099 Rornae,
647 5036 720 5089 alter
739 5038 883 5091 Avenionc
903 5054 958 5090 cre·
986 5057 1047 5092 acm
1064 5042 1174 5106 pateret
1192 5033 1300 5101 uana,
1319 5033 1377 5085 nisi
1394 5033 1511 5086 emisset
1531 5034 1696 5087 castitatem.
1737 5033 1818 5089 Gete-

127 5136 201 5195 atur,
221 5144 282 5179 cum
299 5133 413 5195 uterquc
427 5142 528 5191 acapna
541 5123 741 5187 cardinalium,
759 5125 959 5192 cpiscoporum,
986 5133 1075 5180 terum
1104 5123 1203 5175 durum
1230 5125 1258 5173 et
1285 5118 1409 5190 iniquum
1433 5135 1507 5186 esse,
1539 5127 1571 5173 ut
1597 5118 1632 5172 ad
1661 5118 1817 5175 matram

126 5215 317 5281 sacerdotum,
349 5212 512 5280 principum
543 5229 577 5263 ac
600 5209 773 5278 populorum
802 5211 958 5263 memnone
987 5213 1117 5278 cogatur,
1138 5204 1186 5276 qui
1205 5221 1261 5284 non
1279 5204 1385 5258 voverit
1400 5205 1571 5273 entitatem,
1600 5220 1651 5259 nec
1668 5204 1820 5275 ullaculpa

123 5300 291 5369 pontificatu
309 5299 524 5365 defungeretur,
550 5314 615 5348 nam
634 5312 695 5348 cum
715 5303 772 5347 tres
789 5295 874 5348 simul
889 5313 959 5363 pon·
987 5292 1186 5359 commeruerit,
1206 5299 1237 5344 ut
1257 5307 1289 5344 eo
1308 5290 1437 5345 debuerit
1455 5292 1590 5360 compelli.
1623 5292 1663 5345 At
1680 5291 1754 5361 qnod
1774 5291 1820 5346 bic

128 5387 216 5451 tincas
235 5384 519 5455 inaugurationem,
542 5382 687 5435 Jolranncs
704 5381 820 5436 XXIII.
852 5379 959 5448 Grspo-
988 5379 1114 5450 iniquum
1136 5376 1246 5431 videtur
1271 5375 1421 5448 Gregorio,
1449 5395 1504 5431 non
1527 5376 1615 5430 visum
1636 5383 1678 5431 est
1694 5376 1820 5448 iniquam

180 5480 282 5522 Gerbardi
295 5479 344 5521 loci.
361 5479 385 5522 V.
1448 5485 1480 5535 32
