4004 6022
116 291 177 351 350
687 279 810 338 Locus
829 279 1034 339 monemus
1053 280 1252 338 SECUNDUS

115 435 180 495 Joh.
201 441 240 502 il,
258 451 283 489 r.
307 441 352 491 ll:
371 434 512 490 Conseraa
531 437 876 500 antesaecularem
890 445 953 491 uass
979 451 1041 487 sam
1057 449 1115 488 erse
1137 433 1323 487 hereditatem
1343 432 1565 502 Scripturas-um.
1601 430 1815 503 chrysostomus

116 523 220 576 soritae
238 527 285 574 est.
320 519 421 590 Ephes.
441 527 470 583 2,
496 538 521 574 v.
541 526 588 575 20:
619 520 864 592 Sstperaedificati
887 524 953 577 estis
979 519 1050 574 hom
1064 524 1103 575 10.
1121 519 1149 574 h.
1168 519 1186 572 l.
1203 517 1220 585 ἡ
1239 516 1356 582 ἀλήθειά
1370 518 1427 571 ἐστι
1444 523 1489 585 τῆς
1502 520 1704 585 &rainecourt
1717 519 1816 580 atilae

115 623 201 676 rupes·
234 608 448 667 fundamentum
474 607 676 676 prophetaram
705 617 731 660 et
761 609 952 677 apostolorum
979 609 1023 657 eal
1045 604 1198 676 ἑδραίωμα.
1233 604 1312 659 Beda
1336 603 1385 660 lib.
1409 609 1429 658 1.
1446 603 1476 657 in
1492 603 1556 659 Joh.
1576 621 1601 662 c.
1623 609 1669 659 12:
1696 605 1815 659 Funda-

115 692 179 760 s'pso
200 708 306 745 samma
323 692 423 759 lapide
440 691 576 757 capulari
588 693 734 747 atalante
748 694 858 748 Christo
872 694 952 746 Jeeu.
979 691 1139 743 dementum
1163 689 1298 743 ecclesiae
1323 697 1362 743 est
1380 689 1410 742 in
1427 689 1573 744 soliditate
1583 691 1659 759 fidei
1674 690 1816 758 apostolo·

116 781 140 833 ².
158 776 232 831 Petu.
254 782 282 844 t,
301 793 326 831 r.
349 782 393 832 19:
415 777 560 831 Habemus
576 778 743 844 firmiorem
758 779 952 847 propheticam
978 794 1040 829 ram
1060 785 1086 828 et
1102 775 1317 845 prophetaram.
1352 774 1529 846 Relinquitur
1547 792 1621 847 ergo,
1640 775 1716 847 quod
1729 776 1814 831 eoele-

115 877 283 925 sermonem,
309 863 356 915 cui
378 863 542 926 benefacitis
565 865 739 917 attendentes
761 864 845 931 quari
863 863 952 916 luces·-
978 861 1020 916 sia
1042 878 1098 915 non
1121 861 1158 915 sit
1174 861 1300 916 remmus
1319 859 1545 929 fundamentum,
1569 861 1619 916 sed
1636 861 1768 916 columna
1786 867 1817 918 st

115 963 169 1000 sae
193 953 245 1001 etc.
288 945 366 1001 Haeo
396 952 425 1002 et
455 948 556 1002 similia
582 948 658 1002 dicta
687 948 832 1004 manifeste
861 954 952 1004 osten
977 934 1195 1014 firmamentum
1216 946 1347 1019 quodque
1364 961 1421 1001 non
1438 946 1474 1001 sit
1493 946 1697 1002 firmamentum
1716 947 1816 1002 verim·

115 1031 201 1100 dunt,
232 1031 403 1102 scripturam
432 1050 491 1088 esse
521 1049 644 1088 normam
676 1051 709 1088 ac
732 1036 859 1106 regulam
883 1035 952 1088 veri·
978 1033 1014 1086 tis
1034 1033 1159 1088 absolute
1177 1031 1311 1102 aprima,
1330 1032 1381 1087 sed
1394 1029 1463 1086 κατὰ
1475 1037 1500 1085 sl
1515 1033 1816 1103 etcertalimitatione,

114 1118 181 1173 teus
218 1118 359 1182 coelestis,
402 1135 486 1189 qnam
524 1118 642 1174 ecelesia
683 1120 830 1175 columnae
865 1121 953 1174 instar
978 1125 1115 1188 quatenns
1138 1117 1246 1172 scilicet
1269 1122 1299 1172 et
1317 1117 1379 1186 ipsa
1396 1117 1506 1172 veritati
1527 1117 1640 1173 coelesti
1659 1119 1688 1171 in
1706 1119 1817 1189 scriptis

116 1202 269 1258 ministerio
299 1220 349 1258 suo
376 1208 528 1259 conservat.
579 1207 605 1256 3.
633 1206 728 1258 Malta
763 1206 887 1273 amplius
912 1214 952 1259 eet
977 1201 1147 1272 propheticis
1165 1209 1195 1257 et
1213 1202 1372 1273 apostolicis
1390 1202 1603 1273 comprehensae
1622 1203 1699 1258 velut
1716 1204 1817 1259 funda

114 1303 174 1341 erse
202 1289 361 1343 colamnam
389 1306 473 1356 qaam
504 1288 661 1358 simplicem
691 1293 850 1355 camaeleon,
886 1310 951 1345 nam
978 1293 1071 1342 mento
1096 1304 1130 1342 ac
1157 1287 1218 1342 basi
1246 1288 1327 1343 unice
1355 1287 1495 1355 innititur,
1522 1288 1590 1358 quia
1611 1288 1742 1343 columne
1760 1307 1816 1345 non

114 1373 260 1429 columnae
295 1375 423 1428 innititur
455 1376 556 1427 domae
590 1382 616 1427 et
655 1393 688 1428 ea
725 1384 833 1430 remota
864 1379 951 1434 cadit.
978 1372 1101 1428 suffulcit
1119 1390 1153 1428 ac
1171 1379 1309 1428 sustentat
1324 1372 1549 1442 fundamentum,
1566 1374 1615 1428 sed
1633 1373 1816 1434 fundamento

114 1461 272 1529 Apostolus
299 1475 365 1528 aaa
392 1477 496 1513 vocans
524 1460 672 1514 eccleciam
699 1461 857 1515 colamnam
881 1463 951 1516 aeri·
979 1459 1060 1513 unice
1088 1458 1216 1513 innititur
1244 1458 1280 1513 ab
1307 1475 1402 1530 eoque
1419 1476 1528 1514 omnem
1551 1477 1632 1515 suam
1654 1459 1816 1517 firmitatem

115 1545 197 1609 omis,
224 1547 283 1599 vult
308 1546 492 1615 amarificare,
517 1547 660 1599 veritatem
682 1546 760 1611 fidei
781 1550 879 1617 qaooel
902 1567 952 1602 nos
978 1543 1087 1613 accipit
1122 1544 1243 1599 Proinde
1261 1542 1327 1599 fidei
1349 1543 1521 1600 consumes
1535 1544 1638 1599 veritas
1655 1545 1815 1601 aolirmitas

114 1632 170 1686 niti
196 1632 328 1685 ecelesiae
356 1632 525 1685 annositate
553 1639 579 1684 et
605 1646 701 1684 aeram
726 1649 785 1686 esse
814 1634 954 1704 quidquid
978 1647 1033 1684 non
1050 1629 1149 1683 nititur
1167 1631 1212 1684 vel
1230 1629 1311 1685 unice
1330 1630 1374 1684 vel
1393 1629 1523 1699 primario
1543 1630 1676 1686 ecclesiae
1695 1633 1815 1688 anctori-

114 1717 234 1771 eoeleeia
261 1718 381 1786 probat,
410 1716 519 1778 falsum
548 1717 688 1786 quidqrad
718 1718 772 1771 itta
806 1720 952 1788 improbat,
978 1720 1049 1773 tate,
1073 1714 1122 1768 sed
1147 1714 1240 1784 potius
1262 1714 1379 1770 veritate
1403 1720 1432 1769 et
1458 1715 1650 1770 immobilitate
1671 1717 1815 1773 doctrinae

114 1819 178 1858 eum
202 1820 258 1873 quo
283 1803 428 1866 convenit,
457 1803 532 1873 quod
554 1802 683 1857 Costerus
703 1804 731 1857 in
751 1804 853 1859 enchir.
874 1822 897 1859 e.
917 1805 952 1860 de
978 1799 1106 1854 coelestis
1129 1800 1157 1854 in
1181 1800 1352 1870 propheticis
1376 1806 1404 1854 et
1428 1800 1587 1869 apostolicis
1611 1802 1722 1872 scriptis
1740 1820 1815 1858 com·

115 1888 205 1959 privil.
226 1888 359 1943 ecclesiae
376 1888 482 1954 scribit,
501 1889 648 1942 eccleciam
668 1892 862 1944 auctoritatem
881 1890 952 1946 oeri-
979 1886 1137 1956 prehensas,
1157 1886 1193 1939 ad
1210 1886 1283 1941 hanc
1298 1902 1371 1942 emm
1388 1902 1513 1941 normam
1531 1889 1668 1959 exigenda
1688 1896 1754 1943 sunt
1769 1889 1815 1945 do

115 1975 168 2029 toti
180 1974 325 2042 praebere.
359 1970 583 2043 Respondemus:
602 1975 953 2045 quaedamcolumnaedo·
979 1976 1088 2043 gmata‚
1116 1986 1188 2042 quae
1218 1971 1248 2025 in
1274 1972 1392 2027 ecclesia
1418 1981 1611 2043 proponuntur
1631 1981 1660 2029 et
1677 1973 1814 2046 quidquid

114 2076 177 2115 mus
195 2059 340 2129 eriguntur
357 2066 471 2113 ornatus
489 2075 581 2128 musa,
597 2059 661 2115 ideo
678 2078 733 2116 non
751 2067 794 2116 est
812 2061 952 2116 universa·
979 2056 1016 2110 ab
1039 2073 1072 2112 es
1089 2057 1242 2127 discrepat,
1265 2073 1322 2111 non
1338 2062 1382 2111 est
1398 2057 1586 2125 recipiendum
1604 2058 1649 2112 vel
1668 2066 1814 2130 acceptan-

52 2190 67 2214 ,
114 2144 178 2199 liter
199 2160 295 2198 verum
319 2143 483 2199 Bellermini
508 2145 729 2214 pronuntiatum,
754 2148 831 2214 area
854 2149 953 2200 damete
980 2143 1053 2198 dum.
1089 2142 1216 2198 Ecclesia
1236 2151 1280 2198 est
1296 2142 1427 2197 columna
1445 2151 1474 2198 et
1491 2142 1694 2199 firmamentum
1714 2146 1813 2201 verita-

115 2229 261 2285 oolamnae
286 2230 424 2283 innitatur
448 2238 473 2283 et
498 2246 533 2283 ea
555 2239 663 2283 remota
688 2233 783 2288 cadat.
827 2231 882 2286 Sed
907 2233 953 2286 da·
979 2229 1014 2282 tis
1033 2245 1088 2283 non
1100 2228 1197 2298 primo,
1216 2244 1272 2282 non
1284 2227 1448 2298 simpliciter
1461 2237 1489 2284 et
1502 2228 1636 2297 absolute,
1654 2231 1704 2285 sed
1717 2247 1813 2286 secun·

116 2332 187 2385 mus,
206 2315 363 2386 apostolum
380 2315 425 2369 hic
445 2315 522 2386 loqui
540 2317 576 2372 de
593 2317 721 2371 columne
739 2316 953 2380 sustentationis,
979 2315 1057 2369 dario
1076 2314 1228 2370 secundum
1245 2314 1313 2384 qaid
1332 2323 1360 2368 et
1376 2315 1477 2382 relate,
1502 2332 1602 2384 nempe
1617 2317 1757 2370 relatione
1772 2321 1815 2371 ael

117 2418 174 2457 non
203 2408 295 2456 autem
324 2400 457 2470 simplicis
487 2408 599 2456 ornatus
625 2419 710 2457 eausa
738 2413 846 2471 erecta,
875 2403 955 2457 addit
979 2418 1037 2466 nos,
1056 2406 1088 2454 ut
1106 2399 1227 2454 Thomas
1246 2399 1350 2470 Aquin.
1369 2400 1398 2452 in
1417 2400 1470 2454 hoc
1488 2399 1550 2456 loco
1563 2399 1729 2468 observavit,
1749 2403 1815 2472 quis

10 2491 45 2534 m
59 2491 104 2535 tte
115 2485 191 2542 enim
216 2503 312 2542 vocem
335 2486 494 2557 ἑδραίωμα
517 2487 711 2542 dubitantem
734 2488 855 2542 vicissim
873 2488 954 2543 nobis
980 2485 1056 2540 velut
1084 2484 1273 2554 pulcherrima
1295 2491 1324 2539 et
1347 2482 1504 2538 firmissima
1530 2487 1667 2556 quaedam
1686 2488 1816 2544 columns

116 2570 314 2634 Bellarminns,
344 2573 420 2627 alind
451 2589 511 2628 esse
536 2573 763 2642 fundamentum,
792 2574 869 2629 aliud
888 2591 953 2629 vero
979 2575 1034 2626 stat
1053 2587 1136 2641 super
1152 2569 1332 2626 fundamento
1352 2570 1463 2625 Christo
1483 2572 1553 2629 lesu
1570 2573 1600 2627 in
1617 2575 1815 2645 prophetarum

117 2658 283 2725 oolamnam,
304 2674 377 2728 quae
391 2658 572 2714 fundamento
590 2659 726 2715 innititur.
755 2660 882 2715 Ecclesia
897 2677 953 2715 non
979 2663 1008 2710 et
1028 2656 1215 2726 apostolorum
1235 2655 1344 2727 scriptis
1361 2656 1441 2711 nobis
1458 2662 1610 2712 monstrato
1622 2666 1650 2714 et
1662 2660 1816 2716 doctrinam

117 2743 221 2800 dicitur
234 2743 454 2811 fundamentum,
474 2746 527 2798 sed
542 2745 673 2798 calamna
691 2752 718 2798 et
727 2746 953 2811 fimamentam
979 2741 1054 2795 illam
1076 2741 1111 2798 de
1130 2740 1240 2797 Christo
1258 2741 1338 2797 nobis
1356 2743 1486 2798 ostendit.
1507 2744 1628 2812 exponit,
1647 2744 1684 2797 ab
1702 2745 1815 2801 interitu

116 2846 173 2884 nou
188 2831 330 2897 θεμέλιον,
347 2829 506 2887 sodomiae
522 2834 567 2881 snt
581 2830 733 2902 ἑδραίωμα,
752 2830 818 2902 qnia
836 2831 953 2886 ecclesia
979 2827 1120 2893 vendicat,
1139 2844 1156 2882 a
1173 2829 1323 2883 mendaciis
1343 2836 1371 2884 ct
1387 2829 1526 2885 erroribus
1544 2830 1692 2898 discernit,
1710 2833 1747 2885 ad
1768 2850 1814 2902 po

116 2931 173 2970 non
200 2912 315 2980 πρώτως
340 2931 373 2968 ac
397 2913 529 2983 primario
554 2921 693 2970 sustentat
716 2915 860 2986 spirituale
883 2915 951 2971 illud
979 2913 1131 2968 ueritatem
1157 2921 1295 2985 propagat
1319 2922 1403 2986 atque
1426 2915 1467 2969 ita
1487 2913 1638 2970 ministerio
1658 2933 1709 2970 suo
1727 2917 1815 2985 fulcit,

116 2998 289 3065 aedificium,
318 3000 368 3055 sed
393 2999 454 3070 ipsa
471 3016 582 3071 quoque
602 3001 630 3055 in
649 3000 830 3057 fundamento
848 3009 953 3057 susten·
981 3005 1117 3052 sustentat
1135 3007 1164 3054 et
1181 3007 1333 3057 conservat.
1369 3000 1424 3055 Sed
1447 3019 1479 3056 ex
1497 3016 1597 3055 eonon
1609 3003 1815 3071 potentialem,

117 3090 201 3141 tatur.
245 3087 472 3140 Fundamentum
504 3087 587 3140 aliud
616 3104 697 3141 nemo
721 3105 830 3157 ponere
854 3097 954 3157 potest,
981 3085 1056 3154 quod
1080 3085 1241 3155 simpliciter
1264 3092 1293 3140 ot
1316 3086 1444 3142 absolute
1467 3087 1607 3157 loquendo
1633 3089 1736 3143 veritas
1749 3090 1814 3145 fidei

115 3179 230 3241 praeter
247 3171 281 3226 id
298 3174 376 3241 quael
382 3173 506 3242 pandam
519 3180 567 3240 est,
584 3175 660 3242 quoa
671 3182 712 3227 eet
727 3173 855 3228 Christus
868 3175 954 3229 Jeetee
981 3171 1085 3224 nitetur
1102 3170 1235 3225 ecclesiae
1247 3173 1420 3234 auctoritate,
1439 3178 1467 3226 et
1479 3173 1553 3242 quod
1565 3189 1661 3227 verum
1673 3174 1717 3240 sir,
1736 3176 1813 3246 quid-

122 3265 143 3315 1.
164 3257 227 3314 Cor.
247 3264 271 3326 3,
289 3275 316 3314 v.
338 3264 377 3313 11.
396 3258 442 3312 hic
460 3263 503 3312 est
517 3268 603 3328 petra
621 3259 850 3329 illafirmissima,
868 3278 954 3330 saper
981 3255 1048 3325 qnid
1077 3257 1177 3327 prohat
1201 3256 1331 3324 eeclesia,
1358 3256 1476 3324 falsum,
1502 3259 1639 3329 quidquid
1666 3260 1812 3330 improbat,

117 3361 202 3412 asam
224 3346 384 3412 aedificata
408 3352 449 3397 ert
467 3346 582 3399 eeclesia
602 3337 703 3402 Matth.
731 3352 776 3414 16,
803 3364 828 3399 v.
853 3353 891 3404 18.
909 3348 954 3401 lic
981 3342 1047 3412 quia
1069 3350 1102 3397 ut
1124 3343 1252 3397 columna
1272 3342 1452 3399 fundamento
1475 3344 1586 3407 nititur,
1617 3346 1657 3400 sie
1683 3347 1816 3403 ecclesiae

118 3437 158 3484 est
177 3430 254 3498 lapis
274 3429 461 3498 copularint
471 3431 703 3500 fesndamentalie,
722 3435 769 3486 cai
784 3434 857 3486 cives
870 3434 953 3486 eccle·
981 3428 1189 3482 fundamentum
1214 3434 1257 3482 est
1275 3428 1414 3494 Christus,
1440 3430 1485 3485 vel
1509 3431 1584 3501 quod
1609 3431 1682 3485 idem
1707 3441 1750 3487 est
1767 3433 1815 3488 do-

113 3515 179 3571 siae
187 3517 262 3569 velat
273 3517 330 3569 atos·
342 3516 454 3584 lapides
465 3517 745 3584 superaedificantur
754 3518 799 3571 Pe.
811 3523 867 3575 lte.
878 3536 903 3571 v.
913 3524 952 3574 ²2.
980 3514 1069 3567 cuins
1094 3513 1129 3568 de
1148 3513 1255 3568 Christo
1278 3514 1306 3568 in
1331 3514 1500 3585 propheticis
1523 3522 1551 3572 et
1570 3517 1729 3587 apostolicis
1749 3519 1813 3573 sori·

117 3600 216 3655 ltatth.
229 3606 270 3666 21,
281 3618 307 3655 v.
318 3605 360 3656 tt.
379 3599 476 3665 Acte,
489 3607 562 3655 v.11.
582 3601 663 3656 Rom.
672 3607 696 3669 a,
710 3620 735 3656 v.
745 3608 785 3658 3³.
811 3603 914 3658 ipen.
930 3610 952 3669 t,
980 3597 1036 3668 ptis
1053 3599 1264 3669 comprehense,
1281 3600 1417 3670 quidquid
1436 3617 1499 3655 eum
1514 3600 1566 3655 hac
1584 3618 1681 3656 norma
1697 3611 1812 3674 pugnat,

117 3703 143 3740 v.
163 3692 188 3740 l.
225 3683 311 3738 Porro
334 3701 397 3738 cum
424 3685 550 3739 doctrine
572 3687 607 3740 de
627 3685 737 3740 Christo
759 3687 788 3741 in
810 3689 952 3758 scripturis
980 3684 1009 3737 id
1026 3684 1102 3738 velut
1121 3701 1278 3755 repugnans
1295 3684 1476 3741 fundamento
1493 3686 1681 3756 rejiciendum.
1718 3691 1812 3744 Brevi-

117 3769 286 3842 prophcticis
304 3774 334 3823 et
350 3769 509 3839 apostolicis
525 3771 606 3824 nobis
623 3777 800 3841 proponatur,
819 3773 881 3828 ideo
900 3774 952 3843 ipsi
980 3776 1029 3833 ter,
1047 3771 1165 3825 ecclesia
1182 3770 1289 3825 stabilit
1307 3778 1336 3826 et
1354 3771 1479 3826 suffulcit
1493 3772 1646 3841 veritatem,
1666 3791 1721 3828 non
1738 3775 1812 3846 quod

116 3855 270 3927 prophetae
289 3863 317 3909 et
328 3854 444 3926 apostoli
457 3855 587 3908 dicuntur
598 3855 809 3910 fundamentum
820 3859 953 3913 ecclesiae
979 3872 1039 3910 eam
1059 3857 1157 3929 gignat
1175 3864 1203 3912 et
1221 3873 1330 3912 onmem
1349 3857 1543 3913 auctoritatem
1561 3860 1587 3914 ei
1605 3860 1744 3923 coniciet,
1763 3861 1812 3916 sed

117 3939 311 4004 ministeriale,
334 3941 443 3995 scilicet
469 3957 524 3994 non
542 3941 650 3996 ratione
668 3958 816 4011 personae.
841 3945 889 3997 sed
911 3962 953 3998 ra·
979 3942 1046 4012 quia
1064 3943 1099 3996 de
1115 3942 1163 3995 illa
1182 3947 1299 3996 testatur
1316 3950 1345 3998 et
1361 3944 1471 4013 publice
1492 3961 1551 3999 eam
1571 3944 1732 4013 confitetur,
1750 3965 1811 4017 pro·

117 4028 192 4083 done
215 4026 359 4082 doetrinae
384 4033 412 4080 et
429 4026 580 4081 testimonii
600 4027 634 4082 de
655 4026 772 4081 Christo.
807 4027 909 4098 Ephes.
929 4036 952 4085 2.
980 4029 1057 4097 ponit
1078 4045 1110 4082 ac
1128 4028 1314 4097 commendat,
1338 4029 1411 4083 sicut
1428 4028 1614 4100 Hieronymus
1632 4032 1661 4084 in
1680 4031 1732 4086 hoc
1752 4033 1812 4088 loco

116 4129 143 4167 r.
163 4117 211 4168 20:
236 4112 385 4165 Ecetructi
407 4112 473 4164 estis
498 4129 584 4180 saper
602 4113 817 4175 fundamentum
832 4115 953 4182 prople-
979 4112 1075 4166 scribit
1101 4114 1130 4165 in
1160 4130 1215 4181 qua
1242 4115 1307 4167 sala
1333 4114 1469 4180 (ecclesia)
1498 4122 1553 4168 stat
1579 4117 1692 4170 verdae.
1736 4118 1811 4190 Ergo

116 4205 209 4251 torum
233 4204 259 4249 et
277 4196 472 4264 apostoloram
489 4196 589 4266 lapide
608 4199 743 4267 capulari
759 4216 865 4253 samma
884 4202 953 4253 eari-
980 4197 1052 4266 quod
1074 4198 1191 4252 ecclesia
1208 4198 1309 4254 dicitur
1326 4200 1544 4254 stabilimentum
1563 4207 1591 4255 et
1610 4200 1810 4260 firmamentum

116 4289 202 4336 mente
221 4282 283 4349 ipso
305 4281 427 4348 Clio-imo,
448 4298 475 4337 r.
493 4287 539 4336 tt:
558 4284 587 4334 in
605 4300 660 4350 pao
678 4283 767 4336 omnic
785 4285 954 4352 aedificatio
979 4282 1117 4345 veritatis,
1141 4283 1335 4353 accipiendum
1354 4283 1407 4338 hoc
1427 4300 1523 4344 sensu.
1547 4286 1621 4355 quod
1639 4287 1742 4341 vetitas
1758 4295 1858 4344 steth
1873 4295 1908 4338 tot

116 4367 216 4421 crescit
227 4367 258 4419 in
269 4367 402 4436 templum
414 4375 540 4420 sanctum
553 4371 583 4437 in
596 4368 730 4434 Domino,
747 4385 774 4424 r.
789 4374 837 4425 22:
858 4371 887 4423 in
900 4389 954 4440 aaa
979 4368 1007 4420 in
1031 4368 1149 4424 ecclesia
1165 4378 1193 4423 et
1210 4370 1285 4438 quod
1304 4371 1421 4425 ecclesia
1438 4371 1473 4425 de
1491 4373 1607 4427 veritate
1623 4373 1811 4430 testimonium

116 4460 143 4507 et
168 4471 217 4506 oos
245 4453 478 4515 coaedificamini
502 4454 533 4505 in
555 4452 744 4508 habitaculam
764 4457 870 4509 Delia
890 4457 954 4528 spi-
978 4452 1057 4507 ierat.
1077 4455 1149 4509 sicut
1166 4453 1341 4509 sanctificare
1360 4455 1389 4510 in
1409 4456 1558 4526 scripturis
1578 4457 1678 4513 dicitur
1696 4460 1731 4514 de
1749 4478 1811 4515 san·

115 4538 207 4593 sitas.
222 4539 309 4609 Apoc.
324 4543 365 4605 il,
384 4555 410 4591 v.
430 4544 473 4593 tt:
492 4540 597 4592 Maras
616 4540 861 4596 civitatiesanctae
873 4543 953 4596 labet
977 4539 1075 4595 etitate
1092 4537 1242 4596 testificari.
1277 4545 1300 4594 i.
1322 4542 1453 4595 Ecclesia
1464 4543 1523 4605 fait
1536 4545 1674 4612 calamna,
1695 4550 1809 4613 mando

115 4626 264 4681 duodecin
287 4626 474 4690 fundamenta
494 4634 520 4678 et
538 4627 569 4678 in
586 4627 656 4694 ipris
672 4629 788 4681 nomina
805 4631 952 4683 duodecim
977 4643 1032 4679 nan
1050 4632 1131 4679 eram
1151 4625 1318 4694 scripturae
1335 4642 1367 4680 ea
1385 4645 1439 4696 prta
1457 4629 1594 4697 ceantur,
1613 4648 1669 4684 non
1687 4633 1748 4685 clici
1767 4651 1809 4688 co

116 4713 308 4782 apostoloram
326 4713 402 4778 aeni.
429 4710 512 4768 Unde
532 4711 661 4766 irenaeus
679 4711 728 4765 lib.
739 4718 762 4767 3.
778 4730 800 4769 c.
817 4714 951 4784 l‚scripts
977 4712 1099 4781 lamnam
1121 4720 1240 4779 propat·
1256 4713 1412 4767 aristodium
1432 4716 1651 4783 scripturaram.
1684 4716 1810 4786 Respon-

115 4799 302 4866 apostotorum
327 4796 539 4851 fundamentum
559 4804 587 4851 et
604 4797 761 4851 columnam
779 4797 845 4852 fidei
864 4807 952 4853 vocat.
977 4796 1084 4850 demus:
1113 4796 1273 4865 Scripturas
1295 4799 1483 4868 appellatione
1500 4801 1679 4874 intelligimus
1696 4804 1811 4857 verbum

115 4883 182 4939 Nan
197 4902 252 4953 per
272 4883 346 4937 ahor
364 4882 475 4952 (inquit)
496 4883 707 4952 dispositionem
724 4884 826 4937 salictis
839 4893 952 4939 nostrae
977 4882 1030 4936 Dei
1055 4881 1083 4936 in
1108 4881 1266 4951 Scripturas
1284 4884 1441 4954 redactum,
1465 4886 1494 4940 id
1513 4904 1578 4941 vero
1597 4887 1670 4942 idem
1688 4895 1731 4942 est
1748 4906 1810 4943 oum

116 4970 291 5036 eopnacimue
320 4988 405 5039 pesam
429 4985 485 5038 pes·
512 4985 572 5031 eos,
604 4986 656 5037 per
681 4985 751 5038 pace
779 4970 951 5036 eaanpelium
976 4968 1060 5023 verbo
1078 4968 1141 5035 Dei,
1162 4971 1498 5039 antequamscriberetur.
1519 4973 1685 5042 praedicato.
1721 4974 1810 5031 scribi

111 5058 239 5126 persenit
260 5058 300 5108 acl
318 5074 378 5124 nos,
397 5057 475 5124 qaod
487 5054 600 5123 quidem
612 5064 678 5109 tunc
690 5056 952 5124 praeeaniaoemnt,
975 5055 1021 5110 vel
1047 5053 1203 5125 praedicari
1227 5061 1293 5111 sunt
1318 5064 1432 5114 externa
1458 5058 1628 5130 accidentia,
1655 5077 1727 5130 quae
1755 5077 1810 5115 non

111 5149 213 5210 pastea
232 5158 369 5211 seraper
389 5143 449 5196 Dei
466 5142 635 5196 volantatem
655 5142 684 5194 in
698 5141 854 5210 scripturis
873 5144 952 5196 nolis
977 5145 1086 5195 mutant
1110 5139 1199 5209 ipsam
1226 5143 1388 5214 essentiam,
1416 5144 1470 5200 hoo
1495 5145 1537 5196 est
1558 5161 1614 5199 non
1632 5145 1811 5201 introducunt

116 5225 296 5281 tradiderant
308 5230 529 5295 fundamentum
546 5235 574 5282 et
591 5227 747 5281 colamnam
759 5228 952 5290 fideinostrae
976 5226 1051 5282 reale
1081 5227 1226 5283 essentiale
1252 5229 1394 5298 quoddam
1421 5225 1565 5283 discrimen
1594 5230 1667 5285 inter
1694 5232 1809 5286 verbum

108 5315 250 5383 sectarum.
262 5340 265 5347 =
278 5311 308 5367 C.
329 5319 368 5368 tt.
387 5314 477 5384 ejusd.
496 5313 576 5367 liba:
597 5313 734 5367 Calamna
752 5321 779 5366 et
790 5315 951 5379 firmamen-
977 5311 1030 5368 Dei
1052 5311 1242 5381 praedicatum
1260 5320 1289 5368 et
1304 5314 1447 5384 scriptum.
1483 5309 1566 5371 Quae
1583 5317 1708 5383 apostoli
1723 5335 1810 5385 prae·

117 5405 174 5452 tam
194 5397 328 5449 ecclesiae
345 5406 384 5450 est
403 5400 577 5466 enoapeliam
594 5406 623 5451 et
636 5398 759 5468 Spiritu
775 5398 857 5450 vitae.
886 5397 951 5453 Ter·
980 5398 1170 5464 coniecerant,
1194 5397 1271 5452 illud
1292 5399 1385 5466 means
1404 5402 1503 5466 motta
1527 5399 1567 5459 (ct
1593 5416 1647 5453 nou
1672 5401 1759 5468 aliud)
1781 5403 1810 5455 in

116 5481 252 5539 innisum
272 5479 321 5537 lib.
339 5480 375 5536 de
393 5481 555 5552 praescript.
573 5483 654 5547 dicit,
677 5482 811 5538 eatenus
828 5483 952 5539 commm-
983 5482 1145 5552 &mensas
1162 5483 1339 5548 natarunt,
1356 5480 1447 5552 inquit
1462 5476 1592 5538 benacus
1610 5484 1670 5540 loco
1687 5487 1811 5557 proxime
