<?xml version="1.0" encoding="UTF-8"?>
<!DOCTYPE html PUBLIC "-//W3C//DTD XHTML 1.0 Transitional//EN"
    "http://www.w3.org/TR/xhtml1/DTD/xhtml1-transitional.dtd">
<html xmlns="http://www.w3.org/1999/xhtml" xml:lang="en" lang="en">
 <head>
  <title>
</title>
<meta http-equiv="Content-Type" content="text/html;charset=utf-8" />
  <meta name='ocr-system' content='tesseract 3.04.00' />
  <meta name='ocr-capabilities' content='ocr_page ocr_carea ocr_par ocr_line ocrx_word'/>
</head>
<body>
  <div class='ocr_page' id='page_1' title='image "./locitheologicit03gerhgoog_0425.png"; bbox 0 0 4004 6022; ppageno 0'>
   <div class='ocr_carea' id='block_1_1' title="bbox 194 208 1325 290">
    <p class='ocr_par' dir='ltr' id='par_1_1' title="bbox 194 208 1325 290">
     <span class='ocr_line' id='line_1_1' title="bbox 194 208 1325 290; baseline -0.009 0"><span class='ocrx_word' id='word_1_1' title='bbox 194 234 255 290; x_wconf 81' lang='lat'><strong>414</strong></span> <span class='ocrx_word' id='word_1_2' title='bbox 761 221 883 280; x_wconf 78' lang='lat' dir='ltr'><strong>Locus</strong></span> <span class='ocrx_word' id='word_1_3' title='bbox 900 219 1106 279; x_wconf 74' lang='lat' dir='ltr'><strong>uouemus</strong></span> <span class='ocrx_word' id='word_1_4' title='bbox 1125 208 1325 281; x_wconf 70' lang='lat' dir='ltr'><strong>sueonum</strong></span> 
     </span>
    </p>
   </div>
   <div class='ocr_carea' id='block_1_2' title="bbox 86 374 1892 5458">
    <p class='ocr_par' dir='ltr' id='par_1_2' title="bbox 86 374 1892 5458">
     <span class='ocr_line' id='line_1_2' title="bbox 192 374 1890 449; baseline -0.002 -15"><span class='ocrx_word' id='word_1_5' title='bbox 192 380 310 449; x_wconf 84' lang='lat' dir='ltr'><strong>s&#39;nflatur</strong></span> <span class='ocrx_word' id='word_1_6' title='bbox 328 385 355 431; x_wconf 91' lang='lat' dir='ltr'><strong>et</strong></span> <span class='ocrx_word' id='word_1_7' title='bbox 372 379 524 444; x_wconf 80' lang='lat' dir='ltr'><strong>emollitur,</strong></span> <span class='ocrx_word' id='word_1_8' title='bbox 545 377 731 432; x_wconf 70' lang='lat' dir='ltr'><strong>Antichristus</strong></span> <span class='ocrx_word' id='word_1_9' title='bbox 747 385 789 431; x_wconf 86' lang='lat' dir='ltr'><strong>est</strong></span> <span class='ocrx_word' id='word_1_10' title='bbox 806 378 837 430; x_wconf 89' lang='lat' dir='ltr'><strong>in</strong></span> <span class='ocrx_word' id='word_1_11' title='bbox 854 377 955 448; x_wconf 85' lang='lat' dir='ltr'><strong>templo</strong></span> <span class='ocrx_word' id='word_1_12' title='bbox 972 376 1031 430; x_wconf 89' lang='lat' dir='ltr'><strong>Dei</strong></span> <span class='ocrx_word' id='word_1_13' title='bbox 1058 393 1137 446; x_wconf 83' lang='lat' dir='ltr'><strong>sane,</strong></span> <span class='ocrx_word' id='word_1_14' title='bbox 1162 377 1273 432; x_wconf 87' lang='lat' dir='ltr'><strong>interim</strong></span> <span class='ocrx_word' id='word_1_15' title='bbox 1293 375 1505 440; x_wconf 86' lang='lat' dir='ltr'><strong>attendendum,</strong></span> <span class='ocrx_word' id='word_1_16' title='bbox 1536 375 1612 448; x_wconf 89' lang='lat' dir='ltr'><strong>quod</strong></span> <span class='ocrx_word' id='word_1_17' title='bbox 1632 376 1694 447; x_wconf 85' lang='lat' dir='ltr'><strong>ipsc</strong></span> <span class='ocrx_word' id='word_1_18' title='bbox 1711 374 1890 431; x_wconf 85' lang='lat' dir='ltr'><strong>Bernhardus</strong></span> 
     </span>
     <span class='ocr_line' id='line_1_3' title="bbox 194 461 1890 534; baseline -0.003 -14"><span class='ocrx_word' id='word_1_19' title='bbox 194 467 295 520; x_wconf 88' lang='lat' dir='ltr'><strong>sedens</strong></span> <span class='ocrx_word' id='word_1_20' title='bbox 314 473 388 519; x_wconf 87' lang='lat' dir='ltr'><strong>etse</strong></span> <span class='ocrx_word' id='word_1_21' title='bbox 407 466 554 519; x_wconf 86' lang='lat' dir='ltr'><strong>ostendens</strong></span> <span class='ocrx_word' id='word_1_22' title='bbox 572 471 706 533; x_wconf 76' lang='lat' dir='ltr'><strong><em>tanquam</em></strong></span> <span class='ocrx_word' id='word_1_23' title='bbox 723 464 813 518; x_wconf 88' lang='lat' dir='ltr'><strong>Deus.</strong></span> <span class='ocrx_word' id='word_1_24' title='bbox 849 463 960 527; x_wconf 67' lang='lat' dir='ltr'><strong>Aretau</strong></span> <span class='ocrx_word' id='word_1_25' title='bbox 981 461 1029 533; x_wconf 89' lang='lat' dir='ltr'><strong>qui</strong></span> <span class='ocrx_word' id='word_1_26' title='bbox 1057 462 1161 519; x_wconf 82' lang='lat' dir='ltr'>ibidem</span> <span class='ocrx_word' id='word_1_27' title='bbox 1180 462 1313 532; x_wconf 85' lang='lat' dir='ltr'>explicet,</span> <span class='ocrx_word' id='word_1_28' title='bbox 1337 462 1516 534; x_wconf 86' lang='lat' dir='ltr'><strong>quamobrem</strong></span> <span class='ocrx_word' id='word_1_29' title='bbox 1533 462 1679 534; x_wconf 77' lang='lat' dir='ltr'><strong>Agapetus</strong></span> <span class='ocrx_word' id='word_1_30' title='bbox 1699 461 1803 516; x_wconf 83' lang='lat' dir='ltr'><strong>illusit</strong></span> <span class='ocrx_word' id='word_1_31' title='bbox 1821 461 1890 532; x_wconf 75' lang='lat' dir='ltr'><strong>inJu·</strong></span> 
     </span>
     <span class='ocr_line' id='line_1_4' title="bbox 195 547 1889 620; baseline -0.002 -13"><span class='ocrx_word' id='word_1_32' title='bbox 195 567 267 607; x_wconf 89' lang='lat' dir='ltr'><strong>auno</strong></span> <span class='ocrx_word' id='word_1_33' title='bbox 287 557 361 608; x_wconf 79' lang='grc'><strong>111111.</strong></span> <span class='ocrx_word' id='word_1_34' title='bbox 389 550 471 619; x_wconf 84' lang='lat' dir='ltr'><strong>vixit,</strong></span> <span class='ocrx_word' id='word_1_35' title='bbox 496 549 525 603; x_wconf 91' lang='lat' dir='ltr'><strong>in</strong></span> <span class='ocrx_word' id='word_1_36' title='bbox 543 548 660 620; x_wconf 83' lang='lat' dir='ltr'><strong>Apocal.</strong></span> <span class='ocrx_word' id='word_1_37' title='bbox 686 548 796 614; x_wconf 76' lang='lat' dir='ltr'><strong>scribit,</strong></span> <span class='ocrx_word' id='word_1_38' title='bbox 827 550 1031 608; x_wconf 81' lang='lat' dir='ltr'><strong>Antichristum</strong></span> <span class='ocrx_word' id='word_1_39' title='bbox 1058 556 1116 604; x_wconf 89' lang='lat' dir='ltr'><strong>stus</strong></span> <span class='ocrx_word' id='word_1_40' title='bbox 1146 556 1305 620; x_wconf 89' lang='lat' dir='ltr'><strong>usurpator,</strong></span> <span class='ocrx_word' id='word_1_41' title='bbox 1336 548 1465 603; x_wconf 75' lang='lat' dir='ltr'><strong>nimbum</strong></span> <span class='ocrx_word' id='word_1_42' title='bbox 1496 548 1563 620; x_wconf 85' lang='lat' dir='ltr'><strong>quia</strong></span> <span class='ocrx_word' id='word_1_43' title='bbox 1591 549 1788 619; x_wconf 81' lang='lat' dir='ltr'><strong>andpaparum</strong></span> <span class='ocrx_word' id='word_1_44' title='bbox 1815 547 1889 612; x_wconf 82' lang='lat' dir='ltr'><strong>alter.</strong></span> 
     </span>
     <span class='ocr_line' id='line_1_5' title="bbox 201 633 1891 707; baseline -0.002 -15"><span class='ocrx_word' id='word_1_45' title='bbox 201 639 343 692; x_wconf 74' lang='lat' dir='ltr'><strong>emersim</strong></span> <span class='ocrx_word' id='word_1_46' title='bbox 363 645 429 707; x_wconf 89' lang='lat' dir='ltr'><strong>post</strong></span> <span class='ocrx_word' id='word_1_47' title='bbox 452 653 580 689; x_wconf 89' lang='lat' dir='ltr'><strong>occasum</strong></span> <span class='ocrx_word' id='word_1_48' title='bbox 605 634 782 689; x_wconf 72' lang='lat' dir='ltr'><strong><em>Constantini</em></strong></span> <span class='ocrx_word' id='word_1_49' title='bbox 798 636 902 704; x_wconf 78' lang='lat' dir='ltr'><strong>Mapni</strong></span> <span class='ocrx_word' id='word_1_50' title='bbox 929 643 955 689; x_wconf 87' lang='lat' dir='ltr'><strong>et</strong></span> <span class='ocrx_word' id='word_1_51' title='bbox 972 637 1031 688; x_wconf 91' lang='lat' dir='ltr'><strong>Ba·</strong></span> <span class='ocrx_word' id='word_1_52' title='bbox 1059 636 1235 691; x_wconf 72' lang='lat' dir='ltr'><strong>Innocentius</strong></span> <span class='ocrx_word' id='word_1_53' title='bbox 1258 635 1362 699; x_wconf 88' lang='lat' dir='ltr'><strong>dictus,</strong></span> <span class='ocrx_word' id='word_1_54' title='bbox 1391 635 1496 690; x_wconf 87' lang='lat' dir='ltr'><strong>clectus</strong></span> <span class='ocrx_word' id='word_1_55' title='bbox 1521 640 1551 689; x_wconf 90' lang='lat' dir='ltr'><strong>et</strong></span> <span class='ocrx_word' id='word_1_56' title='bbox 1575 633 1747 705; x_wconf 90' lang='lat' dir='ltr'><strong>approbatus</strong></span> <span class='ocrx_word' id='word_1_57' title='bbox 1767 633 1891 688; x_wconf 79' lang='lat' dir='ltr'><strong>saerata</strong></span> 
     </span>
     <span class='ocr_line' id='line_1_6' title="bbox 198 718 1890 795; baseline -0.004 -16"><span class='ocrx_word' id='word_1_58' title='bbox 198 726 324 795; x_wconf 78' lang='lat' dir='ltr'><strong>lplonem</strong></span> <span class='ocrx_word' id='word_1_59' title='bbox 343 739 402 777; x_wconf 85' lang='lat' dir='ltr'><strong>asse</strong></span> <span class='ocrx_word' id='word_1_60' title='bbox 420 723 560 791; x_wconf 80' lang='lat' dir='ltr'><strong>repionem</strong></span> <span class='ocrx_word' id='word_1_61' title='bbox 577 722 701 786; x_wconf 88' lang='lat' dir='ltr'><strong>illorum,</strong></span> <span class='ocrx_word' id='word_1_62' title='bbox 720 722 819 791; x_wconf 77' lang='lat' dir='ltr'><strong><em>quibua</em></strong></span> <span class='ocrx_word' id='word_1_63' title='bbox 837 723 1031 776; x_wconf 82' lang='lat' dir='ltr'><strong>dominaturus</strong></span> <span class='ocrx_word' id='word_1_64' title='bbox 1057 722 1170 793; x_wconf 84' lang='lat' dir='ltr'><strong>regibus</strong></span> <span class='ocrx_word' id='word_1_65' title='bbox 1188 721 1367 789; x_wconf 87' lang='lat' dir='ltr'><strong>Germaniae,</strong></span> <span class='ocrx_word' id='word_1_66' title='bbox 1391 719 1514 787; x_wconf 84' lang='lat' dir='ltr'><strong>Galliae,</strong></span> <span class='ocrx_word' id='word_1_67' title='bbox 1541 720 1677 792; x_wconf 80' lang='lat' dir='ltr'><strong>Angliac‚</strong></span> <span class='ocrx_word' id='word_1_68' title='bbox 1697 720 1826 788; x_wconf 77' lang='lat' dir='ltr'><strong>Scotino,</strong></span> <span class='ocrx_word' id='word_1_69' title='bbox 1844 718 1890 773; x_wconf 85' lang='lat' dir='ltr'><strong>Hi·</strong></span> 
     </span>
     <span class='ocr_line' id='line_1_7' title="bbox 194 807 1890 880; baseline -0.004 -14"><span class='ocrx_word' id='word_1_70' title='bbox 194 814 232 866; x_wconf 88' lang='lat' dir='ltr'><strong>sit</strong></span> <span class='ocrx_word' id='word_1_71' title='bbox 249 812 325 877; x_wconf 77' lang='lat' dir='ltr'><strong>filius</strong></span> <span class='ocrx_word' id='word_1_72' title='bbox 335 811 455 879; x_wconf 88' lang='lat' dir='ltr'><strong>peccati.</strong></span> <span class='ocrx_word' id='word_1_73' title='bbox 486 808 530 864; x_wconf 87' lang='lat' dir='ltr'><strong>De</strong></span> <span class='ocrx_word' id='word_1_74' title='bbox 542 807 678 880; x_wconf 79' lang='lat' dir='ltr'><strong>Gregorio</strong></span> <span class='ocrx_word' id='word_1_75' title='bbox 690 808 755 864; x_wconf 86' lang='lat' dir='ltr'><strong>VII.</strong></span> <span class='ocrx_word' id='word_1_76' title='bbox 768 808 826 864; x_wconf 85' lang='lat' dir='ltr'><strong>sive</strong></span> <span class='ocrx_word' id='word_1_77' title='bbox 837 807 1030 862; x_wconf 85' lang='lat' dir='ltr'><strong>Hildebrando</strong></span> <span class='ocrx_word' id='word_1_78' title='bbox 1057 810 1183 878; x_wconf 87' lang='lat' dir='ltr'><strong>spaniae,</strong></span> <span class='ocrx_word' id='word_1_79' title='bbox 1209 807 1479 879; x_wconf 82' lang='lat' dir='ltr'><strong>Hierosolymorum,</strong></span> <span class='ocrx_word' id='word_1_80' title='bbox 1503 823 1666 861; x_wconf 89' lang='lat' dir='ltr'><strong>consensum</strong></span> <span class='ocrx_word' id='word_1_81' title='bbox 1691 807 1776 861; x_wconf 76' lang='lat' dir='ltr'><strong>edam</strong></span> <span class='ocrx_word' id='word_1_82' title='bbox 1800 812 1829 860; x_wconf 90' lang='lat' dir='ltr'><strong>et</strong></span> <span class='ocrx_word' id='word_1_83' title='bbox 1845 822 1890 876; x_wconf 85' lang='lat' dir='ltr'><strong>ap-</strong></span> 
     </span>
     <span class='ocr_line' id='line_1_8' title="bbox 192 893 1890 965; baseline -0.003 -14"><span class='ocrx_word' id='word_1_84' title='bbox 192 895 348 952; x_wconf 81' lang='lat' dir='ltr'><strong>Aveutious</strong></span> <span class='ocrx_word' id='word_1_85' title='bbox 368 893 416 951; x_wconf 90' lang='lat' dir='ltr'><strong>lib.</strong></span> <span class='ocrx_word' id='word_1_86' title='bbox 436 901 459 951; x_wconf 89' lang='lat'><strong>5.</strong></span> <span class='ocrx_word' id='word_1_87' title='bbox 477 894 569 952; x_wconf 90' lang='lat' dir='ltr'><strong>annal.</strong></span> <span class='ocrx_word' id='word_1_88' title='bbox 590 894 714 950; x_wconf 74' lang='lat' dir='ltr'><strong>scmbeus</strong></span> <span class='ocrx_word' id='word_1_89' title='bbox 732 894 772 950; x_wconf 91' lang='lat' dir='ltr'><strong>sic</strong></span> <span class='ocrx_word' id='word_1_90' title='bbox 791 893 926 965; x_wconf 86' lang='lat' dir='ltr'><strong>loquitur:</strong></span> <span class='ocrx_word' id='word_1_91' title='bbox 962 894 1027 947; x_wconf 90' lang='lat' dir='ltr'><strong>Ple·</strong></span> <span class='ocrx_word' id='word_1_92' title='bbox 1056 894 1247 964; x_wconf 88' lang='lat' dir='ltr'><strong>probationem</strong></span> <span class='ocrx_word' id='word_1_93' title='bbox 1267 895 1388 949; x_wconf 68' lang='lat' dir='ltr'><strong>unveri</strong></span> <span class='ocrx_word' id='word_1_94' title='bbox 1415 894 1481 951; x_wconf 88' lang='lat' dir='ltr'><strong>cleri</strong></span> <span class='ocrx_word' id='word_1_95' title='bbox 1503 911 1537 948; x_wconf 91' lang='lat' dir='ltr'><strong>ac</strong></span> <span class='ocrx_word' id='word_1_96' title='bbox 1554 894 1650 965; x_wconf 88' lang='lat' dir='ltr'><strong>populi</strong></span> <span class='ocrx_word' id='word_1_97' title='bbox 1669 893 1816 948; x_wconf 87' lang='lat' dir='ltr'><strong>nationum</strong></span> <span class='ocrx_word' id='word_1_98' title='bbox 1833 894 1890 963; x_wconf 85' lang='lat' dir='ltr'><strong>jam</strong></span> 
     </span>
     <span class='ocr_line' id='line_1_9' title="bbox 191 976 1890 1051; baseline 0 -16"><span class='ocrx_word' id='word_1_99' title='bbox 191 983 270 1051; x_wconf 76' lang='lat' dir='ltr'><strong>rique</strong></span> <span class='ocrx_word' id='word_1_100' title='bbox 290 999 382 1035; x_wconf 89' lang='lat' dir='ltr'><strong>omnes</strong></span> <span class='ocrx_word' id='word_1_101' title='bbox 400 981 481 1050; x_wconf 87' lang='lat' dir='ltr'><strong>honi,</strong></span> <span class='ocrx_word' id='word_1_102' title='bbox 504 981 611 1050; x_wconf 87' lang='lat' dir='ltr'><strong>aperti,</strong></span> <span class='ocrx_word' id='word_1_103' title='bbox 629 980 715 1050; x_wconf 85' lang='lat' dir='ltr'><strong>justi,</strong></span> <span class='ocrx_word' id='word_1_104' title='bbox 744 981 870 1050; x_wconf 83' lang='lat' dir='ltr'><strong>inpenui,</strong></span> <span class='ocrx_word' id='word_1_105' title='bbox 888 980 1029 1049; x_wconf 74' lang='lat' dir='ltr'><strong><em>simplicat</em></strong></span> <span class='ocrx_word' id='word_1_106' title='bbox 1057 979 1193 1035; x_wconf 83' lang='lat' dir='ltr'><strong>dictumm</strong></span> <span class='ocrx_word' id='word_1_107' title='bbox 1227 980 1365 1050; x_wconf 80' lang='lat' dir='ltr'><strong>habebat3</strong></span> <span class='ocrx_word' id='word_1_108' title='bbox 1401 981 1473 1035; x_wconf 87' lang='lat' dir='ltr'><strong>alter</strong></span> <span class='ocrx_word' id='word_1_109' title='bbox 1500 995 1566 1034; x_wconf 87' lang='lat' dir='ltr'><strong>vero</strong></span> <span class='ocrx_word' id='word_1_110' title='bbox 1596 978 1742 1050; x_wconf 78' lang='lat' dir='ltr'><strong>Agapetus</strong></span> <span class='ocrx_word' id='word_1_111' title='bbox 1771 976 1890 1035; x_wconf 81' lang='lat' dir='ltr'><strong>minime.</strong></span> 
     </span>
     <span class='ocr_line' id='line_1_10' title="bbox 189 1065 1890 1138; baseline -0.001 -18"><span class='ocrx_word' id='word_1_112' title='bbox 189 1074 248 1120; x_wconf 90' lang='lat' dir='ltr'><strong>tum</strong></span> <span class='ocrx_word' id='word_1_113' title='bbox 273 1069 419 1138; x_wconf 86' lang='lat' dir='ltr'><strong>imperium</strong></span> <span class='ocrx_word' id='word_1_114' title='bbox 439 1068 610 1121; x_wconf 75' lang='lat' dir='ltr'><strong>Antichristi</strong></span> <span class='ocrx_word' id='word_1_115' title='bbox 629 1069 767 1136; x_wconf 83' lang='lat' dir='ltr'><strong>caepisse,</strong></span> <span class='ocrx_word' id='word_1_116' title='bbox 790 1068 868 1136; x_wconf 74' lang='lat' dir='ltr'><strong>qrtod</strong></span> <span class='ocrx_word' id='word_1_117' title='bbox 884 1085 932 1134; x_wconf 91' lang='lat' dir='ltr'><strong>ea,</strong></span> <span class='ocrx_word' id='word_1_118' title='bbox 955 1083 1026 1135; x_wconf 76' lang='lat' dir='ltr'><strong>pisae</strong></span> <span class='ocrx_word' id='word_1_119' title='bbox 1056 1066 1176 1122; x_wconf 86' lang='lat' dir='ltr'><strong>Proinde</strong></span> <span class='ocrx_word' id='word_1_120' title='bbox 1204 1065 1367 1121; x_wconf 84' lang='lat' dir='ltr'><strong>Bernhardo</strong></span> <span class='ocrx_word' id='word_1_121' title='bbox 1392 1083 1448 1121; x_wconf 87' lang='lat' dir='ltr'><strong>non</strong></span> <span class='ocrx_word' id='word_1_122' title='bbox 1470 1066 1517 1122; x_wconf 90' lang='lat' dir='ltr'><strong>ille</strong></span> <span class='ocrx_word' id='word_1_123' title='bbox 1543 1066 1631 1120; x_wconf 86' lang='lat' dir='ltr'><strong>solum</strong></span> <span class='ocrx_word' id='word_1_124' title='bbox 1652 1068 1816 1136; x_wconf 80' lang='lat' dir='ltr'><strong>Agapetus,</strong></span> <span class='ocrx_word' id='word_1_125' title='bbox 1843 1065 1890 1120; x_wconf 85' lang='lat' dir='ltr'><strong>sed</strong></span> 
     </span>
     <span class='ocr_line' id='line_1_11' title="bbox 191 1151 1890 1223; baseline -0.002 -16"><span class='ocrx_word' id='word_1_126' title='bbox 191 1152 319 1209; x_wconf 80' lang='lat' dir='ltr'><strong>Christus</strong></span> <span class='ocrx_word' id='word_1_127' title='bbox 345 1164 472 1208; x_wconf 86' lang='lat' dir='ltr'><strong>seruator</strong></span> <span class='ocrx_word' id='word_1_128' title='bbox 499 1163 594 1207; x_wconf 89' lang='lat' dir='ltr'><strong>noster</strong></span> <span class='ocrx_word' id='word_1_129' title='bbox 618 1162 658 1208; x_wconf 87' lang='lat' dir='ltr'><strong>tot</strong></span> <span class='ocrx_word' id='word_1_130' title='bbox 681 1172 769 1207; x_wconf 79' lang='lat' dir='ltr'><strong>asinos</strong></span> <span class='ocrx_word' id='word_1_131' title='bbox 793 1153 872 1206; x_wconf 72' lang='lat' dir='ltr'><strong>nohis</strong></span> <span class='ocrx_word' id='word_1_132' title='bbox 896 1153 1028 1221; x_wconf 80' lang='lat' dir='ltr'><strong>camasit,</strong></span> <span class='ocrx_word' id='word_1_133' title='bbox 1055 1151 1181 1223; x_wconf 86' lang='lat' dir='ltr'><strong>plerique</strong></span> <span class='ocrx_word' id='word_1_134' title='bbox 1200 1169 1295 1207; x_wconf 89' lang='lat' dir='ltr'><strong>omnes</strong></span> <span class='ocrx_word' id='word_1_135' title='bbox 1313 1152 1406 1207; x_wconf 86' lang='lat' dir='ltr'><strong>multis</strong></span> <span class='ocrx_word' id='word_1_136' title='bbox 1425 1151 1461 1206; x_wconf 92' lang='lat' dir='ltr'><strong>ab</strong></span> <span class='ocrx_word' id='word_1_137' title='bbox 1480 1152 1528 1208; x_wconf 92' lang='lat' dir='ltr'><strong>illo</strong></span> <span class='ocrx_word' id='word_1_138' title='bbox 1546 1151 1646 1207; x_wconf 89' lang='lat' dir='ltr'><strong>seculis</strong></span> <span class='ocrx_word' id='word_1_139' title='bbox 1663 1158 1729 1207; x_wconf 90' lang='lat' dir='ltr'><strong>sunt</strong></span> <span class='ocrx_word' id='word_1_140' title='bbox 1742 1151 1890 1206; x_wconf 85' lang='lat' dir='ltr'><strong>bestiailla</strong></span> 
     </span>
     <span class='ocr_line' id='line_1_12' title="bbox 191 1236 1889 1309; baseline -0.002 -15"><span class='ocrx_word' id='word_1_141' title='bbox 191 1242 312 1296; x_wconf 83' lang='lat' dir='ltr'><strong>euenisse</strong></span> <span class='ocrx_word' id='word_1_142' title='bbox 330 1258 361 1295; x_wconf 89' lang='lat' dir='ltr'><strong>eo</strong></span> <span class='ocrx_word' id='word_1_143' title='bbox 380 1248 501 1309; x_wconf 85' lang='lat' dir='ltr'><strong>tempore</strong></span> <span class='ocrx_word' id='word_1_144' title='bbox 518 1240 680 1309; x_wconf 87' lang='lat' dir='ltr'><strong>cernebant,</strong></span> <span class='ocrx_word' id='word_1_145' title='bbox 708 1239 859 1294; x_wconf 90' lang='lat' dir='ltr'><strong>memoriae</strong></span> <span class='ocrx_word' id='word_1_146' title='bbox 878 1239 1027 1292; x_wconf 66' lang='lat' dir='ltr'><strong>limarsum</strong></span> <span class='ocrx_word' id='word_1_147' title='bbox 1055 1238 1084 1291; x_wconf 91' lang='lat' dir='ltr'><strong>in</strong></span> <span class='ocrx_word' id='word_1_148' title='bbox 1106 1238 1280 1308; x_wconf 77' lang='lat' dir='ltr'><strong>Apocalypsi</strong></span> <span class='ocrx_word' id='word_1_149' title='bbox 1304 1238 1506 1303; x_wconf 88' lang='lat' dir='ltr'><strong>demonstrata,</strong></span> <span class='ocrx_word' id='word_1_150' title='bbox 1531 1245 1628 1307; x_wconf 84' lang='lat' dir='ltr'><strong>utpote</strong></span> <span class='ocrx_word' id='word_1_151' title='bbox 1652 1237 1700 1308; x_wconf 90' lang='lat' dir='ltr'><strong>qui</strong></span> <span class='ocrx_word' id='word_1_152' title='bbox 1720 1253 1739 1291; x_wconf 88' lang='lat' dir='ltr'><strong>a</strong></span> <span class='ocrx_word' id='word_1_153' title='bbox 1759 1236 1821 1291; x_wconf 88' lang='lat' dir='ltr'><strong>solo</strong></span> <span class='ocrx_word' id='word_1_154' title='bbox 1839 1237 1889 1292; x_wconf 87' lang='lat' dir='ltr'><strong>col·</strong></span> 
     </span>
     <span class='ocr_line' id='line_1_13' title="bbox 187 1322 1889 1398; baseline -0.002 -18"><span class='ocrx_word' id='word_1_155' title='bbox 187 1328 353 1397; x_wconf 83' lang='lat' dir='ltr'><strong>prodidere.</strong></span> <span class='ocrx_word' id='word_1_156' title='bbox 404 1326 482 1381; x_wconf 87' lang='lat' dir='ltr'><strong>Idem</strong></span> <span class='ocrx_word' id='word_1_157' title='bbox 511 1325 609 1392; x_wconf 84' lang='lat' dir='ltr'><strong>refert,</strong></span> <span class='ocrx_word' id='word_1_158' title='bbox 649 1326 717 1398; x_wconf 90' lang='lat' dir='ltr'><strong>quid</strong></span> <span class='ocrx_word' id='word_1_159' title='bbox 746 1331 810 1396; x_wconf 91' lang='lat' dir='ltr'><strong>post</strong></span> <span class='ocrx_word' id='word_1_160' title='bbox 842 1323 1027 1379; x_wconf 88' lang='lat' dir='ltr'><strong>Hildebrandi</strong></span> <span class='ocrx_word' id='word_1_161' title='bbox 1055 1322 1128 1394; x_wconf 81' lang='lat' dir='ltr'><strong>legio</strong></span> <span class='ocrx_word' id='word_1_162' title='bbox 1146 1324 1342 1393; x_wconf 81' lang='lat' dir='ltr'><strong>cardinalium,</strong></span> <span class='ocrx_word' id='word_1_163' title='bbox 1366 1339 1454 1395; x_wconf 88' lang='lat' dir='ltr'><strong>eoque</strong></span> <span class='ocrx_word' id='word_1_164' title='bbox 1472 1339 1529 1377; x_wconf 91' lang='lat' dir='ltr'><strong>non</strong></span> <span class='ocrx_word' id='word_1_165' title='bbox 1547 1339 1610 1377; x_wconf 88' lang='lat' dir='ltr'><strong>raro</strong></span> <span class='ocrx_word' id='word_1_166' title='bbox 1628 1322 1700 1376; x_wconf 90' lang='lat' dir='ltr'><strong>iuter</strong></span> <span class='ocrx_word' id='word_1_167' title='bbox 1718 1339 1749 1377; x_wconf 92' lang='lat' dir='ltr'><strong>se</strong></span> <span class='ocrx_word' id='word_1_168' title='bbox 1766 1322 1889 1377; x_wconf 75' lang='lat' dir='ltr'><strong>landoni·</strong></span> 
     </span>
     <span class='ocr_line' id='line_1_14' title="bbox 192 1408 1889 1484; baseline -0.002 -17"><span class='ocrx_word' id='word_1_169' title='bbox 192 1421 307 1469; x_wconf 65' lang='lat' dir='ltr'><strong>monem</strong></span> <span class='ocrx_word' id='word_1_170' title='bbox 326 1412 471 1468; x_wconf 88' lang='lat' dir='ltr'><strong>acciderit:</strong></span> <span class='ocrx_word' id='word_1_171' title='bbox 507 1413 650 1466; x_wconf 85' lang='lat' dir='ltr'><strong>Sacerdos</strong></span> <span class='ocrx_word' id='word_1_172' title='bbox 668 1411 778 1484; x_wconf 88' lang='lat' dir='ltr'><strong>(inquit)</strong></span> <span class='ocrx_word' id='word_1_173' title='bbox 796 1412 938 1482; x_wconf 79' lang='lat' dir='ltr'><strong>espiranti</strong></span> <span class='ocrx_word' id='word_1_174' title='bbox 953 1412 1027 1465; x_wconf 87' lang='lat' dir='ltr'><strong>simi·</strong></span> <span class='ocrx_word' id='word_1_175' title='bbox 1055 1409 1107 1464; x_wconf 88' lang='lat' dir='ltr'><strong>bus</strong></span> <span class='ocrx_word' id='word_1_176' title='bbox 1127 1409 1228 1479; x_wconf 87' lang='lat' dir='ltr'><strong>diviso,</strong></span> <span class='ocrx_word' id='word_1_177' title='bbox 1247 1409 1325 1464; x_wconf 85' lang='lat' dir='ltr'><strong>nulla</strong></span> <span class='ocrx_word' id='word_1_178' title='bbox 1344 1409 1543 1466; x_wconf 87' lang='lat' dir='ltr'><strong>interveniente</strong></span> <span class='ocrx_word' id='word_1_179' title='bbox 1561 1425 1659 1480; x_wconf 79' lang='lat' dir='ltr'><strong>regum</strong></span> <span class='ocrx_word' id='word_1_180' title='bbox 1679 1416 1708 1463; x_wconf 91' lang='lat' dir='ltr'><strong>et</strong></span> <span class='ocrx_word' id='word_1_181' title='bbox 1723 1408 1889 1479; x_wconf 90' lang='lat' dir='ltr'><strong>populorum</strong></span> 
     </span>
     <span class='ocr_line' id='line_1_15' title="bbox 193 1494 1890 1568; baseline -0.004 -12"><span class='ocrx_word' id='word_1_182' title='bbox 193 1500 230 1556; x_wconf 89' lang='lat' dir='ltr'><strong>lis</strong></span> <span class='ocrx_word' id='word_1_183' title='bbox 264 1500 358 1552; x_wconf 86' lang='lat' dir='ltr'><strong>triduo</strong></span> <span class='ocrx_word' id='word_1_184' title='bbox 389 1499 419 1551; x_wconf 90' lang='lat' dir='ltr'><strong>in</strong></span> <span class='ocrx_word' id='word_1_185' title='bbox 451 1498 579 1552; x_wconf 78' lang='lat' dir='ltr'><strong>Sanonia</strong></span> <span class='ocrx_word' id='word_1_186' title='bbox 606 1498 743 1551; x_wconf 76' lang='lat' dir='ltr'><strong>decubuit.</strong></span> <span class='ocrx_word' id='word_1_187' title='bbox 792 1496 824 1551; x_wconf 86' lang='lat' dir='ltr'><strong>Is</strong></span> <span class='ocrx_word' id='word_1_188' title='bbox 851 1498 901 1550; x_wconf 86' lang='lat' dir='ltr'><strong>uhi</strong></span> <span class='ocrx_word' id='word_1_189' title='bbox 929 1500 970 1550; x_wconf 89' lang='lat' dir='ltr'><strong>ad</strong></span> <span class='ocrx_word' id='word_1_190' title='bbox 998 1514 1028 1550; x_wconf 88' lang='lat' dir='ltr'><strong>ae</strong></span> <span class='ocrx_word' id='word_1_191' title='bbox 1055 1494 1164 1551; x_wconf 90' lang='lat' dir='ltr'><strong>illorum</strong></span> <span class='ocrx_word' id='word_1_192' title='bbox 1182 1497 1347 1553; x_wconf 86' lang='lat' dir='ltr'><strong>auctoritate</strong></span> <span class='ocrx_word' id='word_1_193' title='bbox 1364 1496 1444 1552; x_wconf 87' lang='lat' dir='ltr'><strong>electi</strong></span> <span class='ocrx_word' id='word_1_194' title='bbox 1460 1496 1573 1551; x_wconf 89' lang='lat' dir='ltr'><strong>fuerunt</strong></span> <span class='ocrx_word' id='word_1_195' title='bbox 1588 1495 1718 1551; x_wconf 87' lang='lat' dir='ltr'><strong>etadbuc</strong></span> <span class='ocrx_word' id='word_1_196' title='bbox 1731 1495 1890 1568; x_wconf 77' lang='lat' dir='ltr'><strong>ebguntur.)</strong></span> 
     </span>
     <span class='ocr_line' id='line_1_16' title="bbox 193 1581 1892 1654; baseline -0.003 -14"><span class='ocrx_word' id='word_1_197' title='bbox 193 1588 293 1654; x_wconf 86' lang='lat' dir='ltr'><strong>rediit,</strong></span> <span class='ocrx_word' id='word_1_198' title='bbox 324 1587 405 1653; x_wconf 83' lang='lat' dir='ltr'><strong>apud</strong></span> <span class='ocrx_word' id='word_1_199' title='bbox 430 1585 540 1650; x_wconf 72' lang='lat' dir='ltr'><strong>inferos</strong></span> <span class='ocrx_word' id='word_1_200' title='bbox 567 1585 811 1652; x_wconf 85' lang='lat' dir='ltr'><strong>Hildehrandum,</strong></span> <span class='ocrx_word' id='word_1_201' title='bbox 837 1585 1029 1654; x_wconf 80' lang='lat' dir='ltr'><strong>Rudolphum,</strong></span> <span class='ocrx_word' id='word_1_202' title='bbox 1056 1581 1135 1636; x_wconf 90' lang='lat' dir='ltr'><strong>Idem</strong></span> <span class='ocrx_word' id='word_1_203' title='bbox 1163 1598 1243 1637; x_wconf 74' lang='lat' dir='ltr'><strong>serm.</strong></span> <span class='ocrx_word' id='word_1_204' title='bbox 1275 1587 1315 1638; x_wconf 85' lang='lat'><strong>33.</strong></span> <span class='ocrx_word' id='word_1_205' title='bbox 1344 1599 1428 1652; x_wconf 88' lang='lat' dir='ltr'><strong>super</strong></span> <span class='ocrx_word' id='word_1_206' title='bbox 1461 1582 1541 1638; x_wconf 86' lang='lat' dir='ltr'><strong>Cant.</strong></span> <span class='ocrx_word' id='word_1_207' title='bbox 1572 1581 1624 1638; x_wconf 91' lang='lat' dir='ltr'><strong>col.</strong></span> <span class='ocrx_word' id='word_1_208' title='bbox 1652 1587 1716 1637; x_wconf 79' lang='lat'><strong>602:</strong></span> <span class='ocrx_word' id='word_1_209' title='bbox 1760 1583 1892 1638; x_wconf 85' lang='lat' dir='ltr'><strong>Ministri</strong></span> 
     </span>
     <span class='ocr_line' id='line_1_17' title="bbox 193 1668 1888 1740; baseline -0.002 -13"><span class='ocrx_word' id='word_1_210' title='bbox 193 1672 388 1727; x_wconf 87' lang='lat' dir='ltr'><strong>Hermannum</strong></span> <span class='ocrx_word' id='word_1_211' title='bbox 418 1680 553 1739; x_wconf 74' lang='lat' dir='ltr'><strong>tyrannos</strong></span> <span class='ocrx_word' id='word_1_212' title='bbox 582 1671 703 1724; x_wconf 86' lang='lat' dir='ltr'><strong>aeternis</strong></span> <span class='ocrx_word' id='word_1_213' title='bbox 733 1671 854 1723; x_wconf 90' lang='lat' dir='ltr'><strong>mactari</strong></span> <span class='ocrx_word' id='word_1_214' title='bbox 880 1670 1029 1740; x_wconf 88' lang='lat' dir='ltr'><strong>suppliciis</strong></span> <span class='ocrx_word' id='word_1_215' title='bbox 1057 1668 1164 1724; x_wconf 89' lang='lat' dir='ltr'><strong>Christi</strong></span> <span class='ocrx_word' id='word_1_216' title='bbox 1188 1676 1251 1723; x_wconf 78' lang='lat' dir='ltr'><strong>nant</strong></span> <span class='ocrx_word' id='word_1_217' title='bbox 1272 1677 1297 1722; x_wconf 88' lang='lat' dir='ltr'><strong>ct</strong></span> <span class='ocrx_word' id='word_1_218' title='bbox 1314 1669 1489 1724; x_wconf 67' lang='lat' dir='ltr'><strong>Antichristo</strong></span> <span class='ocrx_word' id='word_1_219' title='bbox 1507 1670 1645 1730; x_wconf 75' lang='lat' dir='ltr'><strong>semum,</strong></span> <span class='ocrx_word' id='word_1_220' title='bbox 1667 1668 1804 1723; x_wconf 80' lang='lat' dir='ltr'><strong>hmsorati</strong></span> <span class='ocrx_word' id='word_1_221' title='bbox 1820 1670 1888 1723; x_wconf 87' lang='lat' dir='ltr'><strong>inae·</strong></span> 
     </span>
     <span class='ocr_line' id='line_1_18' title="bbox 193 1755 1890 1827; baseline -0.002 -15"><span class='ocrx_word' id='word_1_222' title='bbox 193 1759 335 1815; x_wconf 81' lang='lat' dir='ltr'><strong>revelavit.</strong></span> <span class='ocrx_word' id='word_1_223' title='bbox 364 1759 449 1812; x_wconf 81' lang='lat' dir='ltr'><strong>Falci</strong></span> <span class='ocrx_word' id='word_1_224' title='bbox 466 1768 522 1811; x_wconf 91' lang='lat' dir='ltr'><strong>tum</strong></span> <span class='ocrx_word' id='word_1_225' title='bbox 536 1757 702 1827; x_wconf 87' lang='lat' dir='ltr'><strong>prophetae,</strong></span> <span class='ocrx_word' id='word_1_226' title='bbox 717 1757 936 1826; x_wconf 82' lang='lat' dir='ltr'><strong>salsiapostoli,</strong></span> <span class='ocrx_word' id='word_1_227' title='bbox 949 1757 1030 1825; x_wconf 84' lang='lat' dir='ltr'><strong>falsi</strong></span> <span class='ocrx_word' id='word_1_228' title='bbox 1055 1757 1126 1808; x_wconf 89' lang='lat' dir='ltr'><strong>dunt</strong></span> <span class='ocrx_word' id='word_1_229' title='bbox 1151 1755 1287 1809; x_wconf 83' lang='lat' dir='ltr'><strong>debonis</strong></span> <span class='ocrx_word' id='word_1_230' title='bbox 1311 1755 1443 1824; x_wconf 84' lang='lat' dir='ltr'><strong>Domini,</strong></span> <span class='ocrx_word' id='word_1_231' title='bbox 1473 1756 1523 1824; x_wconf 78' lang='lat' dir='ltr'><strong>qui</strong></span> <span class='ocrx_word' id='word_1_232' title='bbox 1544 1755 1669 1808; x_wconf 88' lang='lat' dir='ltr'><strong>Domino</strong></span> <span class='ocrx_word' id='word_1_233' title='bbox 1686 1755 1822 1809; x_wconf 88' lang='lat' dir='ltr'><strong>honorem</strong></span> <span class='ocrx_word' id='word_1_234' title='bbox 1837 1773 1890 1809; x_wconf 90' lang='lat' dir='ltr'><strong>non</strong></span> 
     </span>
     <span class='ocr_line' id='line_1_19' title="bbox 193 1842 1889 1912; baseline -0.001 -13"><span class='ocrx_word' id='word_1_235' title='bbox 193 1847 355 1899; x_wconf 89' lang='lat' dir='ltr'><strong>sacerdotes</strong></span> <span class='ocrx_word' id='word_1_236' title='bbox 373 1860 515 1912; x_wconf 73' lang='lat' dir='ltr'><strong>emersere,</strong></span> <span class='ocrx_word' id='word_1_237' title='bbox 533 1844 583 1911; x_wconf 76' lang='lat' dir='ltr'><strong>qui</strong></span> <span class='ocrx_word' id='word_1_238' title='bbox 599 1842 734 1896; x_wconf 90' lang='lat' dir='ltr'><strong>simulata</strong></span> <span class='ocrx_word' id='word_1_239' title='bbox 747 1842 1029 1912; x_wconf 80' lang='lat' dir='ltr'><strong>relipionepopulum</strong></span> <span class='ocrx_word' id='word_1_240' title='bbox 1056 1842 1197 1906; x_wconf 84' lang='lat' dir='ltr'><strong>deserunt,</strong></span> <span class='ocrx_word' id='word_1_241' title='bbox 1216 1843 1282 1895; x_wconf 85' lang='lat' dir='ltr'><strong>inde</strong></span> <span class='ocrx_word' id='word_1_242' title='bbox 1301 1843 1342 1912; x_wconf 90' lang='lat' dir='ltr'><strong>is,</strong></span> <span class='ocrx_word' id='word_1_243' title='bbox 1364 1860 1443 1912; x_wconf 81' lang='lat' dir='ltr'><strong>quem</strong></span> <span class='ocrx_word' id='word_1_244' title='bbox 1461 1842 1586 1912; x_wconf 75' lang='lat' dir='ltr'><strong>quotidie</strong></span> <span class='ocrx_word' id='word_1_245' title='bbox 1602 1842 1695 1909; x_wconf 86' lang='lat' dir='ltr'><strong>uides,</strong></span> <span class='ocrx_word' id='word_1_246' title='bbox 1715 1842 1889 1897; x_wconf 74' lang='lat' dir='ltr'><strong>meretricius</strong></span> 
     </span>
     <span class='ocr_line' id='line_1_20' title="bbox 195 1917 1889 2003; baseline 0 -18"><span class='ocrx_word' id='word_1_247' title='bbox 195 1933 376 2003; x_wconf 79' lang='lat' dir='ltr'><strong>deceperunt,</strong></span> <span class='ocrx_word' id='word_1_248' title='bbox 401 1947 504 1998; x_wconf 78' lang='lat' dir='ltr'><strong>mapna</strong></span> <span class='ocrx_word' id='word_1_249' title='bbox 528 1928 611 1996; x_wconf 83' lang='lat' dir='ltr'><strong>sipna</strong></span> <span class='ocrx_word' id='word_1_250' title='bbox 629 1945 663 1980; x_wconf 90' lang='lat' dir='ltr'><strong>ac</strong></span> <span class='ocrx_word' id='word_1_251' title='bbox 677 1929 818 1997; x_wconf 79' lang='lat' dir='ltr'><strong>prodipia</strong></span> <span class='ocrx_word' id='word_1_252' title='bbox 835 1917 988 1981; x_wconf 48' lang='lat' dir='ltr'><strong>‘ediderunt</strong></span> <span class='ocrx_word' id='word_1_253' title='bbox 1003 1935 1029 1981; x_wconf 90' lang='lat' dir='ltr'><strong>et</strong></span> <span class='ocrx_word' id='word_1_254' title='bbox 1056 1928 1137 1995; x_wconf 87' lang='lat' dir='ltr'><strong>nitor,</strong></span> <span class='ocrx_word' id='word_1_255' title='bbox 1156 1929 1336 1983; x_wconf 80' lang='lat' dir='ltr'><strong>histrionicus</strong></span> <span class='ocrx_word' id='word_1_256' title='bbox 1353 1928 1472 1998; x_wconf 81' lang='lat' dir='ltr'><strong>halitus,</strong></span> <span class='ocrx_word' id='word_1_257' title='bbox 1490 1929 1585 1998; x_wconf 82' lang='lat' dir='ltr'><strong>repius</strong></span> <span class='ocrx_word' id='word_1_258' title='bbox 1602 1934 1826 1997; x_wconf 83' lang='lat' dir='ltr'><strong>apparatusetc</strong></span> <span class='ocrx_word' id='word_1_259' title='bbox 1835 1946 1889 1998; x_wconf 84' lang='lat' dir='ltr'><strong>pro</strong></span> 
     </span>
     <span class='ocr_line' id='line_1_21' title="bbox 194 2008 1888 2087; baseline -0.002 -15"><span class='ocrx_word' id='word_1_260' title='bbox 194 2019 224 2072; x_wconf 88' lang='lat' dir='ltr'><strong>in</strong></span> <span class='ocrx_word' id='word_1_261' title='bbox 248 2008 352 2087; x_wconf 85' lang='lat' dir='ltr'><strong>templo</strong></span> <span class='ocrx_word' id='word_1_262' title='bbox 372 2018 432 2071; x_wconf 86' lang='lat' dir='ltr'><strong>Dei</strong></span> <span class='ocrx_word' id='word_1_263' title='bbox 448 2017 546 2071; x_wconf 78' lang='lat' dir='ltr'><strong>sedem</strong></span> <span class='ocrx_word' id='word_1_264' title='bbox 563 2022 646 2085; x_wconf 76' lang='lat' dir='ltr'><strong>atquc</strong></span> <span class='ocrx_word' id='word_1_265' title='bbox 665 2016 762 2069; x_wconf 76' lang='lat' dir='ltr'><strong>extolli</strong></span> <span class='ocrx_word' id='word_1_266' title='bbox 777 2031 862 2086; x_wconf 85' lang='lat' dir='ltr'><strong>super</strong></span> <span class='ocrx_word' id='word_1_267' title='bbox 881 2031 972 2084; x_wconf 90' lang='lat' dir='ltr'><strong>omne,</strong></span> <span class='ocrx_word' id='word_1_268' title='bbox 996 2015 1030 2068; x_wconf 92' lang='lat' dir='ltr'><strong>id</strong></span> <span class='ocrx_word' id='word_1_269' title='bbox 1056 2015 1219 2083; x_wconf 85' lang='lat' dir='ltr'><strong>hujusmodi</strong></span> <span class='ocrx_word' id='word_1_270' title='bbox 1242 2014 1338 2068; x_wconf 88' lang='lat' dir='ltr'><strong>volunt</strong></span> <span class='ocrx_word' id='word_1_271' title='bbox 1363 2031 1421 2069; x_wconf 86' lang='lat' dir='ltr'><strong>csse</strong></span> <span class='ocrx_word' id='word_1_272' title='bbox 1441 2022 1467 2069; x_wconf 93' lang='lat' dir='ltr'><strong>et</strong></span> <span class='ocrx_word' id='word_1_273' title='bbox 1484 2021 1548 2068; x_wconf 86' lang='lat' dir='ltr'><strong>sunt</strong></span> <span class='ocrx_word' id='word_1_274' title='bbox 1570 2015 1753 2068; x_wconf 88' lang='lat' dir='ltr'><strong>ecclesiarum</strong></span> <span class='ocrx_word' id='word_1_275' title='bbox 1765 2032 1888 2085; x_wconf 83' lang='lat' dir='ltr'><strong>praepo·</strong></span> 
     </span>
     <span class='ocr_line' id='line_1_22' title="bbox 193 2101 1888 2174; baseline 0.001 -16"><span class='ocrx_word' id='word_1_276' title='bbox 193 2106 271 2174; x_wconf 76' lang='lat' dir='ltr'><strong>quod</strong></span> <span class='ocrx_word' id='word_1_277' title='bbox 290 2104 406 2170; x_wconf 89' lang='lat' dir='ltr'><strong>colitur,</strong></span> <span class='ocrx_word' id='word_1_278' title='bbox 434 2111 583 2172; x_wconf 86' lang='lat' dir='ltr'><strong>coeperunt</strong></span> <span class='ocrx_word' id='word_1_279' title='bbox 608 2103 667 2172; x_wconf 90' lang='lat' dir='ltr'><strong>(sio</strong></span> <span class='ocrx_word' id='word_1_280' title='bbox 694 2119 759 2171; x_wconf 79' lang='lat' dir='ltr'><strong>erpo</strong></span> <span class='ocrx_word' id='word_1_281' title='bbox 786 2101 951 2170; x_wconf 88' lang='lat' dir='ltr'><strong>completum</strong></span> <span class='ocrx_word' id='word_1_282' title='bbox 971 2102 1030 2168; x_wconf 76' lang='lat' dir='ltr'><strong>fuit</strong></span> <span class='ocrx_word' id='word_1_283' title='bbox 1055 2101 1117 2169; x_wconf 86' lang='lat' dir='ltr'><strong>siti,</strong></span> <span class='ocrx_word' id='word_1_284' title='bbox 1140 2103 1254 2169; x_wconf 77' lang='lat' dir='ltr'><strong>auant,</strong></span> <span class='ocrx_word' id='word_1_285' title='bbox 1279 2102 1491 2168; x_wconf 76' lang='lat' dir='ltr'><strong>archidiaconi,</strong></span> <span class='ocrx_word' id='word_1_286' title='bbox 1515 2101 1652 2170; x_wconf 84' lang='lat' dir='ltr'><strong>episcopi,</strong></span> <span class='ocrx_word' id='word_1_287' title='bbox 1675 2102 1888 2172; x_wconf 73' lang='lat' dir='ltr'><strong>archiepiscopi</strong></span> 
     </span>
     <span class='ocr_line' id='line_1_23' title="bbox 192 2185 1888 2258; baseline 0 -13"><span class='ocrx_word' id='word_1_288' title='bbox 192 2190 355 2245; x_wconf 77' lang='lat' dir='ltr'><strong>vaticinium</strong></span> <span class='ocrx_word' id='word_1_289' title='bbox 385 2188 570 2257; x_wconf 88' lang='lat' dir='ltr'><strong>apostolicum</strong></span> <span class='ocrx_word' id='word_1_290' title='bbox 596 2189 632 2241; x_wconf 91' lang='lat' dir='ltr'><strong>de</strong></span> <span class='ocrx_word' id='word_1_291' title='bbox 662 2189 782 2241; x_wconf 84' lang='lat' dir='ltr'><strong>aduentu</strong></span> <span class='ocrx_word' id='word_1_292' title='bbox 807 2188 977 2242; x_wconf 85' lang='lat' dir='ltr'><strong>Antichristi</strong></span> <span class='ocrx_word' id='word_1_293' title='bbox 999 2188 1029 2239; x_wconf 89' lang='lat' dir='ltr'><strong>in</strong></span> <span class='ocrx_word' id='word_1_294' title='bbox 1058 2186 1128 2241; x_wconf 88' lang='lat' dir='ltr'><strong>Vide</strong></span> <span class='ocrx_word' id='word_1_295' title='bbox 1156 2185 1222 2241; x_wconf 92' lang='lat' dir='ltr'><strong><em>ibid.</em></strong></span> <span class='ocrx_word' id='word_1_296' title='bbox 1247 2187 1344 2258; x_wconf 88' lang='lat' dir='ltr'><strong>plura,</strong></span> <span class='ocrx_word' id='word_1_297' title='bbox 1370 2187 1413 2241; x_wconf 89' lang='lat' dir='ltr'><strong>uti</strong></span> <span class='ocrx_word' id='word_1_298' title='bbox 1441 2187 1525 2242; x_wconf 89' lang='lat' dir='ltr'><strong>etiam</strong></span> <span class='ocrx_word' id='word_1_299' title='bbox 1552 2203 1630 2241; x_wconf 87' lang='lat' dir='ltr'><strong>serm.</strong></span> <span class='ocrx_word' id='word_1_300' title='bbox 1661 2192 1683 2242; x_wconf 92' lang='lat'><strong>1.</strong></span> <span class='ocrx_word' id='word_1_301' title='bbox 1710 2188 1741 2241; x_wconf 90' lang='lat' dir='ltr'><strong>in</strong></span> <span class='ocrx_word' id='word_1_302' title='bbox 1765 2204 1888 2245; x_wconf 81' lang='lat' dir='ltr'><strong>convers.</strong></span> 
     </span>
     <span class='ocr_line' id='line_1_24' title="bbox 193 2273 1889 2345; baseline -0.001 -14"><span class='ocrx_word' id='word_1_303' title='bbox 193 2277 283 2332; x_wconf 71' lang='lat' dir='ltr'><strong>munis</strong></span> <span class='ocrx_word' id='word_1_304' title='bbox 304 2277 415 2345; x_wconf 81' lang='lat' dir='ltr'><strong>penoris</strong></span> <span class='ocrx_word' id='word_1_305' title='bbox 440 2275 542 2328; x_wconf 80' lang='lat' dir='ltr'><strong>uirtute</strong></span> <span class='ocrx_word' id='word_1_306' title='bbox 561 2280 587 2327; x_wconf 90' lang='lat' dir='ltr'><strong>et</strong></span> <span class='ocrx_word' id='word_1_307' title='bbox 603 2274 692 2341; x_wconf 81' lang='lat' dir='ltr'><strong>sipnis</strong></span> <span class='ocrx_word' id='word_1_308' title='bbox 711 2282 737 2327; x_wconf 92' lang='lat' dir='ltr'><strong>et</strong></span> <span class='ocrx_word' id='word_1_309' title='bbox 750 2273 896 2344; x_wconf 81' lang='lat' dir='ltr'><strong>prodipiis</strong></span> <span class='ocrx_word' id='word_1_310' title='bbox 914 2276 1028 2328; x_wconf 88' lang='lat' dir='ltr'><strong>mendu-</strong></span> <span class='ocrx_word' id='word_1_311' title='bbox 1055 2273 1137 2327; x_wconf 90' lang='lat' dir='ltr'><strong>Pauli</strong></span> <span class='ocrx_word' id='word_1_312' title='bbox 1164 2273 1216 2330; x_wconf 91' lang='lat' dir='ltr'><strong>col.</strong></span> <span class='ocrx_word' id='word_1_313' title='bbox 1242 2279 1283 2331; x_wconf 87' lang='grc'><strong>81.</strong></span> <span class='ocrx_word' id='word_1_314' title='bbox 1312 2282 1340 2330; x_wconf 90' lang='lat' dir='ltr'><strong>et</strong></span> <span class='ocrx_word' id='word_1_315' title='bbox 1363 2279 1406 2331; x_wconf 85' lang='grc'><strong>82.</strong></span> <span class='ocrx_word' id='word_1_316' title='bbox 1431 2274 1481 2329; x_wconf 91' lang='lat' dir='ltr'><strong>ubi</strong></span> <span class='ocrx_word' id='word_1_317' title='bbox 1505 2274 1577 2330; x_wconf 89' lang='lat' dir='ltr'><strong>inter</strong></span> <span class='ocrx_word' id='word_1_318' title='bbox 1600 2273 1656 2329; x_wconf 87' lang='lat' dir='ltr'><strong>alia</strong></span> <span class='ocrx_word' id='word_1_319' title='bbox 1678 2273 1758 2329; x_wconf 88' lang='lat' dir='ltr'><strong>dicit:</strong></span> <span class='ocrx_word' id='word_1_320' title='bbox 1801 2276 1889 2330; x_wconf 82' lang='lat' dir='ltr'><strong>Multi</strong></span> 
     </span>
     <span class='ocr_line' id='line_1_25' title="bbox 193 2359 1888 2431; baseline -0.002 -12"><span class='ocrx_word' id='word_1_321' title='bbox 193 2364 270 2419; x_wconf 73' lang='lat' dir='ltr'><strong>mbas</strong></span> <span class='ocrx_word' id='word_1_322' title='bbox 293 2367 317 2419; x_wconf 91' lang='grc'><strong>2.</strong></span> <span class='ocrx_word' id='word_1_323' title='bbox 334 2360 432 2417; x_wconf 83' lang='lat' dir='ltr'><strong>Thess.</strong></span> <span class='ocrx_word' id='word_1_324' title='bbox 451 2367 482 2430; x_wconf 90' lang='grc'><strong>2,</strong></span> <span class='ocrx_word' id='word_1_325' title='bbox 507 2379 533 2416; x_wconf 86' lang='lat' dir='ltr'><strong>v.</strong></span> <span class='ocrx_word' id='word_1_326' title='bbox 553 2365 588 2429; x_wconf 83' lang='grc'><strong>9.)</strong></span> <span class='ocrx_word' id='word_1_327' title='bbox 624 2360 724 2416; x_wconf 85' lang='lat' dir='ltr'><strong>Petrus</strong></span> <span class='ocrx_word' id='word_1_328' title='bbox 746 2360 842 2416; x_wconf 85' lang='lat' dir='ltr'><strong>Asilos</strong></span> <span class='ocrx_word' id='word_1_329' title='bbox 863 2360 899 2417; x_wconf 91' lang='lat' dir='ltr'><strong>de</strong></span> <span class='ocrx_word' id='word_1_330' title='bbox 918 2367 1028 2431; x_wconf 82' lang='lat' dir='ltr'><strong>tyrann.</strong></span> <span class='ocrx_word' id='word_1_331' title='bbox 1054 2368 1119 2413; x_wconf 88' lang='lat' dir='ltr'><strong>sunt</strong></span> <span class='ocrx_word' id='word_1_332' title='bbox 1142 2362 1247 2413; x_wconf 86' lang='lat' dir='ltr'><strong>nostris</strong></span> <span class='ocrx_word' id='word_1_333' title='bbox 1270 2361 1438 2430; x_wconf 77' lang='lat' dir='ltr'><strong>temporina</strong></span> <span class='ocrx_word' id='word_1_334' title='bbox 1456 2361 1634 2417; x_wconf 86' lang='lat' dir='ltr'><strong>Antichristi.</strong></span> <span class='ocrx_word' id='word_1_335' title='bbox 1656 2359 1705 2416; x_wconf 88' lang='lat' dir='ltr'><strong>lib.</strong></span> <span class='ocrx_word' id='word_1_336' title='bbox 1725 2367 1750 2418; x_wconf 84' lang='lat'><strong>2.</strong></span> <span class='ocrx_word' id='word_1_337' title='bbox 1771 2362 1807 2418; x_wconf 88' lang='lat' dir='ltr'><strong>dc</strong></span> <span class='ocrx_word' id='word_1_338' title='bbox 1824 2379 1888 2418; x_wconf 87' lang='lat' dir='ltr'><strong>con·</strong></span> 
     </span>
     <span class='ocr_line' id='line_1_26' title="bbox 192 2445 1888 2520; baseline 0.001 -18"><span class='ocrx_word' id='word_1_339' title='bbox 192 2447 292 2520; x_wconf 84' lang='lat' dir='ltr'><strong>pontif.</strong></span> <span class='ocrx_word' id='word_1_340' title='bbox 311 2466 333 2502; x_wconf 90' lang='lat' dir='ltr'><strong>c.</strong></span> <span class='ocrx_word' id='word_1_341' title='bbox 353 2454 375 2504; x_wconf 84' lang='lat'><strong>3.</strong></span> <span class='ocrx_word' id='word_1_342' title='bbox 396 2465 425 2518; x_wconf 87' lang='lat' dir='ltr'><strong>p.</strong></span> <span class='ocrx_word' id='word_1_343' title='bbox 444 2453 492 2503; x_wconf 78' lang='lat' dir='ltr'><strong>ot:</strong></span> <span class='ocrx_word' id='word_1_344' title='bbox 512 2445 598 2500; x_wconf 83' lang='lat' dir='ltr'><strong>Circa</strong></span> <span class='ocrx_word' id='word_1_345' title='bbox 616 2455 740 2516; x_wconf 88' lang='lat' dir='ltr'><strong>tempora</strong></span> <span class='ocrx_word' id='word_1_346' title='bbox 759 2447 962 2516; x_wconf 80' lang='lat' dir='ltr'><strong>Hildebrandi,</strong></span> <span class='ocrx_word' id='word_1_347' title='bbox 980 2449 1029 2516; x_wconf 78' lang='lat' dir='ltr'><strong>qui</strong></span> <span class='ocrx_word' id='word_1_348' title='bbox 1054 2445 1106 2502; x_wconf 89' lang='lat' dir='ltr'><strong>sid.</strong></span> <span class='ocrx_word' id='word_1_349' title='bbox 1131 2447 1168 2500; x_wconf 90' lang='lat' dir='ltr'><strong>ad</strong></span> <span class='ocrx_word' id='word_1_350' title='bbox 1190 2446 1297 2519; x_wconf 81' lang='lat' dir='ltr'><strong>Eugen.</strong></span> <span class='ocrx_word' id='word_1_351' title='bbox 1317 2461 1433 2518; x_wconf 88' lang='lat' dir='ltr'><strong>papam:</strong></span> <span class='ocrx_word' id='word_1_352' title='bbox 1470 2448 1593 2501; x_wconf 83' lang='lat' dir='ltr'><strong>Planum</strong></span> <span class='ocrx_word' id='word_1_353' title='bbox 1610 2456 1665 2512; x_wconf 86' lang='lat' dir='ltr'><strong>est,</strong></span> <span class='ocrx_word' id='word_1_354' title='bbox 1690 2450 1830 2517; x_wconf 70' lang='lat' dir='ltr'><strong>apostolic</strong></span> <span class='ocrx_word' id='word_1_355' title='bbox 1848 2452 1888 2504; x_wconf 70' lang='lat' dir='ltr'><strong>in</strong></span> 
     </span>
     <span class='ocr_line' id='line_1_27' title="bbox 191 2531 1888 2604; baseline 0.001 -15"><span class='ocrx_word' id='word_1_356' title='bbox 191 2536 250 2603; x_wconf 76' lang='lat' dir='ltr'><strong>fuit</strong></span> <span class='ocrx_word' id='word_1_357' title='bbox 276 2535 368 2588; x_wconf 89' lang='lat' dir='ltr'><strong>dictus</strong></span> <span class='ocrx_word' id='word_1_358' title='bbox 395 2533 551 2601; x_wconf 81' lang='lat' dir='ltr'><strong>Graporsiss</strong></span> <span class='ocrx_word' id='word_1_359' title='bbox 573 2531 641 2587; x_wconf 86' lang='lat' dir='ltr'><strong>VII.</strong></span> <span class='ocrx_word' id='word_1_360' title='bbox 676 2534 822 2603; x_wconf 88' lang='lat' dir='ltr'><strong>episcopus</strong></span> <span class='ocrx_word' id='word_1_361' title='bbox 847 2534 1028 2587; x_wconf 71' lang='lat' dir='ltr'><strong>Florentinus</strong></span> <span class='ocrx_word' id='word_1_362' title='bbox 1054 2533 1203 2587; x_wconf 84' lang='lat' dir='ltr'><strong>terdicitur</strong></span> <span class='ocrx_word' id='word_1_363' title='bbox 1223 2535 1396 2602; x_wconf 84' lang='lat' dir='ltr'><strong>dominatus,</strong></span> <span class='ocrx_word' id='word_1_364' title='bbox 1422 2551 1487 2602; x_wconf 80' lang='lat' dir='ltr'><strong>erpo</strong></span> <span class='ocrx_word' id='word_1_365' title='bbox 1507 2543 1533 2588; x_wconf 90' lang='lat' dir='ltr'><strong>ct</strong></span> <span class='ocrx_word' id='word_1_366' title='bbox 1550 2543 1580 2589; x_wconf 89' lang='lat' dir='ltr'><strong>tu</strong></span> <span class='ocrx_word' id='word_1_367' title='bbox 1598 2536 1651 2588; x_wconf 85' lang='lat' dir='ltr'><strong>tihi</strong></span> <span class='ocrx_word' id='word_1_368' title='bbox 1662 2538 1888 2604; x_wconf 76' lang='lat' dir='ltr'><strong>usurpas-caude</strong></span> 
     </span>
     <span class='ocr_line' id='line_1_28' title="bbox 193 2619 1888 2690; baseline 0.001 -15"><span class='ocrx_word' id='word_1_369' title='bbox 193 2622 262 2675; x_wconf 87' lang='lat' dir='ltr'><strong>aliis</strong></span> <span class='ocrx_word' id='word_1_370' title='bbox 279 2620 447 2675; x_wconf 73' lang='lat' dir='ltr'><strong>Fluentinus</strong></span> <span class='ocrx_word' id='word_1_371' title='bbox 460 2619 573 2689; x_wconf 85' lang='lat' dir='ltr'><strong>publice</strong></span> <span class='ocrx_word' id='word_1_372' title='bbox 592 2620 696 2688; x_wconf 88' lang='lat' dir='ltr'><strong>docuit,</strong></span> <span class='ocrx_word' id='word_1_373' title='bbox 714 2619 917 2674; x_wconf 79' lang='lat' dir='ltr'><strong>Antichristum</strong></span> <span class='ocrx_word' id='word_1_374' title='bbox 931 2626 1028 2672; x_wconf 91' lang='lat' dir='ltr'><strong>notum</strong></span> <span class='ocrx_word' id='word_1_375' title='bbox 1055 2627 1104 2673; x_wconf 91' lang='lat' dir='ltr'><strong>aut</strong></span> <span class='ocrx_word' id='word_1_376' title='bbox 1123 2620 1273 2674; x_wconf 88' lang='lat' dir='ltr'><strong>dominans</strong></span> <span class='ocrx_word' id='word_1_377' title='bbox 1291 2620 1490 2690; x_wconf 87' lang='lat' dir='ltr'><strong>apostolatum,</strong></span> <span class='ocrx_word' id='word_1_378' title='bbox 1507 2628 1557 2674; x_wconf 87' lang='lat' dir='ltr'><strong>aut</strong></span> <span class='ocrx_word' id='word_1_379' title='bbox 1575 2622 1749 2690; x_wconf 85' lang='lat' dir='ltr'><strong>apostolicus</strong></span> <span class='ocrx_word' id='word_1_380' title='bbox 1761 2624 1888 2687; x_wconf 77' lang='lat' dir='ltr'><strong>domina·</strong></span> 
     </span>
     <span class='ocr_line' id='line_1_29' title="bbox 193 2703 1888 2778; baseline 0.001 -17"><span class='ocrx_word' id='word_1_381' title='bbox 193 2723 260 2762; x_wconf 84' lang='lat' dir='ltr'><strong>esse.</strong></span> <span class='ocrx_word' id='word_1_382' title='bbox 308 2703 377 2759; x_wconf 82' lang='lat' dir='ltr'><strong>Cum</strong></span> <span class='ocrx_word' id='word_1_383' title='bbox 406 2706 477 2759; x_wconf 89' lang='lat' dir='ltr'><strong>enim</strong></span> <span class='ocrx_word' id='word_1_384' title='bbox 506 2705 658 2758; x_wconf 84' lang='lat' dir='ltr'><strong>Paschalis</strong></span> <span class='ocrx_word' id='word_1_385' title='bbox 688 2704 733 2760; x_wconf 89' lang='grc' dir='ltr'><strong>ΙΙ.</strong></span> <span class='ocrx_word' id='word_1_386' title='bbox 781 2704 916 2773; x_wconf 80' lang='lat' dir='ltr'><strong>Graporii</strong></span> <span class='ocrx_word' id='word_1_387' title='bbox 944 2705 1028 2774; x_wconf 82' lang='lat' dir='ltr'><strong>hujus</strong></span> <span class='ocrx_word' id='word_1_388' title='bbox 1055 2714 1119 2762; x_wconf 90' lang='lat' dir='ltr'><strong>tum.</strong></span> <span class='ocrx_word' id='word_1_389' title='bbox 1160 2706 1253 2760; x_wconf 88' lang='lat' dir='ltr'><strong>Plane</strong></span> <span class='ocrx_word' id='word_1_390' title='bbox 1275 2707 1311 2759; x_wconf 84' lang='lat' dir='ltr'><strong>ab</strong></span> <span class='ocrx_word' id='word_1_391' title='bbox 1331 2707 1468 2760; x_wconf 87' lang='lat' dir='ltr'><strong>alterutro</strong></span> <span class='ocrx_word' id='word_1_392' title='bbox 1483 2707 1654 2776; x_wconf 86' lang='lat' dir='ltr'><strong>prohiberis.</strong></span> <span class='ocrx_word' id='word_1_393' title='bbox 1692 2706 1727 2761; x_wconf 80' lang='lat' dir='ltr'><strong>Si</strong></span> <span class='ocrx_word' id='word_1_394' title='bbox 1743 2717 1888 2778; x_wconf 72' lang='lat' dir='ltr'><strong>utrumque</strong></span> 
     </span>
     <span class='ocr_line' id='line_1_30' title="bbox 192 2791 1888 2864; baseline 0.002 -17"><span class='ocrx_word' id='word_1_395' title='bbox 192 2809 334 2848; x_wconf 78' lang='lat' dir='ltr'><strong>maaessor</strong></span> <span class='ocrx_word' id='word_1_396' title='bbox 353 2793 383 2844; x_wconf 92' lang='lat' dir='ltr'><strong>in</strong></span> <span class='ocrx_word' id='word_1_397' title='bbox 401 2791 545 2845; x_wconf 87' lang='lat' dir='ltr'><strong>ecclesiam</strong></span> <span class='ocrx_word' id='word_1_398' title='bbox 562 2792 752 2844; x_wconf 83' lang='lat' dir='ltr'><strong>Rauennatem</strong></span> <span class='ocrx_word' id='word_1_399' title='bbox 768 2792 900 2860; x_wconf 86' lang='lat' dir='ltr'><strong>saeuiret,</strong></span> <span class='ocrx_word' id='word_1_400' title='bbox 924 2792 1027 2846; x_wconf 70' lang='lat' dir='ltr'><strong>Blaen-</strong></span> <span class='ocrx_word' id='word_1_401' title='bbox 1054 2792 1184 2846; x_wconf 87' lang='lat' dir='ltr'><strong>similiter</strong></span> <span class='ocrx_word' id='word_1_402' title='bbox 1207 2793 1308 2846; x_wconf 87' lang='lat' dir='ltr'><strong>hahere</strong></span> <span class='ocrx_word' id='word_1_403' title='bbox 1331 2793 1468 2863; x_wconf 85' lang='lat' dir='ltr'><strong>uolueris,</strong></span> <span class='ocrx_word' id='word_1_404' title='bbox 1490 2795 1598 2862; x_wconf 88' lang='lat' dir='ltr'><strong>perdes</strong></span> <span class='ocrx_word' id='word_1_405' title='bbox 1619 2802 1775 2864; x_wconf 67' lang='lat' dir='ltr'><strong>mmmmm.</strong></span> <span class='ocrx_word' id='word_1_406' title='bbox 1797 2795 1846 2852; x_wconf 88' lang='lat' dir='ltr'><strong>lib.</strong></span> <span class='ocrx_word' id='word_1_407' title='bbox 1865 2803 1888 2850; x_wconf 79' lang='grc'><strong>3.</strong></span> 
     </span>
     <span class='ocr_line' id='line_1_31' title="bbox 192 2876 1888 2950; baseline 0.001 -17"><span class='ocrx_word' id='word_1_408' title='bbox 192 2878 330 2934; x_wconf 83' lang='lat' dir='ltr'><strong>tinusille</strong></span> <span class='ocrx_word' id='word_1_409' title='bbox 347 2877 494 2946; x_wconf 84' lang='lat' dir='ltr'><strong>episcopus</strong></span> <span class='ocrx_word' id='word_1_410' title='bbox 505 2876 619 2945; x_wconf 82' lang='lat' dir='ltr'><strong>publice</strong></span> <span class='ocrx_word' id='word_1_411' title='bbox 638 2876 741 2943; x_wconf 85' lang='lat' dir='ltr'><strong>docuit,</strong></span> <span class='ocrx_word' id='word_1_412' title='bbox 761 2876 962 2930; x_wconf 82' lang='lat' dir='ltr'><strong>Antichristum</strong></span> <span class='ocrx_word' id='word_1_413' title='bbox 975 2879 1027 2931; x_wconf 85' lang='lat' dir='ltr'><strong>ad·</strong></span> <span class='ocrx_word' id='word_1_414' title='bbox 1054 2879 1090 2932; x_wconf 86' lang='lat' dir='ltr'><strong>ad</strong></span> <span class='ocrx_word' id='word_1_415' title='bbox 1106 2878 1192 2949; x_wconf 66' lang='lat' dir='ltr'><strong>Euge</strong></span> <span class='ocrx_word' id='word_1_416' title='bbox 1229 2879 1363 2933; x_wconf 86' lang='lat' dir='ltr'><strong>Murmur</strong></span> <span class='ocrx_word' id='word_1_417' title='bbox 1383 2880 1484 2948; x_wconf 76' lang='lat' dir='ltr'><strong>loquor</strong></span> <span class='ocrx_word' id='word_1_418' title='bbox 1502 2888 1528 2933; x_wconf 87' lang='lat' dir='ltr'><strong>et</strong></span> <span class='ocrx_word' id='word_1_419' title='bbox 1547 2881 1750 2950; x_wconf 67' lang='lat' dir='ltr'><strong>mummoniam</strong></span> <span class='ocrx_word' id='word_1_420' title='bbox 1769 2899 1888 2935; x_wconf 91' lang='lat' dir='ltr'><strong>commu·</strong></span> 
     </span>
     <span class='ocr_line' id='line_1_32' title="bbox 192 2961 1888 3032; baseline 0.002 -13"><span class='ocrx_word' id='word_1_421' title='bbox 192 2963 308 3032; x_wconf 82' lang='lat' dir='ltr'><strong>ssnisse,</strong></span> <span class='ocrx_word' id='word_1_422' title='bbox 327 2979 381 3031; x_wconf 76' lang='lat' dir='ltr'><strong>quo</strong></span> <span class='ocrx_word' id='word_1_423' title='bbox 400 2962 475 3016; x_wconf 85' lang='lat' dir='ltr'><strong>dicto</strong></span> <span class='ocrx_word' id='word_1_424' title='bbox 494 2979 554 3015; x_wconf 88' lang='lat' dir='ltr'><strong>aum</strong></span> <span class='ocrx_word' id='word_1_425' title='bbox 572 2961 723 3014; x_wconf 87' lang='lat' dir='ltr'><strong>Paschalis</strong></span> <span class='ocrx_word' id='word_1_426' title='bbox 742 2963 872 3031; x_wconf 64' lang='lat' dir='ltr'><strong>pontifex</strong></span> <span class='ocrx_word' id='word_1_427' title='bbox 886 2963 1027 3016; x_wconf 80' lang='lat' dir='ltr'><strong>Romanus</strong></span> <span class='ocrx_word' id='word_1_428' title='bbox 1054 2982 1115 3017; x_wconf 89' lang='lat' dir='ltr'><strong>nem</strong></span> <span class='ocrx_word' id='word_1_429' title='bbox 1133 2964 1321 3019; x_wconf 84' lang='lat' dir='ltr'><strong>ecelesiarum.</strong></span> <span class='ocrx_word' id='word_1_430' title='bbox 1361 2964 1503 3019; x_wconf 87' lang='lat' dir='ltr'><strong>Trunaari</strong></span> <span class='ocrx_word' id='word_1_431' title='bbox 1517 2981 1547 3018; x_wconf 89' lang='lat' dir='ltr'><strong>se</strong></span> <span class='ocrx_word' id='word_1_432' title='bbox 1564 2965 1713 3020; x_wconf 74' lang='lat' dir='ltr'><strong>clamitant</strong></span> <span class='ocrx_word' id='word_1_433' title='bbox 1732 2975 1758 3021; x_wconf 88' lang='lat' dir='ltr'><strong>at</strong></span> <span class='ocrx_word' id='word_1_434' title='bbox 1777 2969 1888 3022; x_wconf 83' lang='lat' dir='ltr'><strong>dimem-</strong></span> 
     </span>
     <span class='ocr_line' id='line_1_33' title="bbox 192 3047 1888 3126; baseline 0.002 -21"><span class='ocrx_word' id='word_1_435' title='bbox 192 3069 223 3108; x_wconf 87' lang='lat' dir='ltr'><strong>se</strong></span> <span class='ocrx_word' id='word_1_436' title='bbox 238 3052 298 3121; x_wconf 85' lang='lat' dir='ltr'><strong>pati</strong></span> <span class='ocrx_word' id='word_1_437' title='bbox 314 3068 369 3103; x_wconf 92' lang='lat' dir='ltr'><strong>non</strong></span> <span class='ocrx_word' id='word_1_438' title='bbox 386 3049 489 3118; x_wconf 72' lang='lat' dir='ltr'><strong>absque</strong></span> <span class='ocrx_word' id='word_1_439' title='bbox 507 3066 594 3102; x_wconf 89' lang='lat' dir='ltr'><strong>causa</strong></span> <span class='ocrx_word' id='word_1_440' title='bbox 611 3047 738 3117; x_wconf 87' lang='lat' dir='ltr'><strong>sentiret,</strong></span> <span class='ocrx_word' id='word_1_441' title='bbox 758 3049 873 3117; x_wconf 78' lang='lat' dir='ltr'><strong>ipsemet</strong></span> <span class='ocrx_word' id='word_1_442' title='bbox 890 3051 932 3102; x_wconf 86' lang='lat' dir='ltr'><strong>ad</strong></span> <span class='ocrx_word' id='word_1_443' title='bbox 947 3050 1027 3103; x_wconf 88' lang='lat' dir='ltr'><strong>illum</strong></span> <span class='ocrx_word' id='word_1_444' title='bbox 1055 3052 1147 3118; x_wconf 84' lang='lat' dir='ltr'><strong>brari,</strong></span> <span class='ocrx_word' id='word_1_445' title='bbox 1171 3051 1216 3105; x_wconf 83' lang='lat' dir='ltr'><strong>oei</strong></span> <span class='ocrx_word' id='word_1_446' title='bbox 1238 3052 1336 3107; x_wconf 83' lang='lat' dir='ltr'><strong>nullae</strong></span> <span class='ocrx_word' id='word_1_447' title='bbox 1353 3052 1397 3105; x_wconf 82' lang='lat' dir='ltr'><strong>ael</strong></span> <span class='ocrx_word' id='word_1_448' title='bbox 1412 3068 1525 3120; x_wconf 85' lang='lat' dir='ltr'><strong>paucae</strong></span> <span class='ocrx_word' id='word_1_449' title='bbox 1545 3053 1696 3106; x_wconf 77' lang='lat' dir='ltr'><strong>adurodum</strong></span> <span class='ocrx_word' id='word_1_450' title='bbox 1714 3062 1793 3124; x_wconf 90' lang='lat' dir='ltr'><strong>sunt,</strong></span> <span class='ocrx_word' id='word_1_451' title='bbox 1818 3072 1888 3126; x_wconf 80' lang='lat' dir='ltr'><strong>quae</strong></span> 
     </span>
     <span class='ocr_line' id='line_1_34' title="bbox 188 3135 1888 3210; baseline 0.004 -18"><span class='ocrx_word' id='word_1_452' title='bbox 188 3139 338 3210; x_wconf 77' lang='lat' dir='ltr'><strong>profectus</strong></span> <span class='ocrx_word' id='word_1_453' title='bbox 358 3136 501 3190; x_wconf 88' lang='lat' dir='ltr'><strong>silentium</strong></span> <span class='ocrx_word' id='word_1_454' title='bbox 518 3135 567 3190; x_wconf 77' lang='lat' dir='ltr'><strong>elli</strong></span> <span class='ocrx_word' id='word_1_455' title='bbox 583 3135 723 3205; x_wconf 86' lang='lat' dir='ltr'><strong>imposuit.</strong></span> <span class='ocrx_word' id='word_1_456' title='bbox 762 3135 927 3189; x_wconf 86' lang='lat' dir='ltr'><strong>Leodiensis</strong></span> <span class='ocrx_word' id='word_1_457' title='bbox 944 3136 1027 3189; x_wconf 90' lang='lat' dir='ltr'><strong>eccle·</strong></span> <span class='ocrx_word' id='word_1_458' title='bbox 1052 3139 1171 3207; x_wconf 78' lang='lat' dir='ltr'><strong>plapam</strong></span> <span class='ocrx_word' id='word_1_459' title='bbox 1197 3139 1281 3191; x_wconf 69' lang='lat' dir='ltr'><strong>sitam</strong></span> <span class='ocrx_word' id='word_1_460' title='bbox 1305 3147 1354 3191; x_wconf 88' lang='lat' dir='ltr'><strong>aut</strong></span> <span class='ocrx_word' id='word_1_461' title='bbox 1377 3156 1434 3192; x_wconf 91' lang='lat' dir='ltr'><strong>non</strong></span> <span class='ocrx_word' id='word_1_462' title='bbox 1459 3138 1588 3207; x_wconf 82' lang='lat' dir='ltr'><strong>timeant,</strong></span> <span class='ocrx_word' id='word_1_463' title='bbox 1617 3148 1667 3192; x_wconf 91' lang='lat' dir='ltr'><strong>aut</strong></span> <span class='ocrx_word' id='word_1_464' title='bbox 1687 3157 1744 3194; x_wconf 88' lang='lat' dir='ltr'><strong>non</strong></span> <span class='ocrx_word' id='word_1_465' title='bbox 1764 3143 1888 3199; x_wconf 81' lang='lat' dir='ltr'><strong>doleant.</strong></span> 
     </span>
     <span class='ocr_line' id='line_1_35' title="bbox 192 3220 1889 3296; baseline 0.001 -15"><span class='ocrx_word' id='word_1_466' title='bbox 192 3226 238 3281; x_wconf 88' lang='lat' dir='ltr'><strong>sia</strong></span> <span class='ocrx_word' id='word_1_467' title='bbox 254 3241 329 3279; x_wconf 91' lang='lat' dir='ltr'><strong>anno</strong></span> <span class='ocrx_word' id='word_1_468' title='bbox 347 3226 424 3278; x_wconf 86' lang='lat'><strong>1110.</strong></span> <span class='ocrx_word' id='word_1_469' title='bbox 443 3223 471 3277; x_wconf 91' lang='lat' dir='ltr'><strong>in</strong></span> <span class='ocrx_word' id='word_1_470' title='bbox 491 3240 625 3292; x_wconf 69' lang='lat' dir='ltr'><strong>remoneo</strong></span> <span class='ocrx_word' id='word_1_471' title='bbox 643 3221 781 3276; x_wconf 87' lang='lat' dir='ltr'><strong>Paschali</strong></span> <span class='ocrx_word' id='word_1_472' title='bbox 798 3220 841 3276; x_wconf 90' lang='grc' dir='ltr'><strong>ΙΙ.</strong></span> <span class='ocrx_word' id='word_1_473' title='bbox 860 3223 928 3276; x_wconf 87' lang='lat' dir='ltr'><strong>dato</strong></span> <span class='ocrx_word' id='word_1_474' title='bbox 947 3232 1026 3276; x_wconf 84' lang='lat' dir='ltr'><strong>uocat</strong></span> <span class='ocrx_word' id='word_1_475' title='bbox 1055 3222 1103 3278; x_wconf 91' lang='lat' dir='ltr'><strong>lib.</strong></span> <span class='ocrx_word' id='word_1_476' title='bbox 1121 3229 1145 3278; x_wconf 84' lang='lat' dir='ltr'><strong>t.</strong></span> <span class='ocrx_word' id='word_1_477' title='bbox 1169 3223 1206 3279; x_wconf 87' lang='lat' dir='ltr'><strong>ad</strong></span> <span class='ocrx_word' id='word_1_478' title='bbox 1227 3223 1350 3295; x_wconf 82' lang='lat' dir='ltr'><strong>Eugen:</strong></span> <span class='ocrx_word' id='word_1_479' title='bbox 1387 3225 1465 3278; x_wconf 84' lang='lat' dir='ltr'><strong>Inter</strong></span> <span class='ocrx_word' id='word_1_480' title='bbox 1486 3224 1554 3278; x_wconf 88' lang='lat' dir='ltr'><strong>haec</strong></span> <span class='ocrx_word' id='word_1_481' title='bbox 1578 3232 1608 3277; x_wconf 90' lang='lat' dir='ltr'><strong>tu</strong></span> <span class='ocrx_word' id='word_1_482' title='bbox 1627 3233 1731 3293; x_wconf 85' lang='lat' dir='ltr'><strong>pastor</strong></span> <span class='ocrx_word' id='word_1_483' title='bbox 1753 3229 1889 3296; x_wconf 67' lang='lat' dir='ltr'><strong>procedre</strong></span> 
     </span>
     <span class='ocr_line' id='line_1_36' title="bbox 192 3308 1889 3380; baseline -0.001 -11"><span class='ocrx_word' id='word_1_484' title='bbox 192 3312 312 3369; x_wconf 83' lang='lat' dir='ltr'><strong>Romam</strong></span> <span class='ocrx_word' id='word_1_485' title='bbox 331 3311 505 3379; x_wconf 78' lang='lat' dir='ltr'><strong>Babylonem</strong></span> <span class='ocrx_word' id='word_1_486' title='bbox 522 3309 661 3380; x_wconf 79' lang='lat' dir='ltr'><strong>dicitque,</strong></span> <span class='ocrx_word' id='word_1_487' title='bbox 686 3325 747 3362; x_wconf 90' lang='lat' dir='ltr'><strong>eam</strong></span> <span class='ocrx_word' id='word_1_488' title='bbox 766 3325 784 3361; x_wconf 93' lang='lat' dir='ltr'><strong>a</strong></span> <span class='ocrx_word' id='word_1_489' title='bbox 805 3308 893 3363; x_wconf 90' lang='lat' dir='ltr'><strong>Petro</strong></span> <span class='ocrx_word' id='word_1_490' title='bbox 911 3309 952 3362; x_wconf 88' lang='lat' dir='ltr'><strong>sic</strong></span> <span class='ocrx_word' id='word_1_491' title='bbox 970 3327 1027 3363; x_wconf 88' lang='lat' dir='ltr'><strong>esse</strong></span> <span class='ocrx_word' id='word_1_492' title='bbox 1055 3310 1141 3362; x_wconf 89' lang='lat' dir='ltr'><strong>multo</strong></span> <span class='ocrx_word' id='word_1_493' title='bbox 1160 3318 1186 3362; x_wconf 89' lang='lat' dir='ltr'><strong>et</strong></span> <span class='ocrx_word' id='word_1_494' title='bbox 1205 3312 1329 3380; x_wconf 86' lang='lat' dir='ltr'><strong>pretioso</strong></span> <span class='ocrx_word' id='word_1_495' title='bbox 1349 3310 1539 3364; x_wconf 87' lang='lat' dir='ltr'><strong>circumdatus</strong></span> <span class='ocrx_word' id='word_1_496' title='bbox 1556 3318 1666 3366; x_wconf 82' lang='lat' dir='ltr'><strong>ornatu</strong></span> <span class='ocrx_word' id='word_1_497' title='bbox 1702 3311 1738 3366; x_wconf 84' lang='lat' dir='ltr'><strong>Si</strong></span> <span class='ocrx_word' id='word_1_498' title='bbox 1754 3316 1889 3368; x_wconf 83' lang='lat' dir='ltr'><strong>auderem</strong></span> 
     </span>
     <span class='ocr_line' id='line_1_37' title="bbox 192 3394 1889 3471; baseline 0.001 -17"><span class='ocrx_word' id='word_1_499' title='bbox 192 3408 320 3455; x_wconf 77' lang='lat' dir='ltr'><strong>naamam</strong></span> <span class='ocrx_word' id='word_1_500' title='bbox 334 3396 502 3467; x_wconf 86' lang='lat' dir='ltr'><strong>prophetico</strong></span> <span class='ocrx_word' id='word_1_501' title='bbox 522 3394 639 3464; x_wconf 81' lang='lat' dir='ltr'><strong>spiritu,</strong></span> <span class='ocrx_word' id='word_1_502' title='bbox 664 3396 740 3464; x_wconf 78' lang='lat' dir='ltr'><strong>quod</strong></span> <span class='ocrx_word' id='word_1_503' title='bbox 757 3394 894 3449; x_wconf 73' lang='lat' dir='ltr'><strong>Romanis</strong></span> <span class='ocrx_word' id='word_1_504' title='bbox 911 3395 1027 3449; x_wconf 82' lang='lat' dir='ltr'><strong>turbini·</strong></span> <span class='ocrx_word' id='word_1_505' title='bbox 1056 3397 1157 3460; x_wconf 83' lang='lat' dir='ltr'><strong>dicere,</strong></span> <span class='ocrx_word' id='word_1_506' title='bbox 1178 3397 1345 3451; x_wconf 88' lang='lat' dir='ltr'><strong>daemonum</strong></span> <span class='ocrx_word' id='word_1_507' title='bbox 1364 3399 1455 3466; x_wconf 81' lang='lat' dir='ltr'><strong>napis</strong></span> <span class='ocrx_word' id='word_1_508' title='bbox 1473 3416 1558 3467; x_wconf 78' lang='lat' dir='ltr'><strong>quam</strong></span> <span class='ocrx_word' id='word_1_509' title='bbox 1575 3398 1665 3451; x_wconf 88' lang='lat' dir='ltr'><strong>ouium</strong></span> <span class='ocrx_word' id='word_1_510' title='bbox 1681 3415 1794 3468; x_wconf 86' lang='lat' dir='ltr'><strong>pascua</strong></span> <span class='ocrx_word' id='word_1_511' title='bbox 1812 3401 1889 3471; x_wconf 89' lang='lat' dir='ltr'><strong>hacc,</strong></span> 
     </span>
     <span class='ocr_line' id='line_1_38' title="bbox 193 3480 1889 3554; baseline 0.002 -16"><span class='ocrx_word' id='word_1_512' title='bbox 193 3487 243 3540; x_wconf 80' lang='lat' dir='ltr'><strong>heta</strong></span> <span class='ocrx_word' id='word_1_513' title='bbox 268 3493 294 3538; x_wconf 89' lang='lat' dir='ltr'><strong>et</strong></span> <span class='ocrx_word' id='word_1_514' title='bbox 314 3482 451 3554; x_wconf 84' lang='lat' dir='ltr'><strong>procellis</strong></span> <span class='ocrx_word' id='word_1_515' title='bbox 475 3481 592 3535; x_wconf 88' lang='lat' dir='ltr'><strong>ecclesio</strong></span> <span class='ocrx_word' id='word_1_516' title='bbox 610 3488 679 3533; x_wconf 83' lang='lat' dir='ltr'><strong>esset</strong></span> <span class='ocrx_word' id='word_1_517' title='bbox 696 3481 847 3535; x_wconf 82' lang='lat' dir='ltr'><strong>turbanda.</strong></span> <span class='ocrx_word' id='word_1_518' title='bbox 883 3480 964 3536; x_wconf 84' lang='lat' dir='ltr'><strong>Circa</strong></span> <span class='ocrx_word' id='word_1_519' title='bbox 980 3497 1028 3535; x_wconf 82' lang='lat' dir='ltr'><strong>un·</strong></span> <span class='ocrx_word' id='word_1_520' title='bbox 1055 3483 1162 3537; x_wconf 86' lang='lat' dir='ltr'><strong>scilicet</strong></span> <span class='ocrx_word' id='word_1_521' title='bbox 1188 3484 1229 3536; x_wconf 87' lang='lat' dir='ltr'><strong>sic</strong></span> <span class='ocrx_word' id='word_1_522' title='bbox 1250 3483 1403 3548; x_wconf 70' lang='lat' dir='ltr'><strong>factitabat</strong></span> <span class='ocrx_word' id='word_1_523' title='bbox 1425 3485 1540 3548; x_wconf 87' lang='lat' dir='ltr'><strong>Petrus,</strong></span> <span class='ocrx_word' id='word_1_524' title='bbox 1569 3486 1611 3538; x_wconf 88' lang='lat' dir='ltr'><strong>sic</strong></span> <span class='ocrx_word' id='word_1_525' title='bbox 1631 3486 1742 3539; x_wconf 91' lang='lat' dir='ltr'><strong>Paulus</strong></span> <span class='ocrx_word' id='word_1_526' title='bbox 1765 3487 1889 3545; x_wconf 80' lang='lat' dir='ltr'><strong>ludebat.</strong></span> 
     </span>
     <span class='ocr_line' id='line_1_39' title="bbox 193 3565 1888 3645; baseline 0.002 -19"><span class='ocrx_word' id='word_1_527' title='bbox 193 3588 261 3626; x_wconf 89' lang='lat' dir='ltr'><strong>num</strong></span> <span class='ocrx_word' id='word_1_528' title='bbox 288 3574 362 3625; x_wconf 86' lang='grc'><strong>1120.</strong></span> <span class='ocrx_word' id='word_1_529' title='bbox 394 3566 489 3622; x_wconf 78' lang='lat' dir='ltr'><strong>floritit</strong></span> <span class='ocrx_word' id='word_1_530' title='bbox 510 3565 650 3620; x_wconf 89' lang='lat' dir='ltr'><strong>Honorius</strong></span> <span class='ocrx_word' id='word_1_531' title='bbox 674 3568 952 3638; x_wconf 82' lang='lat' dir='ltr'><strong>Augustoduneusis,</strong></span> <span class='ocrx_word' id='word_1_532' title='bbox 982 3568 1029 3639; x_wconf 90' lang='lat' dir='ltr'><strong>qui</strong></span> <span class='ocrx_word' id='word_1_533' title='bbox 1056 3569 1098 3622; x_wconf 87' lang='lat' dir='ltr'><strong>Ex</strong></span> <span class='ocrx_word' id='word_1_534' title='bbox 1128 3567 1291 3624; x_wconf 89' lang='lat' dir='ltr'><strong>Bernhardo</strong></span> <span class='ocrx_word' id='word_1_535' title='bbox 1319 3569 1424 3641; x_wconf 77' lang='lat' dir='ltr'><strong>allegat</strong></span> <span class='ocrx_word' id='word_1_536' title='bbox 1447 3568 1533 3642; x_wconf 84' lang='lat' dir='ltr'><strong>Hugo</strong></span> <span class='ocrx_word' id='word_1_537' title='bbox 1559 3571 1707 3626; x_wconf 81' lang='lat' dir='ltr'><strong>cardinalia</strong></span> <span class='ocrx_word' id='word_1_538' title='bbox 1731 3572 1761 3626; x_wconf 91' lang='lat' dir='ltr'><strong>in</strong></span> <span class='ocrx_word' id='word_1_539' title='bbox 1787 3574 1888 3645; x_wconf 79' lang='lat' dir='ltr'><strong>postill</strong></span> 
     </span>
     <span class='ocr_line' id='line_1_40' title="bbox 193 3651 1888 3726; baseline 0.002 -15"><span class='ocrx_word' id='word_1_540' title='bbox 193 3655 335 3711; x_wconf 82' lang='lat' dir='ltr'><strong>Romanae</strong></span> <span class='ocrx_word' id='word_1_541' title='bbox 370 3651 447 3707; x_wconf 85' lang='lat' dir='ltr'><strong>urbis</strong></span> <span class='ocrx_word' id='word_1_542' title='bbox 484 3652 628 3723; x_wconf 84' lang='lat' dir='ltr'><strong>episcopos</strong></span> <span class='ocrx_word' id='word_1_543' title='bbox 662 3651 705 3707; x_wconf 90' lang='lat' dir='ltr'><strong>his</strong></span> <span class='ocrx_word' id='word_1_544' title='bbox 735 3653 827 3708; x_wconf 81' lang='lat' dir='ltr'><strong>verbio</strong></span> <span class='ocrx_word' id='word_1_545' title='bbox 854 3654 1028 3725; x_wconf 82' lang='lat' dir='ltr'><strong>perstrinxit:</strong></span> <span class='ocrx_word' id='word_1_546' title='bbox 1055 3672 1138 3726; x_wconf 87' lang='lat' dir='ltr'><strong>super</strong></span> <span class='ocrx_word' id='word_1_547' title='bbox 1159 3661 1180 3710; x_wconf 94' lang='grc'><strong>1.</strong></span> <span class='ocrx_word' id='word_1_548' title='bbox 1198 3653 1278 3710; x_wconf 72' lang='lat' dir='ltr'><strong>lon:</strong></span> <span class='ocrx_word' id='word_1_549' title='bbox 1308 3655 1426 3709; x_wconf 87' lang='lat' dir='ltr'><strong>Videtur</strong></span> <span class='ocrx_word' id='word_1_550' title='bbox 1454 3657 1521 3710; x_wconf 86' lang='lat' dir='ltr'><strong>hone</strong></span> <span class='ocrx_word' id='word_1_551' title='bbox 1537 3657 1609 3710; x_wconf 82' lang='lat' dir='ltr'><strong>Jesu</strong></span> <span class='ocrx_word' id='word_1_552' title='bbox 1627 3659 1761 3712; x_wconf 84' lang='lat' dir='ltr'><strong>adversus</strong></span> <span class='ocrx_word' id='word_1_553' title='bbox 1782 3668 1888 3716; x_wconf 79' lang='lat' dir='ltr'><strong>teron</strong></span> 
     </span>
     <span class='ocr_line' id='line_1_41' title="bbox 198 3738 1888 3812; baseline 0.002 -13"><span class='ocrx_word' id='word_1_554' title='bbox 198 3744 280 3799; x_wconf 86' lang='lat' dir='ltr'><strong>Verts</strong></span> <span class='ocrx_word' id='word_1_555' title='bbox 298 3750 325 3795; x_wconf 89' lang='lat' dir='ltr'><strong>te</strong></span> <span class='ocrx_word' id='word_1_556' title='bbox 344 3741 386 3794; x_wconf 83' lang='lat' dir='ltr'><strong>ad</strong></span> <span class='ocrx_word' id='word_1_557' title='bbox 396 3739 468 3792; x_wconf 72' lang='lat' dir='ltr'><strong>moes</strong></span> <span class='ocrx_word' id='word_1_558' title='bbox 480 3738 657 3806; x_wconf 75' lang='lat' dir='ltr'><strong>Babyloniae</strong></span> <span class='ocrx_word' id='word_1_559' title='bbox 675 3748 701 3791; x_wconf 91' lang='lat' dir='ltr'><strong>et</strong></span> <span class='ocrx_word' id='word_1_560' title='bbox 717 3739 795 3804; x_wconf 85' lang='lat' dir='ltr'><strong>aide,</strong></span> <span class='ocrx_word' id='word_1_561' title='bbox 815 3741 913 3810; x_wconf 71' lang='lat' dir='ltr'><strong>quales</strong></span> <span class='ocrx_word' id='word_1_562' title='bbox 930 3743 985 3796; x_wconf 88' lang='lat' dir='ltr'><strong>sint</strong></span> <span class='ocrx_word' id='word_1_563' title='bbox 1003 3750 1029 3796; x_wconf 90' lang='lat' dir='ltr'><strong>et</strong></span> <span class='ocrx_word' id='word_1_564' title='bbox 1056 3742 1182 3812; x_wconf 86' lang='lat' dir='ltr'><strong>spirasse</strong></span> <span class='ocrx_word' id='word_1_565' title='bbox 1212 3741 1382 3795; x_wconf 79' lang='lat' dir='ltr'><strong>universitas</strong></span> <span class='ocrx_word' id='word_1_566' title='bbox 1410 3741 1636 3798; x_wconf 82' lang='lat' dir='ltr'><strong>Christianorum</strong></span> <span class='ocrx_word' id='word_1_567' title='bbox 1662 3753 1688 3798; x_wconf 88' lang='lat' dir='ltr'><strong>ct</strong></span> <span class='ocrx_word' id='word_1_568' title='bbox 1717 3746 1766 3800; x_wconf 86' lang='lat' dir='ltr'><strong>illi</strong></span> <span class='ocrx_word' id='word_1_569' title='bbox 1790 3748 1821 3801; x_wconf 84' lang='lat' dir='ltr'><strong>iss</strong></span> <span class='ocrx_word' id='word_1_570' title='bbox 1839 3756 1888 3802; x_wconf 91' lang='lat' dir='ltr'><strong>tua</strong></span> 
     </span>
     <span class='ocr_line' id='line_1_42' title="bbox 191 3824 1888 3902; baseline 0.002 -18"><span class='ocrx_word' id='word_1_571' title='bbox 191 3847 245 3902; x_wconf 85' lang='lat' dir='ltr'><strong>per</strong></span> <span class='ocrx_word' id='word_1_572' title='bbox 264 3846 334 3898; x_wconf 74' lang='lat' dir='ltr'><strong>puae</strong></span> <span class='ocrx_word' id='word_1_573' title='bbox 351 3827 468 3880; x_wconf 83' lang='lat' dir='ltr'><strong>tendant</strong></span> <span class='ocrx_word' id='word_1_574' title='bbox 481 3824 605 3895; x_wconf 86' lang='lat' dir='ltr'><strong>plateas.</strong></span> <span class='ocrx_word' id='word_1_575' title='bbox 638 3825 715 3890; x_wconf 83' lang='lat' dir='ltr'><strong>Vide,</strong></span> <span class='ocrx_word' id='word_1_576' title='bbox 732 3828 796 3880; x_wconf 89' lang='lat' dir='ltr'><strong>veni</strong></span> <span class='ocrx_word' id='word_1_577' title='bbox 813 3827 866 3880; x_wconf 90' lang='lat' dir='ltr'><strong>huc</strong></span> <span class='ocrx_word' id='word_1_578' title='bbox 884 3829 1028 3898; x_wconf 88' lang='lat' dir='ltr'><strong>adsuper·</strong></span> <span class='ocrx_word' id='word_1_579' title='bbox 1055 3828 1246 3897; x_wconf 87' lang='lat' dir='ltr'><strong>persecutione</strong></span> <span class='ocrx_word' id='word_1_580' title='bbox 1264 3828 1357 3898; x_wconf 84' lang='lat' dir='ltr'><strong>primi</strong></span> <span class='ocrx_word' id='word_1_581' title='bbox 1374 3836 1451 3897; x_wconf 89' lang='lat' dir='ltr'><strong>sunt,</strong></span> <span class='ocrx_word' id='word_1_582' title='bbox 1476 3829 1526 3897; x_wconf 72' lang='lat' dir='ltr'><strong>aui</strong></span> <span class='ocrx_word' id='word_1_583' title='bbox 1543 3831 1572 3883; x_wconf 90' lang='lat' dir='ltr'><strong>in</strong></span> <span class='ocrx_word' id='word_1_584' title='bbox 1590 3830 1706 3884; x_wconf 78' lang='lat' dir='ltr'><strong>molceio</strong></span> <span class='ocrx_word' id='word_1_585' title='bbox 1724 3840 1776 3886; x_wconf 91' lang='lat' dir='ltr'><strong>tua</strong></span> <span class='ocrx_word' id='word_1_586' title='bbox 1793 3832 1888 3888; x_wconf 82' lang='lat' dir='ltr'><strong>niden·</strong></span> 
     </span>
     <span class='ocr_line' id='line_1_43' title="bbox 194 3913 1889 3986; baseline 0.003 -15"><span class='ocrx_word' id='word_1_587' title='bbox 194 3916 291 3972; x_wconf 89' lang='lat' dir='ltr'><strong>cilium</strong></span> <span class='ocrx_word' id='word_1_588' title='bbox 317 3913 431 3980; x_wconf 90' lang='lat' dir='ltr'><strong>montis,</strong></span> <span class='ocrx_word' id='word_1_589' title='bbox 460 3921 490 3966; x_wconf 90' lang='lat' dir='ltr'><strong>ut</strong></span> <span class='ocrx_word' id='word_1_590' title='bbox 516 3921 616 3967; x_wconf 89' lang='lat' dir='ltr'><strong>cuncta</strong></span> <span class='ocrx_word' id='word_1_591' title='bbox 636 3913 733 3982; x_wconf 86' lang='lat' dir='ltr'><strong>poesis</strong></span> <span class='ocrx_word' id='word_1_592' title='bbox 761 3915 894 3983; x_wconf 86' lang='lat' dir='ltr'><strong>aedificia</strong></span> <span class='ocrx_word' id='word_1_593' title='bbox 919 3932 1029 3968; x_wconf 76' lang='lat' dir='ltr'><strong>carnem</strong></span> <span class='ocrx_word' id='word_1_594' title='bbox 1055 3923 1101 3968; x_wconf 92' lang='lat' dir='ltr'><strong>tur</strong></span> <span class='ocrx_word' id='word_1_595' title='bbox 1120 3917 1276 3984; x_wconf 86' lang='lat' dir='ltr'><strong>primatum</strong></span> <span class='ocrx_word' id='word_1_596' title='bbox 1298 3923 1391 3968; x_wconf 88' lang='lat' dir='ltr'><strong>tenere</strong></span> <span class='ocrx_word' id='word_1_597' title='bbox 1418 3922 1445 3969; x_wconf 89' lang='lat' dir='ltr'><strong>et</strong></span> <span class='ocrx_word' id='word_1_598' title='bbox 1461 3932 1559 3985; x_wconf 82' lang='lat' dir='ltr'><strong>perere</strong></span> <span class='ocrx_word' id='word_1_599' title='bbox 1573 3918 1776 3986; x_wconf 85' lang='lat' dir='ltr'><strong>principatum.</strong></span> <span class='ocrx_word' id='word_1_600' title='bbox 1810 3920 1889 3975; x_wconf 82' lang='lat' dir='ltr'><strong>Circa</strong></span> 
     </span>
     <span class='ocr_line' id='line_1_44' title="bbox 193 3999 1889 4069; baseline 0.002 -11"><span class='ocrx_word' id='word_1_601' title='bbox 193 4005 346 4059; x_wconf 60' lang='lat' dir='ltr'><strong>&amp;mactae</strong></span> <span class='ocrx_word' id='word_1_602' title='bbox 373 4001 501 4056; x_wconf 69' lang='grc' dir='ltr'><strong>είυίὶειίε.</strong></span> <span class='ocrx_word' id='word_1_603' title='bbox 549 3999 664 4053; x_wconf 76' lang='lat' dir='ltr'><strong>intuere</strong></span> <span class='ocrx_word' id='word_1_604' title='bbox 688 3999 837 4068; x_wconf 87' lang='lat' dir='ltr'><strong>principes</strong></span> <span class='ocrx_word' id='word_1_605' title='bbox 863 4009 889 4054; x_wconf 90' lang='lat' dir='ltr'><strong>et</strong></span> <span class='ocrx_word' id='word_1_606' title='bbox 906 4001 1031 4069; x_wconf 83' lang='lat' dir='ltr'><strong>judices,</strong></span> <span class='ocrx_word' id='word_1_607' title='bbox 1056 4017 1158 4054; x_wconf 72' lang='lat' dir='ltr'><strong>mnam</strong></span> <span class='ocrx_word' id='word_1_608' title='bbox 1178 4007 1251 4057; x_wconf 83' lang='grc'><strong>1201).</strong></span> <span class='ocrx_word' id='word_1_609' title='bbox 1267 4000 1443 4057; x_wconf 85' lang='lat' dir='ltr'><strong>&#39;Joachimus</strong></span> <span class='ocrx_word' id='word_1_610' title='bbox 1460 4001 1547 4056; x_wconf 85' lang='lat' dir='ltr'><strong>abbas</strong></span> <span class='ocrx_word' id='word_1_611' title='bbox 1563 4002 1702 4059; x_wconf 77' lang='lat' dir='ltr'><strong>Florensis</strong></span> <span class='ocrx_word' id='word_1_612' title='bbox 1718 4004 1889 4062; x_wconf 83' lang='lat' dir='ltr'><strong>iuCalabria</strong></span> 
     </span>
     <span class='ocr_line' id='line_1_45' title="bbox 144 4085 1887 4163; baseline 0.001 -17"><span class='ocrx_word' id='word_1_613' title='bbox 144 4098 147 4102; x_wconf 57' lang='lat'><strong>⁴</strong></span> <span class='ocrx_word' id='word_1_614' title='bbox 193 4107 254 4146; x_wconf 86' lang='lat' dir='ltr'><strong>ecce</strong></span> <span class='ocrx_word' id='word_1_615' title='bbox 274 4090 372 4161; x_wconf 87' lang='lat' dir='ltr'><strong>posita</strong></span> <span class='ocrx_word' id='word_1_616' title='bbox 391 4095 430 4141; x_wconf 85' lang='lat' dir='ltr'><strong>est</strong></span> <span class='ocrx_word' id='word_1_617' title='bbox 447 4088 477 4141; x_wconf 91' lang='lat' dir='ltr'><strong>in</strong></span> <span class='ocrx_word' id='word_1_618' title='bbox 497 4087 539 4139; x_wconf 90' lang='lat' dir='ltr'><strong>eis</strong></span> <span class='ocrx_word' id='word_1_619' title='bbox 557 4086 659 4139; x_wconf 85' lang='lat' dir='ltr'><strong>bestiae</strong></span> <span class='ocrx_word' id='word_1_620' title='bbox 677 4086 765 4140; x_wconf 85' lang='lat' dir='ltr'><strong>sedes.</strong></span> <span class='ocrx_word' id='word_1_621' title='bbox 807 4085 1029 4156; x_wconf 84' lang='lat' dir='ltr'><strong>omnitempore</strong></span> <span class='ocrx_word' id='word_1_622' title='bbox 1054 4086 1193 4142; x_wconf 85' lang='lat' dir='ltr'><strong>Rchardo</strong></span> <span class='ocrx_word' id='word_1_623' title='bbox 1211 4086 1413 4159; x_wconf 81' lang='lat' dir='ltr'><strong>regIAngliae,</strong></span> <span class='ocrx_word' id='word_1_624' title='bbox 1431 4088 1479 4160; x_wconf 92' lang='lat' dir='ltr'><strong>qui</strong></span> <span class='ocrx_word' id='word_1_625' title='bbox 1496 4089 1525 4143; x_wconf 90' lang='lat' dir='ltr'><strong>in</strong></span> <span class='ocrx_word' id='word_1_626' title='bbox 1542 4091 1646 4145; x_wconf 85' lang='lat' dir='ltr'><strong>oriente</strong></span> <span class='ocrx_word' id='word_1_627' title='bbox 1663 4091 1887 4163; x_wconf 80' lang='lat' dir='ltr'><strong>peregiuabatur,</strong></span> 
     </span>
     <span class='ocr_line' id='line_1_46' title="bbox 194 4172 1887 4247; baseline 0.001 -17"><span class='ocrx_word' id='word_1_628' title='bbox 194 4179 235 4233; x_wconf 82' lang='lat' dir='ltr'><strong>ad</strong></span> <span class='ocrx_word' id='word_1_629' title='bbox 258 4177 363 4231; x_wconf 86' lang='lat' dir='ltr'><strong>mulum</strong></span> <span class='ocrx_word' id='word_1_630' title='bbox 387 4181 451 4228; x_wconf 90' lang='lat' dir='ltr'><strong>sunt</strong></span> <span class='ocrx_word' id='word_1_631' title='bbox 471 4173 584 4242; x_wconf 88' lang='lat' dir='ltr'><strong>intenti,</strong></span> <span class='ocrx_word' id='word_1_632' title='bbox 607 4188 717 4241; x_wconf 85' lang='lat' dir='ltr'><strong>semper</strong></span> <span class='ocrx_word' id='word_1_633' title='bbox 734 4173 853 4240; x_wconf 81' lang='lat' dir='ltr'><strong>nepotiis</strong></span> <span class='ocrx_word' id='word_1_634' title='bbox 871 4172 1030 4244; x_wconf 81' lang='lat' dir='ltr'><strong>iniquitatis</strong></span> <span class='ocrx_word' id='word_1_635' title='bbox 1057 4172 1262 4242; x_wconf 80' lang='lat' dir='ltr'><strong>demonstrarit,</strong></span> <span class='ocrx_word' id='word_1_636' title='bbox 1279 4175 1481 4228; x_wconf 81' lang='lat' dir='ltr'><strong>Antichristum</strong></span> <span class='ocrx_word' id='word_1_637' title='bbox 1501 4183 1625 4230; x_wconf 74' lang='lat' dir='ltr'><strong>mortum</strong></span> <span class='ocrx_word' id='word_1_638' title='bbox 1641 4192 1714 4244; x_wconf 89' lang='lat' dir='ltr'><strong>esse,</strong></span> <span class='ocrx_word' id='word_1_639' title='bbox 1733 4180 1887 4247; x_wconf 79' lang='lat' dir='ltr'><strong>etquidem</strong></span> 
     </span>
     <span class='ocr_line' id='line_1_47' title="bbox 193 4259 1888 4334; baseline 0 -16"><span class='ocrx_word' id='word_1_640' title='bbox 193 4262 398 4333; x_wconf 78' lang='lat' dir='ltr'><strong>inexplebiliter</strong></span> <span class='ocrx_word' id='word_1_641' title='bbox 422 4259 565 4328; x_wconf 88' lang='lat' dir='ltr'><strong>occupati,</strong></span> <span class='ocrx_word' id='word_1_642' title='bbox 585 4259 702 4328; x_wconf 83' lang='lat' dir='ltr'><strong>slapitia</strong></span> <span class='ocrx_word' id='word_1_643' title='bbox 724 4276 780 4313; x_wconf 92' lang='lat' dir='ltr'><strong>non</strong></span> <span class='ocrx_word' id='word_1_644' title='bbox 800 4260 890 4314; x_wconf 85' lang='lat' dir='ltr'><strong>solum</strong></span> <span class='ocrx_word' id='word_1_645' title='bbox 908 4261 1029 4329; x_wconf 76' lang='lat' dir='ltr'><strong>faciunt,</strong></span> <span class='ocrx_word' id='word_1_646' title='bbox 1055 4261 1163 4314; x_wconf 79' lang='lat' dir='ltr'><strong>Boutae</strong></span> <span class='ocrx_word' id='word_1_647' title='bbox 1182 4278 1248 4329; x_wconf 90' lang='lat' dir='ltr'><strong>esse,</strong></span> <span class='ocrx_word' id='word_1_648' title='bbox 1266 4263 1362 4315; x_wconf 82' lang='lat' dir='ltr'><strong>sedere</strong></span> <span class='ocrx_word' id='word_1_649' title='bbox 1379 4262 1409 4315; x_wconf 90' lang='lat' dir='ltr'><strong>in</strong></span> <span class='ocrx_word' id='word_1_650' title='bbox 1427 4261 1545 4314; x_wconf 89' lang='lat' dir='ltr'><strong>ecclesia</strong></span> <span class='ocrx_word' id='word_1_651' title='bbox 1563 4269 1589 4314; x_wconf 89' lang='lat' dir='ltr'><strong>et</strong></span> <span class='ocrx_word' id='word_1_652' title='bbox 1607 4263 1738 4316; x_wconf 75' lang='lat' dir='ltr'><strong>ectollm</strong></span> <span class='ocrx_word' id='word_1_653' title='bbox 1755 4280 1786 4317; x_wconf 89' lang='lat' dir='ltr'><strong>se</strong></span> <span class='ocrx_word' id='word_1_654' title='bbox 1805 4281 1888 4334; x_wconf 83' lang='lat' dir='ltr'><strong>super</strong></span> 
     </span>
     <span class='ocr_line' id='line_1_48' title="bbox 193 4344 1886 4418; baseline 0.001 -13"><span class='ocrx_word' id='word_1_655' title='bbox 193 4352 245 4405; x_wconf 87' lang='lat' dir='ltr'><strong>sed</strong></span> <span class='ocrx_word' id='word_1_656' title='bbox 263 4344 645 4414; x_wconf 85' lang='lat' dir='ltr'><strong>etaliosfacereinstruunt,</strong></span> <span class='ocrx_word' id='word_1_657' title='bbox 661 4348 902 4410; x_wconf 87' lang='lat' dir='ltr'><strong>sanctouendunt,</strong></span> <span class='ocrx_word' id='word_1_658' title='bbox 921 4346 1028 4400; x_wconf 77' lang='lat' dir='ltr'><strong>sedem</strong></span> <span class='ocrx_word' id='word_1_659' title='bbox 1056 4348 1157 4403; x_wconf 89' lang='lat' dir='ltr'><strong>omnio.</strong></span> <span class='ocrx_word' id='word_1_660' title='bbox 1187 4346 1307 4401; x_wconf 77' lang='lat' dir='ltr'><strong>Balteus</strong></span> <span class='ocrx_word' id='word_1_661' title='bbox 1325 4352 1395 4402; x_wconf 91' lang='lat' dir='ltr'><strong>cent.</strong></span> <span class='ocrx_word' id='word_1_662' title='bbox 1413 4352 1437 4401; x_wconf 79' lang='grc'><strong>3.</strong></span> <span class='ocrx_word' id='word_1_663' title='bbox 1457 4363 1481 4403; x_wconf 91' lang='lat' dir='ltr'><strong>c.</strong></span> <span class='ocrx_word' id='word_1_664' title='bbox 1500 4353 1541 4402; x_wconf 87' lang='grc'><strong>35.</strong></span> <span class='ocrx_word' id='word_1_665' title='bbox 1560 4348 1590 4402; x_wconf 91' lang='lat' dir='ltr'><strong>iu</strong></span> <span class='ocrx_word' id='word_1_666' title='bbox 1606 4347 1723 4418; x_wconf 88' lang='lat' dir='ltr'><strong>rythmis</strong></span> <span class='ocrx_word' id='word_1_667' title='bbox 1741 4351 1800 4404; x_wconf 87' lang='lat' dir='ltr'><strong>suis</strong></span> <span class='ocrx_word' id='word_1_668' title='bbox 1821 4350 1886 4407; x_wconf 84' lang='lat' dir='ltr'><strong>Ger·</strong></span> 
     </span>
     <span class='ocr_line' id='line_1_49' title="bbox 193 4431 1886 4505; baseline -0.002 -12"><span class='ocrx_word' id='word_1_669' title='bbox 193 4443 300 4503; x_wconf 86' lang='lat' dir='ltr'><strong>emunt,</strong></span> <span class='ocrx_word' id='word_1_670' title='bbox 329 4435 394 4487; x_wconf 92' lang='lat' dir='ltr'><strong>totis</strong></span> <span class='ocrx_word' id='word_1_671' title='bbox 417 4432 523 4487; x_wconf 79' lang='lat' dir='ltr'><strong>uiribus</strong></span> <span class='ocrx_word' id='word_1_672' title='bbox 546 4431 694 4498; x_wconf 87' lang='lat' dir='ltr'><strong>laborant,</strong></span> <span class='ocrx_word' id='word_1_673' title='bbox 718 4449 752 4486; x_wconf 90' lang='lat' dir='ltr'><strong>ne</strong></span> <span class='ocrx_word' id='word_1_674' title='bbox 774 4433 831 4487; x_wconf 90' lang='lat' dir='ltr'><strong>soli</strong></span> <span class='ocrx_word' id='word_1_675' title='bbox 857 4434 898 4485; x_wconf 86' lang='lat' dir='ltr'><strong>ad</strong></span> <span class='ocrx_word' id='word_1_676' title='bbox 917 4439 1028 4486; x_wconf 90' lang='lat' dir='ltr'><strong>tartara</strong></span> <span class='ocrx_word' id='word_1_677' title='bbox 1055 4432 1170 4487; x_wconf 81' lang='lat' dir='ltr'><strong>moniale</strong></span> <span class='ocrx_word' id='word_1_678' title='bbox 1200 4433 1363 4502; x_wconf 81' lang='lat' dir='ltr'><strong>pontificem</strong></span> <span class='ocrx_word' id='word_1_679' title='bbox 1398 4432 1514 4502; x_wconf 78' lang='lat' dir='ltr'><strong>ejusque</strong></span> <span class='ocrx_word' id='word_1_680' title='bbox 1550 4435 1667 4490; x_wconf 86' lang='lat' dir='ltr'><strong>clericos</strong></span> <span class='ocrx_word' id='word_1_681' title='bbox 1692 4438 1886 4505; x_wconf 85' lang='lat' dir='ltr'><strong>pronuntiauit</strong></span> 
     </span>
     <span class='ocr_line' id='line_1_50' title="bbox 192 4515 1886 4595; baseline 0.001 -19"><span class='ocrx_word' id='word_1_682' title='bbox 192 4523 313 4578; x_wconf 85' lang='lat' dir='ltr'><strong>ueniant.</strong></span> <span class='ocrx_word' id='word_1_683' title='bbox 350 4518 431 4574; x_wconf 85' lang='lat' dir='ltr'><strong>Circe</strong></span> <span class='ocrx_word' id='word_1_684' title='bbox 450 4533 553 4572; x_wconf 86' lang='lat' dir='ltr'><strong>annum</strong></span> <span class='ocrx_word' id='word_1_685' title='bbox 571 4515 673 4572; x_wconf 87' lang='lat' dir='ltr'><strong>Christi</strong></span> <span class='ocrx_word' id='word_1_686' title='bbox 693 4523 767 4573; x_wconf 90' lang='grc'><strong>1151.</strong></span> <span class='ocrx_word' id='word_1_687' title='bbox 786 4517 928 4573; x_wconf 83' lang='lat' dir='ltr'><strong>lohannes</strong></span> <span class='ocrx_word' id='word_1_688' title='bbox 942 4518 1028 4573; x_wconf 88' lang='lat' dir='ltr'><strong>Saris-</strong></span> <span class='ocrx_word' id='word_1_689' title='bbox 1051 4520 1252 4573; x_wconf 64' lang='lat' dir='ltr'><strong>antichristos.</strong></span> <span class='ocrx_word' id='word_1_690' title='bbox 1299 4518 1418 4573; x_wconf 82' lang='lat' dir='ltr'><strong>Exstant</strong></span> <span class='ocrx_word' id='word_1_691' title='bbox 1448 4519 1533 4574; x_wconf 89' lang='lat' dir='ltr'><strong>etiam</strong></span> <span class='ocrx_word' id='word_1_692' title='bbox 1563 4521 1624 4590; x_wconf 89' lang='lat' dir='ltr'><strong>ejus</strong></span> <span class='ocrx_word' id='word_1_693' title='bbox 1650 4521 1777 4591; x_wconf 88' lang='lat' dir='ltr'><strong>picturae</strong></span> <span class='ocrx_word' id='word_1_694' title='bbox 1807 4539 1886 4595; x_wconf 89' lang='lat' dir='ltr'><strong>super</strong></span> 
     </span>
     <span class='ocr_line' id='line_1_51' title="bbox 192 4603 1885 4681; baseline -0.001 -15"><span class='ocrx_word' id='word_1_695' title='bbox 192 4607 330 4666; x_wconf 87' lang='lat' dir='ltr'><strong>buriensis</strong></span> <span class='ocrx_word' id='word_1_696' title='bbox 368 4604 436 4659; x_wconf 87' lang='lat' dir='ltr'><strong>duos</strong></span> <span class='ocrx_word' id='word_1_697' title='bbox 466 4603 553 4658; x_wconf 91' lang='lat' dir='ltr'><strong>edidit</strong></span> <span class='ocrx_word' id='word_1_698' title='bbox 582 4609 731 4671; x_wconf 83' lang='lat' dir='ltr'><strong>tractatus,</strong></span> <span class='ocrx_word' id='word_1_699' title='bbox 765 4620 881 4675; x_wconf 90' lang='lat' dir='ltr'><strong>quorum</strong></span> <span class='ocrx_word' id='word_1_700' title='bbox 911 4603 1028 4660; x_wconf 86' lang='lat' dir='ltr'><strong>alterum</strong></span> <span class='ocrx_word' id='word_1_701' title='bbox 1054 4605 1246 4678; x_wconf 82' lang='lat' dir='ltr'><strong>Apocalypsin</strong></span> <span class='ocrx_word' id='word_1_702' title='bbox 1270 4622 1333 4660; x_wconf 88' lang='lat' dir='ltr'><strong>curn</strong></span> <span class='ocrx_word' id='word_1_703' title='bbox 1356 4604 1461 4659; x_wconf 79' lang='lat' dir='ltr'><strong>Italicis</strong></span> <span class='ocrx_word' id='word_1_704' title='bbox 1481 4606 1711 4677; x_wconf 86' lang='lat' dir='ltr'><strong>expositionibus,</strong></span> <span class='ocrx_word' id='word_1_705' title='bbox 1740 4609 1770 4665; x_wconf 90' lang='lat' dir='ltr'><strong>in</strong></span> <span class='ocrx_word' id='word_1_706' title='bbox 1787 4610 1885 4681; x_wconf 86' lang='lat' dir='ltr'><strong>quibus</strong></span> 
     </span>
     <span class='ocr_line' id='line_1_52' title="bbox 194 4687 1884 4766; baseline 0.001 -14"><span class='ocrx_word' id='word_1_707' title='bbox 194 4692 424 4766; x_wconf 81' lang='lat' dir='ltr'><strong>objurgatiorium</strong></span> <span class='ocrx_word' id='word_1_708' title='bbox 460 4689 541 4758; x_wconf 88' lang='lat' dir='ltr'><strong>cleri,</strong></span> <span class='ocrx_word' id='word_1_709' title='bbox 577 4688 694 4743; x_wconf 90' lang='lat' dir='ltr'><strong>alterum</strong></span> <span class='ocrx_word' id='word_1_710' title='bbox 728 4687 793 4744; x_wconf 85' lang='lat' dir='ltr'><strong>&#39;vero</strong></span> <span class='ocrx_word' id='word_1_711' title='bbox 828 4690 1028 4761; x_wconf 88' lang='lat' dir='ltr'><strong>polycraticum</strong></span> <span class='ocrx_word' id='word_1_712' title='bbox 1055 4711 1158 4765; x_wconf 88' lang='lat' dir='ltr'><strong>papam</strong></span> <span class='ocrx_word' id='word_1_713' title='bbox 1177 4701 1206 4747; x_wconf 92' lang='lat' dir='ltr'><strong>et</strong></span> <span class='ocrx_word' id='word_1_714' title='bbox 1224 4691 1336 4747; x_wconf 87' lang='lat' dir='ltr'><strong>clericos</strong></span> <span class='ocrx_word' id='word_1_715' title='bbox 1354 4692 1414 4761; x_wconf 88' lang='lat' dir='ltr'><strong>ejus</strong></span> <span class='ocrx_word' id='word_1_716' title='bbox 1431 4694 1553 4764; x_wconf 85' lang='lat' dir='ltr'><strong>graviter</strong></span> <span class='ocrx_word' id='word_1_717' title='bbox 1563 4700 1686 4753; x_wconf 84' lang='lat' dir='ltr'><strong>accusat.</strong></span> <span class='ocrx_word' id='word_1_718' title='bbox 1713 4695 1798 4751; x_wconf 86' lang='lat' dir='ltr'><strong>Anno</strong></span> <span class='ocrx_word' id='word_1_719' title='bbox 1813 4703 1884 4753; x_wconf 83' lang='grc'><strong>1210.</strong></span> 
     </span>
     <span class='ocr_line' id='line_1_53' title="bbox 194 4774 1884 4852; baseline 0 -13"><span class='ocrx_word' id='word_1_720' title='bbox 194 4781 317 4850; x_wconf 81' lang='lat' dir='ltr'><strong>vocavit,</strong></span> <span class='ocrx_word' id='word_1_721' title='bbox 336 4779 366 4833; x_wconf 91' lang='lat' dir='ltr'><strong>in</strong></span> <span class='ocrx_word' id='word_1_722' title='bbox 384 4777 484 4850; x_wconf 90' lang='lat' dir='ltr'><strong>quibus</strong></span> <span class='ocrx_word' id='word_1_723' title='bbox 502 4774 659 4847; x_wconf 88' lang='lat' dir='ltr'><strong>pontificem</strong></span> <span class='ocrx_word' id='word_1_724' title='bbox 677 4775 893 4847; x_wconf 82' lang='lat' dir='ltr'><strong>Antichristum,</strong></span> <span class='ocrx_word' id='word_1_725' title='bbox 913 4777 1029 4832; x_wconf 89' lang='lat' dir='ltr'><strong>Romam</strong></span> <span class='ocrx_word' id='word_1_726' title='bbox 1055 4779 1233 4835; x_wconf 81' lang='lat' dir='ltr'><strong>Eberhardus</strong></span> <span class='ocrx_word' id='word_1_727' title='bbox 1273 4778 1419 4850; x_wconf 90' lang='lat' dir='ltr'><strong>episcopus</strong></span> <span class='ocrx_word' id='word_1_728' title='bbox 1456 4778 1673 4852; x_wconf 77' lang='lat' dir='ltr'><strong>salisburgensis</strong></span> <span class='ocrx_word' id='word_1_729' title='bbox 1707 4781 1737 4835; x_wconf 89' lang='lat' dir='ltr'><strong>in</strong></span> <span class='ocrx_word' id='word_1_730' title='bbox 1771 4783 1884 4839; x_wconf 88' lang='lat' dir='ltr'><strong>concilio</strong></span> 
     </span>
     <span class='ocr_line' id='line_1_54' title="bbox 193 4861 1884 4941; baseline -0.002 -15"><span class='ocrx_word' id='word_1_731' title='bbox 193 4887 259 4926; x_wconf 81' lang='lat' dir='ltr'><strong>vero</strong></span> <span class='ocrx_word' id='word_1_732' title='bbox 286 4868 456 4922; x_wconf 85' lang='lat' dir='ltr'><strong>meretricem</strong></span> <span class='ocrx_word' id='word_1_733' title='bbox 479 4863 683 4932; x_wconf 75' lang='lat' dir='ltr'><strong>Batntonican</strong></span> <span class='ocrx_word' id='word_1_734' title='bbox 709 4863 840 4933; x_wconf 90' lang='lat' dir='ltr'><strong>appellat.</strong></span> <span class='ocrx_word' id='word_1_735' title='bbox 881 4861 963 4920; x_wconf 85' lang='lat' dir='ltr'><strong>Circa</strong></span> <span class='ocrx_word' id='word_1_736' title='bbox 980 4882 1029 4920; x_wconf 89' lang='lat' dir='ltr'><strong>un·</strong></span> <span class='ocrx_word' id='word_1_737' title='bbox 1055 4863 1297 4937; x_wconf 82' lang='lat' dir='ltr'><strong>Regiuoburgeusi</strong></span> <span class='ocrx_word' id='word_1_738' title='bbox 1323 4865 1398 4935; x_wconf 90' lang='lat' dir='ltr'><strong>apud</strong></span> <span class='ocrx_word' id='word_1_739' title='bbox 1423 4866 1522 4941; x_wconf 77' lang='lat' dir='ltr'><strong>Arent.</strong></span> <span class='ocrx_word' id='word_1_740' title='bbox 1547 4866 1595 4923; x_wconf 92' lang='lat' dir='ltr'><strong>lib.</strong></span> <span class='ocrx_word' id='word_1_741' title='bbox 1622 4873 1646 4927; x_wconf 82' lang='grc'><strong>1,</strong></span> <span class='ocrx_word' id='word_1_742' title='bbox 1668 4868 1760 4923; x_wconf 89' lang='lat' dir='ltr'><strong>annal.</strong></span> <span class='ocrx_word' id='word_1_743' title='bbox 1781 4868 1816 4925; x_wconf 88' lang='lat' dir='ltr'><strong>de</strong></span> <span class='ocrx_word' id='word_1_744' title='bbox 1834 4870 1884 4924; x_wconf 77' lang='lat' dir='ltr'><strong>llo</strong></span> 
     </span>
     <span class='ocr_line' id='line_1_55' title="bbox 195 4948 1883 5024; baseline -0.003 -11"><span class='ocrx_word' id='word_1_745' title='bbox 195 4971 262 5012; x_wconf 88' lang='lat' dir='ltr'><strong>num</strong></span> <span class='ocrx_word' id='word_1_746' title='bbox 294 4959 367 5011; x_wconf 86' lang='grc'><strong>1131).</strong></span> <span class='ocrx_word' id='word_1_747' title='bbox 417 4948 594 5007; x_wconf 86' lang='lat' dir='ltr'><strong>Bernhardus</strong></span> <span class='ocrx_word' id='word_1_748' title='bbox 622 4948 701 5019; x_wconf 87' lang='lat' dir='ltr'><strong>epist.</strong></span> <span class='ocrx_word' id='word_1_749' title='bbox 732 4955 789 5006; x_wconf 88' lang='grc'><strong>125.</strong></span> <span class='ocrx_word' id='word_1_750' title='bbox 822 4950 857 5006; x_wconf 89' lang='lat' dir='ltr'><strong>de</strong></span> <span class='ocrx_word' id='word_1_751' title='bbox 885 4953 1028 5024; x_wconf 81' lang='lat' dir='ltr'><strong>Agapeto:</strong></span> <span class='ocrx_word' id='word_1_752' title='bbox 1055 4950 1143 5006; x_wconf 86' lang='lat' dir='ltr'><strong>manis</strong></span> <span class='ocrx_word' id='word_1_753' title='bbox 1172 4949 1349 5022; x_wconf 86' lang='lat' dir='ltr'><strong>pontificibus</strong></span> <span class='ocrx_word' id='word_1_754' title='bbox 1370 4953 1426 5007; x_wconf 91' lang='lat' dir='ltr'><strong>tale</strong></span> <span class='ocrx_word' id='word_1_755' title='bbox 1448 4953 1553 5022; x_wconf 82' lang='lat' dir='ltr'><strong>profert</strong></span> <span class='ocrx_word' id='word_1_756' title='bbox 1576 4953 1781 5009; x_wconf 86' lang='lat' dir='ltr'><strong>testimonium:</strong></span> <span class='ocrx_word' id='word_1_757' title='bbox 1817 4956 1883 5010; x_wconf 79' lang='lat' dir='ltr'><strong>Fla</strong></span> 
     </span>
     <span class='ocr_line' id='line_1_56' title="bbox 195 5030 1883 5112; baseline -0.002 -14"><span class='ocrx_word' id='word_1_758' title='bbox 195 5043 294 5100; x_wconf 87' lang='lat' dir='ltr'><strong>Bestia</strong></span> <span class='ocrx_word' id='word_1_759' title='bbox 312 5041 367 5096; x_wconf 86' lang='lat' dir='ltr'><strong>illa</strong></span> <span class='ocrx_word' id='word_1_760' title='bbox 381 5041 417 5094; x_wconf 90' lang='lat' dir='ltr'><strong>de</strong></span> <span class='ocrx_word' id='word_1_761' title='bbox 430 5037 613 5108; x_wconf 73' lang='lat' dir='ltr'><strong>Apocalypsi,</strong></span> <span class='ocrx_word' id='word_1_762' title='bbox 632 5037 678 5090; x_wconf 85' lang='lat' dir='ltr'><strong>cui</strong></span> <span class='ocrx_word' id='word_1_763' title='bbox 695 5039 792 5091; x_wconf 88' lang='lat' dir='ltr'><strong>datum</strong></span> <span class='ocrx_word' id='word_1_764' title='bbox 812 5046 851 5092; x_wconf 86' lang='lat' dir='ltr'><strong>est</strong></span> <span class='ocrx_word' id='word_1_765' title='bbox 869 5056 900 5091; x_wconf 93' lang='lat' dir='ltr'><strong>os</strong></span> <span class='ocrx_word' id='word_1_766' title='bbox 914 5030 1028 5108; x_wconf 77' lang='lat' dir='ltr'><strong>loquens</strong></span> <span class='ocrx_word' id='word_1_767' title='bbox 1055 5039 1142 5092; x_wconf 85' lang='lat' dir='ltr'><strong>mines</strong></span> <span class='ocrx_word' id='word_1_768' title='bbox 1166 5039 1215 5092; x_wconf 88' lang='lat' dir='ltr'><strong>illi</strong></span> <span class='ocrx_word' id='word_1_769' title='bbox 1238 5039 1415 5106; x_wconf 72' lang='lat' dir='ltr'><strong>Babyloniae</strong></span> <span class='ocrx_word' id='word_1_770' title='bbox 1440 5039 1497 5093; x_wconf 90' lang='lat' dir='ltr'><strong>soli</strong></span> <span class='ocrx_word' id='word_1_771' title='bbox 1514 5057 1634 5111; x_wconf 76' lang='lat' dir='ltr'><strong>repnare</strong></span> <span class='ocrx_word' id='word_1_772' title='bbox 1651 5042 1783 5112; x_wconf 83' lang='lat' dir='ltr'><strong>cupiunt,</strong></span> <span class='ocrx_word' id='word_1_773' title='bbox 1807 5043 1883 5110; x_wconf 77' lang='lat' dir='ltr'><strong>ferre</strong></span> 
     </span>
     <span class='ocr_line' id='line_1_57' title="bbox 195 5125 1884 5201; baseline -0.001 -17"><span class='ocrx_word' id='word_1_774' title='bbox 195 5129 383 5201; x_wconf 83' lang='lat' dir='ltr'><strong>blasphemias</strong></span> <span class='ocrx_word' id='word_1_775' title='bbox 410 5134 436 5181; x_wconf 92' lang='lat' dir='ltr'><strong>et</strong></span> <span class='ocrx_word' id='word_1_776' title='bbox 466 5125 568 5178; x_wconf 83' lang='lat' dir='ltr'><strong>bellum</strong></span> <span class='ocrx_word' id='word_1_777' title='bbox 594 5140 689 5193; x_wconf 82' lang='lat' dir='ltr'><strong>perere</strong></span> <span class='ocrx_word' id='word_1_778' title='bbox 717 5142 777 5178; x_wconf 87' lang='lat' dir='ltr'><strong>cum</strong></span> <span class='ocrx_word' id='word_1_779' title='bbox 803 5126 921 5194; x_wconf 87' lang='lat' dir='ltr'><strong>sanctia,</strong></span> <span class='ocrx_word' id='word_1_780' title='bbox 947 5125 1030 5179; x_wconf 89' lang='lat' dir='ltr'><strong>Petri</strong></span> <span class='ocrx_word' id='word_1_781' title='bbox 1050 5142 1153 5195; x_wconf 90' lang='lat' dir='ltr'><strong>parem</strong></span> <span class='ocrx_word' id='word_1_782' title='bbox 1181 5143 1237 5178; x_wconf 90' lang='lat' dir='ltr'><strong>non</strong></span> <span class='ocrx_word' id='word_1_783' title='bbox 1259 5134 1395 5195; x_wconf 86' lang='lat' dir='ltr'><strong>possunt,</strong></span> <span class='ocrx_word' id='word_1_784' title='bbox 1425 5142 1481 5179; x_wconf 90' lang='lat' dir='ltr'><strong>non</strong></span> <span class='ocrx_word' id='word_1_785' title='bbox 1504 5127 1648 5195; x_wconf 83' lang='lat' dir='ltr'><strong>desistent,</strong></span> <span class='ocrx_word' id='word_1_786' title='bbox 1679 5129 1768 5182; x_wconf 88' lang='lat' dir='ltr'><strong>donec</strong></span> <span class='ocrx_word' id='word_1_787' title='bbox 1793 5129 1884 5183; x_wconf 86' lang='lat' dir='ltr'><strong>omnia</strong></span> 
     </span>
     <span class='ocr_line' id='line_1_58' title="bbox 195 5212 1883 5285; baseline -0.001 -14"><span class='ocrx_word' id='word_1_788' title='bbox 195 5217 359 5272; x_wconf 87' lang='lat' dir='ltr'><strong>cathedram</strong></span> <span class='ocrx_word' id='word_1_789' title='bbox 383 5221 514 5284; x_wconf 72' lang='lat' dir='ltr'><strong>usurpat,</strong></span> <span class='ocrx_word' id='word_1_790' title='bbox 539 5220 673 5280; x_wconf 78' lang='lat' dir='ltr'><strong>tanquam</strong></span> <span class='ocrx_word' id='word_1_791' title='bbox 690 5212 734 5265; x_wconf 93' lang='lat' dir='ltr'><strong>leo</strong></span> <span class='ocrx_word' id='word_1_792' title='bbox 747 5219 870 5280; x_wconf 85' lang='lat' dir='ltr'><strong>paratus</strong></span> <span class='ocrx_word' id='word_1_793' title='bbox 887 5214 929 5265; x_wconf 90' lang='lat' dir='ltr'><strong>ad</strong></span> <span class='ocrx_word' id='word_1_794' title='bbox 943 5229 1028 5281; x_wconf 89' lang='lat' dir='ltr'><strong>prae-</strong></span> <span class='ocrx_word' id='word_1_795' title='bbox 1050 5212 1170 5282; x_wconf 85' lang='lat' dir='ltr'><strong>pedihus</strong></span> <span class='ocrx_word' id='word_1_796' title='bbox 1188 5212 1247 5265; x_wconf 91' lang='lat' dir='ltr'><strong>suis</strong></span> <span class='ocrx_word' id='word_1_797' title='bbox 1263 5212 1454 5266; x_wconf 86' lang='lat' dir='ltr'><strong>conculcarint</strong></span> <span class='ocrx_word' id='word_1_798' title='bbox 1471 5220 1552 5285; x_wconf 79' lang='lat' dir='ltr'><strong>atque</strong></span> <span class='ocrx_word' id='word_1_799' title='bbox 1568 5213 1600 5265; x_wconf 87' lang='lat' dir='ltr'><strong>in</strong></span> <span class='ocrx_word' id='word_1_800' title='bbox 1616 5215 1719 5283; x_wconf 88' lang='lat' dir='ltr'><strong>templo</strong></span> <span class='ocrx_word' id='word_1_801' title='bbox 1739 5216 1798 5270; x_wconf 92' lang='lat' dir='ltr'><strong>Dei</strong></span> <span class='ocrx_word' id='word_1_802' title='bbox 1809 5217 1883 5270; x_wconf 86' lang='lat' dir='ltr'><strong>sedt-</strong></span> 
     </span>
     <span class='ocr_line' id='line_1_59' title="bbox 86 5299 1882 5373; baseline -0.002 -14"><span class='ocrx_word' id='word_1_803' title='bbox 86 5314 124 5359; x_wconf 85' lang='lat'><strong>11.</strong></span> <span class='ocrx_word' id='word_1_804' title='bbox 136 5310 183 5359; x_wconf 68' lang='lat' dir='ltr'><strong>tt&amp;</strong></span> <span class='ocrx_word' id='word_1_805' title='bbox 196 5305 270 5359; x_wconf 82' lang='lat' dir='ltr'><strong>dam.</strong></span> <span class='ocrx_word' id='word_1_806' title='bbox 304 5302 345 5371; x_wconf 84' lang='lat' dir='ltr'><strong>(si</strong></span> <span class='ocrx_word' id='word_1_807' title='bbox 362 5302 488 5373; x_wconf 86' lang='lat' dir='ltr'><strong>excipere</strong></span> <span class='ocrx_word' id='word_1_808' title='bbox 506 5300 601 5363; x_wconf 85' lang='lat' dir='ltr'><strong>velint,</strong></span> <span class='ocrx_word' id='word_1_809' title='bbox 620 5299 820 5353; x_wconf 88' lang='lat' dir='ltr'><strong>Bernhardom</strong></span> <span class='ocrx_word' id='word_1_810' title='bbox 838 5299 908 5353; x_wconf 86' lang='lat' dir='ltr'><strong>haec</strong></span> <span class='ocrx_word' id='word_1_811' title='bbox 925 5299 1029 5352; x_wconf 70' lang='lat' dir='ltr'><strong>dmisse</strong></span> <span class='ocrx_word' id='word_1_812' title='bbox 1055 5307 1103 5365; x_wconf 80' lang='lat' dir='ltr'><strong>ant</strong></span> <span class='ocrx_word' id='word_1_813' title='bbox 1121 5299 1343 5368; x_wconf 77' lang='lat' dir='ltr'><strong>eutollanturpue</strong></span> <span class='ocrx_word' id='word_1_814' title='bbox 1361 5316 1450 5368; x_wconf 85' lang='lat' dir='ltr'><strong>supra</strong></span> <span class='ocrx_word' id='word_1_815' title='bbox 1469 5315 1547 5353; x_wconf 87' lang='lat' dir='ltr'><strong>omne</strong></span> <span class='ocrx_word' id='word_1_816' title='bbox 1559 5299 1599 5368; x_wconf 90' lang='lat' dir='ltr'><strong>id,</strong></span> <span class='ocrx_word' id='word_1_817' title='bbox 1618 5303 1695 5369; x_wconf 77' lang='lat' dir='ltr'><strong>quod</strong></span> <span class='ocrx_word' id='word_1_818' title='bbox 1706 5302 1809 5357; x_wconf 86' lang='lat' dir='ltr'><strong>colitur</strong></span> <span class='ocrx_word' id='word_1_819' title='bbox 1827 5305 1882 5371; x_wconf 87' lang='lat' dir='ltr'><strong>(au-</strong></span> 
     </span>
     <span class='ocr_line' id='line_1_60' title="bbox 196 5383 1882 5458; baseline 0 -14"><span class='ocrx_word' id='word_1_820' title='bbox 196 5389 232 5446; x_wconf 85' lang='lat' dir='ltr'><strong>de</strong></span> <span class='ocrx_word' id='word_1_821' title='bbox 252 5407 307 5444; x_wconf 90' lang='lat' dir='ltr'><strong>uno</strong></span> <span class='ocrx_word' id='word_1_822' title='bbox 325 5389 515 5456; x_wconf 87' lang='lat' dir='ltr'><strong>solummodo,</strong></span> <span class='ocrx_word' id='word_1_823' title='bbox 531 5386 581 5457; x_wconf 76' lang='lat' dir='ltr'><strong>qui</strong></span> <span class='ocrx_word' id='word_1_824' title='bbox 594 5385 730 5457; x_wconf 86' lang='lat' dir='ltr'><strong>papalem</strong></span> <span class='ocrx_word' id='word_1_825' title='bbox 746 5386 840 5439; x_wconf 88' lang='lat' dir='ltr'><strong>sedem</strong></span> <span class='ocrx_word' id='word_1_826' title='bbox 857 5385 887 5439; x_wconf 88' lang='lat' dir='ltr'><strong>oi</strong></span> <span class='ocrx_word' id='word_1_827' title='bbox 903 5393 929 5439; x_wconf 90' lang='lat' dir='ltr'><strong>et</strong></span> <span class='ocrx_word' id='word_1_828' title='bbox 948 5404 1027 5440; x_wconf 88' lang='lat' dir='ltr'><strong>usur·</strong></span> <span class='ocrx_word' id='word_1_829' title='bbox 1054 5383 1097 5440; x_wconf 88' lang='lat' dir='ltr'><strong>dis</strong></span> <span class='ocrx_word' id='word_1_830' title='bbox 1124 5384 1211 5440; x_wconf 82' lang='lat' dir='ltr'><strong>verba</strong></span> <span class='ocrx_word' id='word_1_831' title='bbox 1240 5384 1363 5440; x_wconf 74' lang='lat' dir='ltr'><strong>vadcmii</strong></span> <span class='ocrx_word' id='word_1_832' title='bbox 1392 5383 1538 5457; x_wconf 87' lang='lat' dir='ltr'><strong>apostolici</strong></span> <span class='ocrx_word' id='word_1_833' title='bbox 1570 5389 1595 5441; x_wconf 90' lang='grc'><strong>2.</strong></span> <span class='ocrx_word' id='word_1_834' title='bbox 1618 5384 1716 5444; x_wconf 86' lang='lat' dir='ltr'><strong>Thess.</strong></span> <span class='ocrx_word' id='word_1_835' title='bbox 1739 5394 1769 5458; x_wconf 85' lang='lat'><strong>2,</strong></span> <span class='ocrx_word' id='word_1_836' title='bbox 1797 5407 1823 5444; x_wconf 84' lang='lat' dir='ltr'><strong>r.</strong></span> <span class='ocrx_word' id='word_1_837' title='bbox 1849 5389 1882 5456; x_wconf 92' lang='grc'><strong>1.)</strong></span> 
     </span>
    </p>
   </div>
   <div class='ocr_carea' id='block_1_3' title="bbox 191 5471 1885 5550">
    <p class='ocr_par' dir='ltr' id='par_1_3' title="bbox 191 5471 1885 5550">
     <span class='ocr_line' id='line_1_61' title="bbox 191 5471 1885 5550; baseline 0 -22"><span class='ocrx_word' id='word_1_838' title='bbox 191 5477 310 5550; x_wconf 80' lang='lat' dir='ltr'><strong>potione</strong></span> <span class='ocrx_word' id='word_1_839' title='bbox 340 5476 492 5543; x_wconf 82' lang='lat' dir='ltr'><strong>manifesta</strong></span> <span class='ocrx_word' id='word_1_840' title='bbox 518 5479 719 5542; x_wconf 84' lang='lat' dir='ltr'><strong>occupauerat,·</strong></span> <span class='ocrx_word' id='word_1_841' title='bbox 745 5471 958 5543; x_wconf 82' lang='lat' dir='ltr'><strong>respondemus:</strong></span> <span class='ocrx_word' id='word_1_842' title='bbox 990 5473 1027 5527; x_wconf 89' lang='lat' dir='ltr'><strong>sit</strong></span> <span class='ocrx_word' id='word_1_843' title='bbox 1053 5472 1157 5527; x_wconf 81' lang='lat' dir='ltr'><strong>Fames</strong></span> <span class='ocrx_word' id='word_1_844' title='bbox 1182 5487 1280 5542; x_wconf 64' lang='lat' dir='ltr'><strong>mum,</strong></span> <span class='ocrx_word' id='word_1_845' title='bbox 1301 5471 1365 5525; x_wconf 87' lang='lat' dir='ltr'><strong>sitis</strong></span> <span class='ocrx_word' id='word_1_846' title='bbox 1389 5471 1526 5539; x_wconf 83' lang='lat' dir='ltr'><strong>honorum</strong></span> <span class='ocrx_word' id='word_1_847' title='bbox 1549 5472 1727 5542; x_wconf 82' lang='lat' dir='ltr'><strong>ineaplehslis</strong></span> <span class='ocrx_word' id='word_1_848' title='bbox 1746 5484 1797 5531; x_wconf 83' lang='lat' dir='ltr'><strong>est,</strong></span> <span class='ocrx_word' id='word_1_849' title='bbox 1833 5474 1885 5540; x_wconf 74' lang='lat' dir='ltr'><strong>Qut</strong></span> 
     </span>
    </p>
   </div>
   <div class='ocr_carea' id='block_1_4' title="bbox 0 0 2006 6021">
    <p class='ocr_par' dir='ltr' id='par_1_4' title="bbox 0 0 2006 6021">
     <span class='ocr_line' id='line_1_62' title="bbox 0 0 2006 6021; baseline 0 0"><span class='ocrx_word' id='word_1_850' title='bbox 0 0 2006 6021; x_wconf 95' lang='lat' dir='ltr'><strong> </strong></span> 
     </span>
    </p>
   </div>
  </div>
 </body>
</html>
