4004 6022
757 224 760 229 ·
814 214 866 276 ΒΕ
883 213 1076 278 hchEslh.
1725 228 1784 290 ω

90 392 176 433 versa
193 378 329 434 refereme
347 375 502 448 Frecnlpho
518 377 547 432 in
565 377 694 433 chronico
711 383 776 434 tom.
790 383 814 433 2.
837 376 885 434 lib.
900 381 925 432 4.
955 377 1077 431 ηουᾱιιω
1093 376 1148 433 init
1164 382 1243 432 muta
1253 376 1396 433 doctrinae
1406 375 1554 448 corruptio,
1566 381 1671 449 manui
1682 383 1786 448 postra-

93 481 119 518 c.
143 469 184 520 20.
226 463 410 519 Bellarminus
433 463 469 517 ad
493 462 546 519 hoc
569 464 724 534 exemplum
749 464 790 518 sic
817 463 928 533 excipit,
955 464 1006 516 mis
1032 462 1202 534 temporibus
1229 469 1378 518 consecuta
1400 468 1455 530 est,
1481 462 1546 518 ideo
1568 464 1711 519 conversio
1738 464 1786 518 ills

96 549 207 604 Gothos
231 552 266 604 ah
289 551 410 604 Arianis
434 567 490 602 non
514 567 572 604 esse
597 567 755 620 conversos,
781 551 833 604 sed
849 551 927 602 deca·
954 550 1100 619 gentilium
1118 567 1174 605 non
1193 550 1295 606 desinit
1311 566 1371 605 esse
1388 565 1459 620 opus
1477 549 1589 605 divinae
1605 550 1786 622 benignitatis

88 643 173 705 ptos,
198 637 318 690 columae
341 637 413 690 enim
435 635 541 690 Gothos
552 638 623 705 fieri
642 637 817 690 Christianos
835 643 859 688 et
877 635 928 686 hoc
955 653 989 689 oc
1004 639 1160 705 pretiosum
1178 656 1196 690 a
1213 639 1266 690 uiti
1282 654 1390 707 semper
1408 643 1450 691 est
1469 637 1663 707 separandum.
1700 637 1732 691 In
1753 652 1786 692 eo

92 724 205 776 nomine
226 723 340 791 petiisse
367 723 528 792 episcopos,
552 725 604 777 sed
621 725 656 776 ab
675 725 844 793 imperatore
863 722 927 774 mis-
955 727 1065 793 quoq'uo
1082 723 1274 780 conversiones
1292 723 1357 778 illae
1369 721 1568 794 posterioribus
1580 723 1681 777 seculis
1695 722 1787 779 factae

45 818 79 860 su
92 826 142 861 sos
167 825 225 861 essa
243 810 386 878 Arionem
415 808 516 863 deinde
539 808 631 878 addit,
660 811 795 879 maiorem
815 817 927 878 portem
955 809 1149 879 discrepante
1167 808 1391 865 conversionibus
1410 825 1460 879 per
1478 809 1617 879 apostolos
1637 816 1786 879 etaposto·

92 894 213 973 pilorum
237 894 392 949 Gothorum
417 897 508 957 fuisse
532 895 729 952 Christianam.
765 895 852 966 Atqui
876 894 927 949 hoc
954 895 1020 948 lices
1038 895 1113 948 viros
1130 895 1269 964 prioribus
1287 893 1387 949 seculis
1401 893 1498 957 saetas,
1516 895 1592 965 quod
1607 895 1699 965 potius
1710 901 1786 949 metu

93 979 176 1034 nobis
204 981 320 1044 suffieit,
350 981 423 1053 quod
451 980 536 1036 Gothi
560 981 597 1036 ab
623 982 734 1036 Arianis
757 981 862 1036 fuerint
881 981 926 1035 de·
954 995 1091 1035 armorum
1111 997 1143 1034 ac
1160 981 1294 1034 violentia
1313 979 1379 1035 belli
1399 997 1482 1051 quam
1502 979 1626 1035 efficacia
1644 980 1806 1035 doctrinae·

92 1067 186 1136 cepti,
212 1083 245 1121 ex
270 1084 303 1123 eo
325 1068 398 1122 enim
421 1073 543 1132 constat,
568 1086 622 1123 non
641 1085 749 1123 omnem
765 1067 926 1139 religionem
954 1066 1057 1120 fuerint
1081 1066 1180 1122 foetae
1216 1065 1375 1120 Bonifaeius
1401 1066 1475 1121 euim
1500 1066 1658 1137 Thuringos
1682 1073 1786 1121 terrore

92 1170 266 1208 asseverem
287 1160 314 1208 et
333 1154 534 1223 incorruptam,
559 1154 595 1207 ad
622 1171 704 1224 quam
727 1153 844 1226 gentiles
863 1170 926 1208 eon·
954 1170 1091 1207 armorum
1111 1151 1261 1220 convertit,
1287 1157 1319 1206 ut
1337 1169 1370 1207 ex
1389 1152 1518 1207 chronico
1538 1152 1695 1208 lsenaeensi
1713 1169 1786 1206 com·

93 1244 246 1295 vertuntur.
282 1239 342 1295 Nec
368 1240 480 1310 probari
505 1246 596 1309 potest
615 1257 648 1294 ex
664 1239 778 1295 historia
798 1240 926 1296 ecelesia·
954 1245 1121 1293 memoratur
1148 1245 1220 1296 cent.
1244 1242 1267 1290 8.
1293 1239 1387 1293 eccles.
1413 1238 1476 1295 hist.
1500 1255 1560 1309 cap.
1588 1246 1627 1295 10.
1671 1238 1786 1293 Carolus

92 1324 178 1394 stica,
207 1328 338 1397 majorem
367 1332 474 1397 partem
503 1325 657 1380 Gothorum
677 1326 738 1396 jam
761 1325 927 1382 antefuisse
954 1325 1072 1395 Magnus
1096 1324 1213 1379 funestis
1238 1324 1320 1379 bellis
1345 1325 1466 1379 Saxones
1491 1326 1529 1379 ad
1552 1323 1635 1380 fidem
1656 1324 1786 1380 Christia-

92 1411 293 1478 Christianam,
322 1429 385 1465 cum
409 1429 427 1465 a
450 1411 563 1466 Socrate
580 1411 630 1468 lib.
648 1418 673 1468 l.
693 1430 716 1467 c.
738 1418 778 1468 27.
798 1419 826 1467 et
844 1410 926 1467 Sozo-
954 1429 1017 1465 nam
1040 1413 1176 1480 pertraxit
1192 1417 1244 1465 etc.
1279 1409 1429 1465 Praeterea
1446 1417 1542 1482 gentes
1560 1411 1632 1476 illae,
1650 1429 1719 1482 quas
1737 1429 1788 1482 per

92 1515 173 1553 meno
194 1497 243 1552 lib.
262 1503 286 1555 6.
305 1514 328 1551 c.
349 1504 390 1553 37.
409 1504 473 1554 ante
491 1497 566 1552 illam
579 1498 785 1553 conversionem
800 1498 926 1553 dieantur
953 1497 1135 1568 Gregorium,
1155 1496 1329 1552 Bonifatium
1346 1506 1398 1552 stc.
1417 1497 1453 1550 ad
1473 1497 1617 1552 ecclesiam
1634 1497 1786 1552 &manem

94 1585 211 1638 barbari
239 1591 267 1639 et
294 1584 361 1638 belli
389 1583 533 1640 occasione
556 1584 774 1640 Christianorum
801 1585 926 1640 doctrina
953 1600 1099 1638 conversas
1118 1601 1178 1639 esse
1195 1583 1380 1637 Bellarminus
1400 1582 1510 1647 assent,
1532 1584 1592 1653 jam
1618 1591 1683 1638 ante
1709 1591 1788 1639 erant

93 1673 134 1727 eis
151 1672 270 1741 primum
289 1671 447 1726 innotuerit.
476 1672 628 1728 Praeterea
639 1674 821 1726 ecclesiarum
835 1671 925 1727 Grae·
954 1669 1135 1724 Christianae.
1172 1669 1216 1722 De
1242 1669 1389 1724 Britannia
1413 1676 1531 1724 testatur
1549 1669 1705 1740 Polydorus
1724 1671 1786 1727 Vir·

94 1775 191 1810 corum
210 1757 409 1813 confessionem
434 1758 513 1812 multi
533 1776 566 1813 ex
587 1758 798 1814 Muhsmetismo
816 1765 844 1813 et
860 1775 926 1828 gen·
953 1756 1001 1827 gil.
1022 1756 1070 1809 lib.
1092 1761 1113 1811 l.
1133 1756 1168 1810 de
1183 1772 1235 1809 rer.
1252 1756 1356 1809 invent
1375 1773 1398 1809 c.
1419 1762 1441 1810 1.
1463 1756 1538 1826 quod
1560 1773 1649 1825 opera
1667 1757 1788 1826 Jossphi

94 1844 197 1898 tilismo
217 1844 280 1899 olim
299 1850 471 1916 receperunt,
488 1861 579 1916 neque
597 1853 689 1900 mmen
706 1844 845 1902 Pontificii
863 1861 926 1900 con·
953 1843 1140 1895 Ariminenses
1162 1843 1377 1911 prouinciarum
1404 1845 1525 1898 omnium
1548 1844 1644 1912 prima
1669 1860 1785 1915 euange-

94 1930 211 1993 cedunt,
234 1947 295 1985 eam
314 1947 374 1986 esse
393 1931 565 1988 catholicam.
604 1939 628 1988 l.
647 1931 775 2003 Denique
792 1931 817 1984 si
835 1931 925 1986 effica-
954 1930 1022 1981 tium
1040 1930 1154 1998 publice
1178 1929 1322 1998 receperit.
1359 1927 1496 1984 Giliridus
1521 1929 1568 1987 lib.
1595 1935 1618 1986 8.
1642 1929 1678 1984 de
1701 1932 1786 2002 gestis

94 2017 138 2071 cia
162 2017 302 2071 doctrinae
327 2025 369 2072 est
390 2024 458 2071 nota
476 2017 624 2082 ecclesiae,
649 2018 736 2073 stabit
754 2025 848 2072 nostra
867 2033 926 2072 sen·
954 2015 1077 2070 Britann.
1098 2014 1199 2078 refert,
1226 2031 1258 2068 eo
1283 2016 1345 2084 ipso
1370 2023 1506 2085 tempere,
1534 2034 1588 2086 qao
1613 2017 1785 2083 Aupuetinus

93 2105 194 2172 tentia,
213 2105 287 2175 quod
304 2121 371 2160 vera
387 2105 513 2160 doctrina
531 2105 700 2177 propheticis
718 2112 746 2160 et
769 2104 925 2176 apostolicis
954 2103 1102 2155 monachus
1130 2103 1161 2154 in
1189 2102 1374 2154 Britanniam
1400 2103 1500 2155 missas
1529 2111 1570 2156 cst
1594 2121 1614 2158 a
1637 2103 1786 2174 Grepcrio,

94 2191 173 2246 libris
206 2191 353 2246 conformis
382 2192 418 2246 sit
446 2199 513 2268 nota
542 2191 690 2254 ecclesiae,
725 2191 861 2263 siquidem
892 2192 925 2246 de
955 2187 1197 2243 Christianismum
1218 2189 1356 2257 uiguisse,
1376 2206 1437 2241 cum
1448 2189 1564 2256 suerint
1581 2189 1611 2243 in
1629 2207 1664 2244 eo
1682 2197 1786 2260 septem

93 2278 220 2335 efficacia
240 2279 288 2333 illa
307 2277 447 2333 doctrinae
461 2279 645 2347 judicandum
665 2283 708 2332 est
727 2295 760 2333 ex
777 2278 926 2350 Scripturis
953 2276 1129 2344 episcopatus
1150 2283 1175 2326 et
1193 2292 1266 2326 unas
1283 2273 1553 2344 archiepiscopatus.
1583 2274 1629 2331 Sic
1641 2291 1691 2346 per
1703 2276 1785 2331 cnis-
1823 2276 1825 2281 ’
1866 2274 1869 2281 ’
1899 2268 1909 2285 ’

93 2366 193 2433 sacris,
222 2382 284 2419 eum
311 2381 367 2418 non
393 2365 481 2419 omnis
510 2363 635 2420 efficacia
658 2372 759 2436 arguat
784 2364 926 2420 doctrinae
952 2378 1018 2414 num
1038 2360 1172 2424 Francos,
1196 2377 1247 2430 per
1266 2359 1441 2414 Bonifaeium
1458 2359 1617 2432 Thuringos
1640 2363 1676 2416 ad
1702 2361 1784 2418 fldem

93 2453 238 2507 veritatem
266 2456 294 2506 et
320 2451 522 2518 sinceritatem,
553 2451 606 2505 nisi
635 2451 691 2505 vim
715 2457 743 2505 et
764 2449 925 2505 facultatem
952 2462 1098 2501 conversos
1123 2464 1197 2515 esse,
1223 2446 1408 2502 Bellarminus
1425 2447 1537 2514 asserit,
1562 2448 1612 2502 sed
1636 2450 1784 2504 Cerrnani·

94 2538 225 2592 salutaris
246 2536 282 2589 ad
302 2535 392 2591 Deum
412 2536 597 2591 conversionis
616 2536 720 2592 habeat
741 2538 925 2609 conjunctam,
953 2550 1049 2587 carum
1078 2533 1261 2587 scriniorum
1288 2532 1412 2587 meminit
1441 2533 1630 2590 Tertullianus
1664 2541 1692 2591 et
1720 2542 1784 2591 ante

94 2625 163 2679 alias
192 2624 264 2678 enim
288 2624 340 2677 erit
365 2623 458 2692 potius
485 2625 608 2694 ἐνέργεια
637 2626 683 2691 τῆς
710 2617 815 2691 nihrn'r
843 2641 926 2695 quam
952 2620 1030 2674 illum
1052 2621 1197 2688 Irensens,
1224 2635 1257 2673 ac
1283 2619 1418 2673 Thomom
1436 2620 1467 2673 in
1488 2619 1645 2676 Germania
1665 2623 1843 2692 proedirm.
1856 2640 1890 2682 aa.

95 2712 221 2781 ἐνέργεια
240 2712 285 2772 τῆς
301 2715 379 2769 θείας
396 2708 535 2776 ἀληθείας.
954 2725 1032 2761 casse
1059 2714 1155 2763 auctor
1179 2712 1222 2762 est
1240 2706 1426 2776 Hieronymus
1444 2707 1474 2762 in
1491 2707 1574 2764 catal.
1608 2708 1704 2764 Tertio
1722 2709 1784 2765 loco

45 2831 60 2855 r.
132 2802 191 2854 257.
220 2798 376 2850 Memorem
393 2799 552 2853 samnitum.
589 2798 662 2854 Num
683 2798 810 2851 doctrina
827 2798 926 2852 Roma·
955 2794 1082 2863 producit
1094 2794 1277 2849 Bellarminus
1292 2795 1498 2848 eonomsionem
1516 2795 1656 2849 Indorum
1667 2812 1703 2849 aa
1714 2796 1786 2850 olio·

45 2930 81 2962 „g
95 2901 149 2940 nae
168 2883 300 2939 ecelesiae
318 2885 467 2938 salutarem
486 2884 562 2937 illam
578 2884 763 2938 conversionis
775 2883 926 2938 efficaciam
954 2898 1017 2934 rum
1036 2883 1102 2935 noui
1119 2882 1195 2934 orbis
1210 2882 1390 2951 populorum,
1409 2880 1446 2935 de
1461 2896 1518 2951 qna
1530 2881 1597 2951 quid
1609 2881 1786 2937 sumendum

45 2976 82 3064 ΙΨ
95 2974 271 3042 coniunctam
290 2970 414 3024 habeat?
453 2970 639 3026 Bellarminus
656 2970 792 3040 triplicem
815 2987 927 3026 eonver-
954 2967 998 3034 sit,
1017 2967 1142 3038 superius
1161 2968 1218 3023 late
1235 2967 1411 3038 exposuimus
1430 2965 1458 3038 ξ.
1477 2973 1531 3024 tea.
1549 2968 1663 3023 membr.
1680 2974 1704 3025 t.
1724 2969 1786 3024 Bel·

95 3059 200 3115 sionem
222 3056 368 3130 gentilium
394 3055 489 3124 affert,
516 3056 551 3112 dc
574 3073 630 3128 qua
655 3055 784 3112 distincte
807 3074 927 3128 pronun·
955 3053 1087 3109 larmirus
1113 3053 1283 3109 conversioni
1312 3054 1457 3126 gentilium
1483 3054 1520 3109 ad
1544 3053 1786 3109 Muhametismum

93 3146 229 3201 tiendum.
265 3144 359 3198 Primo
377 3143 438 3197 loco
455 3143 534 3213 ponit
557 3143 762 3197 conomsionem
782 3144 926 3211 paetitiam
955 3140 1006 3194 hoc
1029 3140 1156 3210 opponit,
1186 3139 1261 3211 quod
1286 3148 1394 3195 terrore
1419 3157 1562 3194 armorum
1583 3141 1673 3206 faerit
1696 3141 1786 3208 facta,

90 3250 147 3302 per
164 3230 308 3300 apostolos
319 3232 451 3297 factam,
470 3246 554 3300 quem
571 3230 746 3300 Augustinus
764 3229 811 3283 lib.
832 3236 874 3285 22.
893 3231 927 3286 de
954 3227 1031 3297 atqui
1055 3227 1084 3279 id
1108 3226 1199 3295 ipsum
1223 3226 1305 3280 eiiam
1330 3225 1519 3281 deluderem
1544 3226 1723 3281 conversione
1746 3232 1785 3281 te·

94 3319 199 3375 civitat.
226 3318 278 3372 Dei
304 3334 326 3371 c.
349 3324 372 3372 5.
396 3317 492 3370 merito
517 3318 589 3370 inter
615 3317 755 3370 miracola
777 3318 927 3388 praecipua
954 3317 1063 3365 suntor
1088 3311 1194 3365 Ludos.
1219 3309 1412 3377 Grauatensis,
1437 3311 1537 3366 Petrus
1564 3311 1671 3382 Mastyr
1690 3317 1719 3366 et
1737 3309 1785 3365 alil

92 3412 228 3473 numerat,
247 3411 327 3459 erant
345 3403 417 3458 enim
435 3402 554 3473 apostoli
575 3419 689 3458 numero
703 3403 796 3472 pauci,
814 3409 927 3458 externa
953 3397 1121 3468 complures·
1147 3414 1263 3468 quornm
1288 3397 1445 3452 testimonia
1464 3397 1629 3452 adduximus
1648 3397 1784 3467 superius.

92 3491 187 3563 specie
210 3490 355 3559 contemti,
379 3490 516 3543 humanae
539 3489 680 3559 potentiae
706 3497 735 3543 et
753 3488 926 3560 eloquentiae
954 3482 1031 3539 Idem
1053 3484 1239 3538 mumioni!
1265 3483 1363 3538 modus
1382 3483 1456 3538 ciret
1475 3482 1604 3538 Morinos
1622 3490 1650 3538 et
1668 3482 1784 3539 haereti·

92 3576 198 3632 viribus
228 3576 370 3643 destituti,
401 3592 434 3630 cc
465 3565 643 3629 nihilominus
672 3577 761 3628 totuin
791 3582 925 3631 terrarum
952 3586 999 3624 cos
1022 3571 1057 3625 ab
1082 3569 1289 3640 inquisitoribus
1313 3570 1342 3624 in
1362 3568 1499 3640 Hispania
1523 3577 1552 3625 et
1570 3569 1637 3625 alibi
1655 3569 1783 3625 observa·

92 3664 187 3718 orbem
211 3660 415 3734 praedicatione
441 3661 578 3732 evangelii
598 3661 633 3715 ad
653 3660 792 3715 Christum
814 3678 925 3717 conver·
953 3665 1011 3723 tur,
1035 3657 1076 3711 sic
1099 3657 1171 3711 enim
1195 3655 1293 3711 scribit
1317 3655 1460 3711 Cornelius
1485 3657 1615 3728 Agrippa
1636 3655 1672 3712 de
1696 3656 1784 3713 venit.

91 3754 196 3806 terunt.
232 3746 288 3803 Sed
314 3747 381 3818 quid
407 3746 475 3800 haec
496 3747 637 3802 conversio
658 3747 803 3819 gentilium
828 3747 863 3802 ad
882 3764 925 3802 ec·
952 3744 1048 3797 scient
1059 3760 1083 3797 a.
1097 3749 1143 3800 96:
1163 3743 1349 3811 inquisitores
1360 3744 1451 3796 nostri
1460 3744 1692 3812 jmisdictionsm
1702 3759 1784 3796 msam

92 3836 205 3892 elesism
236 3834 389 3889 Romanam
417 3833 578 3888 hodiernam
611 3832 732 3888 attinet?
769 3833 856 3888 Facta
885 3842 927 3889 est
952 3832 982 3882 in
1000 3832 1166 3898 pontificum
1185 3831 1305 3886 decretis
1317 3831 1478 3897 fundatam
1495 3830 1689 3884 mdsihaime
1706 3846 1783 3885 saer·

93 3924 151 3978 ista
172 3939 222 3992 per
248 3920 482 3992 praedicationem
504 3925 533 3974 et
555 3919 708 3973 doctrinam
730 3920 925 3989 apostolorum,
952 3925 1027 3984 cent,
1054 3934 1140 3970 unam
1156 3916 1315 3970 Romanam
1334 3916 1492 3984 ecclesiam,
1517 3933 1605 3984 qaas,
1628 3923 1660 3971 ut
1677 3918 1783 3987 dicunt,

92 4026 112 4065 a
130 4027 187 4080 qua
205 4009 320 4064 ecclesia
339 4006 465 4061 Romana
484 4003 618 4070 hodierna
638 4005 667 4059 in
684 4005 778 4060 multis
796 4023 829 4060 ac
848 4024 925 4078 prae
952 4019 1049 4056 errore
1065 4021 1120 4057 son
1136 4004 1239 4073 possit,
1260 4003 1316 4056 sihi
1333 4019 1448 4071 scopam
1459 4005 1534 4072 fidei
1548 4005 1710 4073 praeripiunt
1726 4020 1783 4058 son

92 4095 183 4166 cipuis
207 4094 371 4167 quibusdum
400 4092 539 4163 capitibus
564 4092 697 4146 discessit.
734 4092 836 4148 Nostra
860 4110 925 4150 vero
952 4090 1036 4143 alioci
1053 4093 1215 4160 quaerendo
1239 4089 1461 4160 asperimontis,
1484 4106 1568 4158 quam
1588 4091 1615 4143 si
1637 4093 1736 4146 credm
1752 4090 1783 4144 irs

92 4182 221 4237 doctrina
246 4189 288 4235 est
310 4180 360 4234 illa
381 4180 456 4250 ipsa,
479 4195 563 4250 quam
585 4178 702 4249 apostoli
720 4180 924 4251 praedicarunt,
936 4184 939 4264 l
952 4178 1108 4230 Romanam
1133 4177 1293 4245 ecclesiam,
1319 4175 1424 4244 quodei
1446 4176 1509 4244 quis
1527 4175 1685 4244 opinionem
1702 4193 1783 4230 suam

92 4268 169 4340 quod
190 4284 222 4322 ex
241 4266 350 4336 seriptis
369 4265 491 4336 ipsorum
509 4266 695 4319 demonstrare
710 4265 801 4335 parati
820 4284 922 4320 sumus.
954 4264 1109 4327 defendere
1145 4269 1276 4329 condar,
1311 4263 1497 4330 respondeat,
1537 4279 1599 4315 oum
1633 4262 1783 4316 hosticis

92 4354 222 4412 Secundo
258 4354 317 4408 loeo
350 4359 491 4408 enumerat
521 4351 704 4406 Bellarminus
734 4355 923 4407 conomnones
951 4367 1006 4426 non
1031 4349 1204 4415 argumentis
1231 4356 1257 4400 et
1282 4347 1449 4417 scripturis,
1481 4349 1534 4401 sect
1557 4350 1621 4417 ipnc
1645 4356 1670 4402 st
1692 4349 1781 4412 fasci·

91 4442 239 4513 gentilium
263 4442 359 4502 factas
385 4439 488 4492 seculis
508 4440 711 4507 posterioribus
737 4456 790 4508 per
817 4439 924 4508 Grepo·
951 4436 1024 4488 culis
1053 4436 1255 4488 decertandum
1288 4440 1340 4491 etc.
1387 4434 1449 4491 Nisi
1485 4434 1609 4490 obstaret
1640 4433 1709 4490 baec
1734 4434 1782 4491 'ina

90 4530 180 4596 marn,
201 4526 356 4592 (silianum,
375 4525 572 4592 Bonifacium,
593 4525 785 4594 adsiboum,
810 4526 923 4579 Vincen-
951 4519 1062 4592 quisitio
1091 4519 1260 4591 Hispaniae,
1296 4519 1446 4590 prohibitio
1477 4521 1610 4576 librorum
1643 4520 1782 4594 evangeli

90 4617 162 4669 tium
184 4618 236 4668 etc.
279 4612 504 4681 Respondemus:
537 4611 728 4666 conversiones
749 4612 828 4677 illae,
853 4628 924 4682 qnae
950 4624 1058 4674 corum,
1083 4606 1137 4661 imo
1154 4607 1241 4675 ipsius
1260 4605 1421 4676 Scripturas
1440 4623 1535 4663 sacrae
1555 4609 1691 4680 legendae
1707 4609 1782 4680 plus·

90 4708 158 4774 post
182 4706 288 4754 sextum
306 4699 441 4752 ecclesias
459 4696 581 4751 seculum
600 4695 692 4752 factes
711 4703 788 4766 sunt,
814 4699 924 4773 omnino
951 4712 1034 4766 quam
1059 4693 1205 4764 tyrannica
1228 4694 1450 4765 proscriptionis,
1473 4694 1548 4750 exilii
1572 4703 1600 4750 et
1617 4695 1780 4767 direptionis

92 4785 307 4857 distinguendae
324 4791 389 4838 sunt
406 4783 442 4837 ab
462 4783 532 4851 illis,
551 4783 729 4854 quaefactae
747 4784 859 4839 fuerunt
875 4800 925 4855 per
950 4781 1114 4836 facultatum
1132 4780 1323 4848 comminatio,
1345 4780 1453 4836 nullum
1471 4787 1544 4837 esset
1561 4780 1688 4847 dubium,
1714 4781 1782 4853 quin

91 4872 233 4945 apostolos
255 4879 282 4926 et
300 4873 373 4926 viros
392 4870 557 4941 apostolicos
575 4871 712 4939 prioribus
733 4872 866 4927 ecclesiae
884 4887 923 4926 se·
950 4867 1058 4939 papalis
1094 4866 1192 4937 religio
1227 4867 1256 4920 in
1283 4866 1433 4921 multorum
1463 4868 1594 4923 cordibus
1624 4869 1782 4941 emungas·
1806 4898 1824 4907 .,
1851 4880 1883 4934 ·:·'·

91 4960 171 5016 culis.
212 4957 293 5013 Tunc
319 4958 391 5012 enim
418 4955 548 5010 videlicet
573 4963 636 5026 post
662 4964 767 5011 sextum
791 4959 924 5013 ecelesiae
949 4965 1037 5023 retur,
1063 4961 1159 5008 contra
1181 4969 1246 5008 vero
1268 4954 1445 5025 evangelicae
1465 4956 1590 5010 veritatis
1613 4955 1661 5009 lur
1683 4956 1781 5012 iisdem

91 5047 216 5103 seculum
234 5043 395 5101 labefactari
416 5043 507 5111 coepit
526 5043 667 5096 doctrinae
686 5043 807 5113 puritas,
830 5062 923 5115 super·
949 5041 1103 5111 affulgeret.
1121 5039 1324 5114 inisoiypnrnr
1335 5040 1397 5096 loco
1410 5040 1490 5095 addit
1503 5040 1694 5107 Bellarminus,
1706 5045 1782 5111 prod

91 5132 250 5189 stitionibus
272 5131 405 5202 paulatim
432 5129 615 5200 irrepentibus
640 5135 668 5183 et
686 5130 821 5185 fermento
839 5132 923 5187 tradi·
949 5129 1067 5195 sinpnlis
1093 5127 1176 5179 annu
1197 5128 1290 5196 aliqui
1305 5128 1484 5182 ludaeorum
1503 5136 1528 5182 st
1550 5129 1707 5181 tinearum
1725 5137 1781 5183 tuso

89 5221 197 5276 donum
223 5218 404 5272 humanarum
431 5216 572 5269 doctrinae
599 5215 767 5285 apostolicae
795 5216 922 5272 admixto.
949 5216 1069 5280 Romae,
1090 5221 1148 5266 tum
1174 5213 1245 5266 alibi
1269 5221 1464 5267 coarmantur
1488 5222 1514 5267 et
1532 5215 1713 5282 boptisentur.
1740 5217 1782 5272 st

90 5304 206 5360 Interim
234 5309 325 5358 tammr
356 5302 421 5374 qnia
443 5301 534 5372 potuit
557 5301 634 5355 Deus
657 5301 739 5356 etiam
765 5318 815 5371 per
832 5320 923 5357 corru-
949 5301 1001 5355 hae
1025 5306 1089 5353 sunt
1106 5299 1298 5355 conversiones
1314 5301 1510 5370 particulares
1528 5303 1701 5373 quarundam
1717 5298 1781 5373 per·

90 5400 171 5465 ptum
198 5389 379 5445 ministerium
404 5389 473 5443 filios
499 5393 527 5442 et
543 5385 615 5441 filias
633 5387 789 5457 spirituales
806 5389 859 5443 sibi
876 5406 922 5461 ge·
949 5401 1091 5454 sonarum,
1114 5384 1211 5454 quales
1234 5386 1317 5440 etiam
1342 5387 1371 5440 in
1394 5387 1495 5442 uostris
1519 5387 1643 5443 eeclesiis
1659 5405 1710 5461 per
1726 5388 1780 5446 Dei

90 5492 202 5543 omre,
221 5492 254 5531 ac
273 5476 340 5548 quia
357 5483 478 5546 tempore
496 5472 637 5544 Gregorii,
654 5472 769 5542 Ciliani,
787 5473 922 5529 Bonhaeii
949 5473 1066 5545 gratiam
1102 5472 1224 5543 aliquam
1261 5473 1365 5529 multae
1402 5473 1430 5529 in
1462 5473 1577 5529 disemis
1606 5474 1678 5530 loeis⁴
1699 5474 1780 5537 flant
