4004 6022
805 279 857 335 DE
874 278 1066 338 acastre.
1189 294 1192 299 ·
1309 312 1313 317 ·
1707 287 1785 351 ,tet

89 441 187 490 sancta
210 436 348 507 quaedam
371 435 518 499 dissensio,
542 435 577 490 de
604 451 660 508 qua
679 437 748 493 Luc.
770 442 815 504 tt,
839 451 864 488 v.
884 440 924 488 ot.
953 435 1072 500 asserit).
1107 436 1232 491 Tandem
1252 436 1332 491 addit
1349 436 1547 492 Bellarminus:
1579 435 1789 489 Observandum

89 522 183 576 unitas
206 538 273 594 ergo
299 525 342 575 est
364 521 497 575 ecclesiae
519 521 663 585 accidens,
691 522 741 576 sed
760 539 815 577 non
833 521 925 575 statim
953 529 1005 584 est,
1031 522 1095 575 lieet
1109 525 1191 588 sorte
1214 541 1270 575 non
1293 523 1331 575 sit
1355 525 1474 592 dejure
1496 523 1605 589 divino,
1631 522 1790 574 Romanum

90 613 132 660 est
156 606 270 677 propria
294 613 368 661 nota.
409 605 439 660 Si
462 622 528 659 vcro
551 608 643 660 unitas
667 607 840 678 intelligatur
863 622 926 659 cum
952 609 1111 676 pontificem
1131 617 1161 661 ιιι
1182 611 1340 662 Romanam
1354 609 1515 678 pontificem
1532 609 1619 661 Petro
1632 607 1788 671 meccedem,

88 692 207 747 raritate
223 691 289 747 fidei
312 698 339 748 et
361 692 502 746 doctrinae
521 693 683 762 conjuncta,
709 693 842 759 latemur,
866 708 926 746 eam
954 700 1047 746 tamen
1067 696 1108 747 ad
1126 695 1209 756 fidem
1228 695 1397 748 catholicam
1414 696 1448 748 id
1462 696 1611 764 portinere.
1638 693 1704 745 Non
1718 691 1791 743 enim

89 791 150 831 ease
169 778 304 832 ecclesiae
321 777 477 848 propriam,
495 777 610 847 proinde
629 779 712 832 etiam
726 778 875 848 genuinam
894 778 925 831 il·
954 786 995 831 est
1022 779 1098 832 idem
1124 780 1237 847 aliquid
1261 797 1320 832 esse
1345 782 1381 833 de
1404 782 1461 842 fide
1486 788 1511 832 st
1531 795 1589 831 esse
1610 778 1729 845 dejure
1745 776 1789 828 di-

88 862 141 916 lius
162 870 270 929 notam,
292 862 342 918 sed
360 861 544 917 Bellarminus
564 863 635 917 hanc
654 864 826 933 spiritualem
844 869 872 917 et
887 863 927 916 in·
939 928 941 947 1
954 863 1026 918 sino.
1067 865 1134 917 Etsi
1152 866 1240 931 iqitnr
1261 866 1419 918 &maram
1441 866 1600 932 pontificem
1621 862 1706 915 Petro
1729 879 1789 914 stic-

89 956 197 1004 ternam
215 966 299 1004 seras
314 948 379 1004 fidei
398 968 431 1004 ac
449 950 592 1005 doctrinae
611 950 754 1013 unitatem,
774 966 823 1019 per
842 966 926 1020 quam
939 952 942 1025 l
954 951 1052 1002 sectere
1070 968 1125 1004 non
1149 951 1286 1003 habeatur
1307 966 1433 1018 inpressa
1454 952 1483 1002 in
1502 949 1671 1018 Scripturas,
1699 955 1791 1001 tames

88 1051 155 1089 vera
178 1035 332 1089 catholicae
350 1036 483 1089 ccclesiae
502 1035 626 1090 membra
645 1035 755 1090 Christo
773 1036 857 1106 capiti
877 1036 1101 1115 snolsneeaters
1136 1037 1259 1104 aliquem
1295 1038 1380 1090 Petro
1410 1037 1559 1090 deducitur
1587 1036 1729 1088 evidenter
1759 1050 1792 1085 cc

88 1129 117 1175 et
140 1122 215 1176 inter
234 1139 264 1175 se
282 1127 417 1193 tauquam
435 1121 517 1175 unius
535 1122 657 1193 corporis
676 1123 785 1192 mystici
805 1120 942 1176 membra!
957 1120 1129 1189 Seriptnris,
1157 1123 1239 1174 illum
1262 1130 1353 1175 autem
1377 1139 1436 1176 esse
1458 1124 1616 1176 Romanam
1635 1121 1791 1190 pontificem

88 1206 171 1261 unita
196 1214 274 1276 sunt,
301 1207 498 1278 praetermittit
520 1216 549 1262 et
569 1208 605 1262 ad
629 1215 769 1263 externam
787 1209 928 1279 quandam
955 1208 1071 1260 boletar
1089 1225 1122 1261 sc
1140 1208 1292 1260 traditione
1311 1209 1470 1276 apostoliea
1484 1209 1577 1271 Petri,
1599 1224 1682 1276 qaam
1701 1205 1791 1258 tradi·

88 1293 226 1348 unitatem
245 1310 297 1347 nos
310 1298 430 1347 revocat.
941 1294 1058 1346 itionem
1089 1294 1211 1346 amicilia
1238 1295 1398 1361 pennalis,
1431 1295 1592 1362 pontificum
1622 1294 1736 1345 decrda
1767 1298 1792 1342 et

126 1382 185 1434 2³3.
222 1377 344 1450 Subjicit
368 1379 441 1433 enim
466 1378 588 1432 secundo
617 1379 693 1446 loco,
721 1395 771 1447 per
800 1379 1069 1451 anienemfpatrnm
1090 1397 1240 1432 comannis
1264 1381 1421 1432 declaravit
1450 1380 1509 1442 (ubi
1527 1379 1632 1434 fatetur
1649 1377 1791 1432 Bellarmi·

90 1482 155 1518 cnm
173 1466 266 1534 capite
285 1465 480 1533 accipiendam
500 1480 557 1517 esse
575 1465 704 1517 anienem
724 1482 784 1516 crim
796 1465 944 1532 pontifice,
957 1482 1024 1531 nus,
1048 1481 1102 1518 non
1122 1482 1203 1534 posse
1220 1482 1253 1518 ex
1269 1464 1419 1534 Scripturis
1438 1464 1553 1531 deduci,
1576 1464 1650 1535 quod
1670 1463 1792 1534 pontifex

90 1550 237 1616 Mnaso,
264 1566 300 1602 ae
317 1551 453 1620 producit
475 1549 635 1603 testimonie
654 1552 793 1618 quaedam
807 1534 1098 1618 patramlRomauus
1125 1549 1209 1604 Petro
1232 1550 1409 1616 successerit,
1433 1550 1461 1603 id
1490 1551 1563 1621 quod
1581 1549 1661 1604 nobis
1681 1548 1792 1618 sufficit,

88 1643 187 1705 ratpoti
205 1637 323 1690 Irenaei
340 1636 389 1689 lii.
407 1640 433 1688 3,
451 1653 474 1687 c.
494 1639 521 1687 3.
545 1634 684 1702 Cypriani
700 1635 747 1689 lib.
770 1640 791 1687 t.
811 1636 890 1703 epist.
903 1621 1006 1703 alqui
1034 1635 1193 1705 Scripturas
1220 1635 1420 1705 planimdnem
1443 1635 1589 1689 adoramus
1616 1651 1649 1689 ac
1677 1635 1792 1704 proinde
1827 1652 1832 1662 ·

89 1722 239 1775 Ambrosii
262 1722 293 1774 in
317 1729 388 1773 orat.
410 1722 447 1774 de
473 1722 549 1773 obita
571 1721 685 1789 Satyri,
716 1722 884 1789 Hieronymi
901 1722 931 1773 in
958 1719 1115 1790 pontificem
1141 1738 1192 1790 pro
1216 1721 1350 1775 ecclesias
1372 1721 1464 1790 capite
1486 1737 1637 1791 agnoscere
1655 1737 1712 1774 non
1729 1737 1792 1791 pos-

89 1808 174 1877 spist.
202 1808 244 1862 ad
274 1813 389 1861 Damas.
417 1807 516 1875 Optati
540 1807 588 1861 lib.
618 1810 643 1859 2.
672 1815 772 1860 contra
800 1808 931 1859 Parmam.
958 1811 1071 1868 sumus).
1108 1805 1295 1877 ascriptum
1313 1824 1368 1861 non
1388 1806 1477 1860 solum
1494 1805 1621 1877 nuspiam
1639 1806 1720 1866 dicit,
1745 1822 1792 1876 pa·

92 1894 250 1960 Amantini
272 1894 352 1962 epist.
384 1897 441 1946 162.
466 1911 501 1945 ae
530 1893 632 1946 Leonis
657 1894 737 1962 epist.
765 1896 805 1946 87.
834 1894 932 1961 quibas
958 1908 1022 1962 pam
1041 1893 1197 1947 Romanum
1215 1911 1274 1948 esse
1293 1892 1428 1948 ecclesiae
1445 1897 1543 1963 caput,
1559 1893 1608 1946 sed
1626 1892 1710 1947 etiam
1728 1908 1791 1945 con·

91 1981 220 2033 scissem
242 1987 375 2046 conatur,
400 1981 482 2048 apud
503 1987 608 2033 estem
629 1980 851 2046 conjanctionsm
871 1996 932 2031 cam
958 1979 1078 2034 tradicit.
1107 1979 1221 2035 Nullum
1241 1980 1313 2034 enim
1331 1980 1417 2033 alium
1429 1979 1552 2034 nominat
1564 1980 1696 2032 molesios
1708 1986 1792 2046 eaput

73 2067 224 2118 nemaeo
243 2067 377 2135 pontifice
406 2082 514 2134 semper
538 2066 628 2127 fassae
651 2065 773 2118 habitam
791 2073 932 2134 pronote
958 2080 1042 2134 quam
1066 2064 1205 2119 Christum
1229 2063 1329 2133 Ephss.
1356 2071 1385 2128 t,
1415 2082 1440 2121 r.
1469 2071 1510 2120 tt.
1536 2081 1561 2120 c.
1581 2072 1612 2125 5.
1636 2083 1661 2117 v.
1681 2069 1722 2119 tt.
1742 2080 1792 2119 uec

89 2167 177 2203 neree
195 2152 337 2206 ecolesma.
365 2151 590 2222 Respondemus:
617 2159 638 2206 l.
657 2168 690 2205 ex
709 2151 852 2221 Scriptura
872 2168 931 2221 pro
958 2168 1089 2218 sponmm
1110 2150 1195 2204 alium
1213 2149 1346 2205 ecclesiae
1365 2150 1509 2204 constitnit
1526 2156 1636 2219 practer
1654 2149 1793 2204 Christum

91 2237 218 2291 handum
242 2244 302 2292 erat
323 2238 374 2292 hoc
394 2238 502 2308 papalis
521 2236 586 2292 fidei
602 2237 767 2307 principium
785 2242 813 2291 et
832 2236 931 2290 funda·
956 2234 1020 2290 Joh.
1040 2241 1064 2303 3,
1082 2253 1107 2290 v.
1128 2241 1169 2291 29.
1189 2253 1241 2291 nec
1259 2234 1444 2308 ἀρχιποιμένα
1462 2236 1545 2289 alium
1566 2235 1693 2305 agnoscit
1709 2251 1792 2305 quam

92 2329 226 2387 mentum,
244 2322 319 2393 quod
337 2339 412 2393 papa
430 2323 572 2377 Romanus
590 2323 628 2376 sit
646 2330 731 2392 caput
749 2322 882 2377 ecclesiae
904 2329 932 2376 st
958 2322 1045 2376 solum
1060 2322 1199 2377 Christum
1216 2322 1279 2378 Joh.
1294 2329 1332 2388 to,
1346 2340 1372 2376 v.
1391 2330 1429 2377 tt.
1455 2329 1476 2377 t.
1492 2322 1567 2376 Petri
1584 2331 1608 2388 t,
1624 2339 1651 2376 v.
1665 2327 1704 2376 25.
1718 2321 1792 2376 unde

91 2408 169 2480 quod
195 2409 354 2479 conjunctio
381 2426 443 2463 cum
467 2426 542 2480 papa
566 2409 690 2463 Romano
707 2409 744 2463 sit
761 2424 826 2462 vera
845 2408 930 2462 eccle·
958 2408 1111 2478 apostolica
1133 2415 1161 2463 et
1184 2409 1324 2477 primitiva
1347 2408 1464 2463 ecclesia
1483 2408 1670 2478 apostolorum
1687 2414 1792 2476 tempo·
1842 2398 1845 2403 ’

91 2494 151 2548 siae
176 2503 257 2558 nota,
281 2495 417 2566 siquidem
436 2495 540 2549 fatetur
557 2495 617 2565 ipse
634 2495 818 2549 Bellarminus
837 2493 886 2549 lib.
906 2500 930 2551 2.
958 2493 1036 2548 ribus
1053 2494 1176 2564 proxima
1193 2493 1351 2564 pontilicem
1364 2494 1520 2549 Remorum
1537 2510 1593 2548 non
1611 2493 1726 2564 agnovit
1742 2509 1793 2562 pro

92 2581 128 2636 ds
153 2597 229 2635 conc.
249 2598 273 2635 c.
295 2587 333 2635 ti.
350 2589 467 2649 patrem
485 2583 594 2649 scripta
613 2599 669 2634 non
689 2598 746 2633 sese
763 2581 833 2643 fidei
849 2597 930 2647 repa
958 2578 1091 2633 ecclesiae
1107 2579 1214 2649 capite,
1244 2581 1291 2635 sed
1310 2579 1384 2635 hunc
1404 2581 1536 2636 honorem
1554 2581 1601 2634 uni
1619 2579 1729 2634 Christe
1746 2579 1792 2634 de·
1899 2609 1903 2615 ,

92 2669 139 2720 las
156 2668 324 2720 nectabere
343 2668 540 2720 anctoritatem
565 2668 728 2736 oblipandi,·
756 2683 790 2720 ac
809 2666 930 2720 Thomas
957 2663 1068 2733 pendit,
1099 2664 1146 2734 qui
1173 2666 1249 2719 solus
1280 2665 1365 2721 vitam
1394 2676 1423 2722 et
1453 2667 1581 2737 spiritum
1604 2665 1721 2736 mystico
1743 2681 1793 2718 suo

89 2757 163 2824 part.
187 2757 246 2823 l.q
277 2758 299 2807 t.
320 2759 370 2805 art.
390 2759 412 2808 8,
433 2753 567 2824 agnoscit,
588 2769 621 2805 ec
639 2753 723 2806 dietis
738 2761 856 2821 patrum
874 2769 930 2804 non
957 2750 1066 2819 corpori
1090 2751 1258 2821 suppeditat.
1303 2760 1328 2808 t.
1353 2752 1426 2807 Olim
1450 2768 1514 2808 cum
1538 2752 1576 2823 pii
1600 2759 1704 2808 veteres
1730 2767 1794 2806 con·

89 2840 150 2893 nisi
170 2839 357 2907 probabiliter
379 2839 409 2891 in
428 2838 557 2892 arctatis
578 2839 645 2898 idei
662 2839 775 2908 aliquid
793 2839 931 2892 concludi.
955 2835 1128 2906 junctionem
1153 2855 1216 2892 cum
1242 2837 1360 2894 ecclesia
1382 2838 1509 2894 Romana
1526 2838 1669 2905 colebant,
1694 2837 1794 2892 tradux

91 2932 117 2982 2.
135 2925 195 2996 jam
214 2941 281 2979 vero
299 2924 328 2977 in
339 2923 490 2992 Scripturis
508 2924 595 2978 altum
612 2924 648 2979 de
665 2924 719 2978 hoc
737 2924 828 2993 capite
845 2923 929 2979 eccle·
958 2920 1024 2975 fidei
1043 2923 1211 2992 apostolicas
1229 2924 1259 2977 in
1275 2941 1310 2979 aa
1326 2923 1417 2979 adhuc
1434 2924 1607 2992 servabatur,
1626 2922 1709 2978 hodie
1728 2940 1794 2978 vero

90 3013 151 3065 siae
169 3010 294 3064 Βοωιιιιο
311 3026 386 3080 papa
404 3004 554 3066 silentium.
590 3009 668 3073 Quae
686 3010 759 3064 enim
778 3010 881 3065 exiliis
897 3011 931 3064 de
958 3007 1085 3063 doctrina
1112 3009 1265 3078 apostolica
1291 3010 1386 3065 multis
1412 3011 1575 3079 corruptelis
1602 3017 1630 3064 st
1655 3009 1794 3065 erroribus

90 3097 215 3168 primatu
249 3096 325 3149 Petri
355 3094 545 3164 proferuntur,
577 3111 611 3149 ea
636 3103 829 3165 praeterquam
857 3097 931 3166 quod
959 3100 1001 3148 est
1018 3101 1209 3164 conspurcata.
1241 3096 1317 3166 Ergo
1336 3102 1369 3150 ιιι
1386 3097 1451 3150 olim
1471 3101 1585 3166 propter
1602 3100 1793 3151 conservatam

90 3182 193 3236 vitiose
220 3187 397 3251 exponuntur
420 3180 455 3234 de
481 3179 658 3234 monarchica
680 3181 800 3251 quadam
822 3182 851 3234 in
870 3181 931 3235 reli·
959 3178 1102 3234 doctrinae
1128 3182 1299 3251 apostelicae
1327 3182 1514 3236 sinceritatem
1541 3197 1636 3236 omnes
1660 3180 1794 3235 ecclesias

92 3284 165 3339 qnos
192 3267 331 3338 apostolos
353 3272 502 3336 potestate,
524 3274 655 3348 tamlnou
673 3266 813 3336 pertinent
830 3268 868 3321 ad
884 3283 932 3337 pa·
960 3281 1023 3319 cum
1039 3265 1166 3321 Romana
1184 3267 1325 3322 debebant
1344 3268 1555 3330 communicare,
1572 3266 1612 3321 ita
1630 3265 1713 3321 hodie
1730 3281 1791 3336 pro·

91 3371 161 3426 pam
186 3353 356 3419 Romanum,
382 3369 464 3422 quam
482 3353 519 3406 ad
537 3353 723 3423 patriarcham
740 3351 933 3408 Constantino·
961 3355 1022 3419 pter
1046 3351 1272 3419 depravationem
1291 3353 1434 3407 doctrinae
1451 3352 1617 3423 apostelicae
1636 3351 1739 3406 debent
1757 3352 1794 3406 ab

94 3441 260 3511 politanum.
292 3439 441 3510 Legantur,
461 3453 533 3509 quas
553 3455 667 3508 operose
687 3439 812 3508 disputat
830 3440 934 3493 Bellat-
961 3453 995 3491 ea
1018 3437 1155 3492 secedere.
1199 3437 1437 3502 Quemadmodum
1459 3436 1601 3508 pontifices
1621 3437 1739 3491 Romani
1757 3437 1793 3491 ab

91 3527 185 3580 minus
210 3525 258 3580 lib.
279 3530 303 3580 2.
323 3526 358 3579 de
380 3524 510 3593 pontifics
528 3524 653 3579 Romano
674 3542 697 3581 c.
720 3531 757 3580 ta.
776 3532 808 3578 ut
827 3524 934 3606 probet,
961 3521 1183 3577 antecessoribus
1212 3522 1269 3577 suis
1292 3523 1423 3578 Romanis
1447 3524 1582 3594 episcopis
1607 3523 1700 3578 seculo
1727 3539 1793 3592 apo·

87 3630 200 3683 papam
219 3612 376 3666 Rmnam
400 3612 429 3662 in
448 3610 639 3664 ecclesiastice
655 3612 821 3665 monarchia
839 3629 932 3665 scisce-
961 3609 1092 3663 stolorum
1111 3608 1241 3678 proximis
1258 3610 1407 3680 plurimum
1424 3610 1506 3664 hodie
1519 3610 1738 3682 degenerarunt3
1755 3610 1796 3664 ita

93 3701 165 3754 ders
184 3699 280 3764 Petro,
298 3703 326 3752 et
345 3696 451 3767 liquido
470 3696 630 3767 apparebit,
653 3713 736 3767 quam
755 3697 884 3752 inanibus
904 3703 933 3752 et
960 3711 1072 3766 quoque
1095 3695 1221 3749 Romana
1244 3696 1362 3750 ecclesia
1383 3696 1518 3752 hodierna
1540 3696 1576 3750 ab
1602 3697 1717 3767 anhqua
1738 3695 1792 3750 sin·

91 3784 200 3839 fiivolis
224 3783 341 3854 argutiis
366 3782 439 3836 hanc
464 3800 599 3836 summam
623 3783 667 3835 rei
684 3781 864 3835 Christianae
883 3783 933 3848 lita
960 3781 1076 3836 caritate
1100 3798 1133 3835 ac
1157 3782 1280 3850 puritate
1302 3782 1462 3853 longissime
1486 3783 1607 3838 recessit.
1648 3790 1671 3836 5.
1695 3781 1792 3836 Patres

91 3871 168 3926 enim
186 3869 334 3939 primatum
353 3885 443 3939 papas
458 3868 664 3922 monarchicum
677 3869 800 3938 appellat
813 3868 840 3921 in
855 3886 932 3937 prae
959 3868 996 3921 ad
1033 3868 1175 3922 ecclesiam
1211 3868 1365 3923 Romanam
1401 3885 1576 3940 nequaquam
1608 3873 1794 3939 provocarunt

91 3956 199 4011 fedane
217 3954 280 4009 libri
299 3954 334 4008 de
352 3953 485 4025 pontific.)
507 3953 694 4008 demonstrare
710 3961 832 4007 conetur.
870 3955 932 4010 Non
958 3953 1010 4008 hoc
1028 3953 1128 4016 animo,
1149 3954 1224 4023 quod
1243 3955 1446 4009 monarchicum
1465 3956 1604 4025 quendam
1621 3955 1791 4008 dominatum

92 4041 250 4096 afferuntur
280 4041 357 4094 clara
386 4048 414 4094 et
441 4039 544 4094 diserta
574 4039 735 4110 Scripturas
766 4040 932 4106 testimonia,
959 4040 988 4093 in
1012 4040 1143 4095 ecclesias
1161 4040 1282 4110 reliquas
1301 4041 1326 4095 ei
1345 4041 1540 4106 concederent,
1564 4041 1630 4111 quia
1647 4049 1792 4095 antecon·
1806 4048 1853 4088 ιιι.
1866 4044 1887 4085 t

91 4127 143 4184 sed
163 4127 286 4182 incertas
304 4131 414 4180 tantum
434 4128 609 4197 conjecturae
629 4126 742 4179 etmale
755 4125 932 4180 cohaerentes
959 4125 1054 4178 ciliarn
1081 4143 1137 4179 non
1163 4143 1280 4192 maenas
1307 4131 1448 4193 respectas
1477 4127 1519 4179 ad
1547 4137 1610 4179 som
1641 4126 1793 4179 imitans

94 4211 349 4268 conclusiunculae.
393 4214 483 4265 Nemo
506 4211 616 4282 (iuquit)
641 4212 727 4279 pessit
749 4230 777 4263 se
795 4229 851 4279 pro
873 4231 932 4266 aas·
959 4217 1030 4264 teste
1057 4210 1155 4266 Aenea
1178 4210 1275 4280 Sylrio
1301 4211 1330 4263 in
1356 4217 1426 4280 gest.
1450 4227 1525 4264 conc.
1548 4210 1633 4264 Basil.
1658 4210 1708 4266 sed
1728 4211 1794 4281 qula

93 4317 205 4354 emtore
223 4300 305 4352 Petri
320 4299 365 4351 ecl
380 4317 435 4366 pro
455 4299 508 4352 teli
527 4306 566 4351 eet
587 4299 699 4351 liabitas
716 4299 773 4350 nisi
786 4298 933 4366 episcopua
959 4296 1115 4351 constantia
1139 4296 1168 4350 in
1195 4292 1261 4351 fidei
1286 4297 1415 4365 veritate,
1447 4303 1599 4366 martyrum
1623 4297 1717 4366 copia,
1740 4296 1793 4351 loci

96 4388 242 4440 Romanas
272 4394 297 4438 st
327 4385 523 4439 Antiochensis.
572 4383 627 4439 Sed
657 4384 845 4437 Antiochensis
877 4403 932 4437 non
960 4382 1108 4451 splendore
1129 4386 1158 4437 st
1184 4382 1246 4436 aliis
1269 4382 1469 4452 praerogativis
1494 4382 1614 4453 reliquas
1632 4382 1793 4449 excellebat,

92 4472 227 4526 mesasit
252 4472 281 4523 in
299 4471 480 4541 pontificata,
507 4471 574 4538 qaia
592 4471 694 4523 Petras
715 4470 815 4523 relicta
835 4471 933 4522 Antio·
959 4476 991 4524 ut
1008 4468 1178 4522 ostendimus
1195 4467 1321 4536 superius
1340 4464 1366 4542 ξ.
1389 4475 1445 4523 tat.
1465 4468 1577 4523 membr.
1597 4474 1622 4524 6.

94 4559 160 4612 chia
187 4559 335 4626 profectus
366 4563 407 4609 est
439 4558 557 4610 Romam
587 4557 679 4624 ibique
708 4558 802 4609 saum
824 4557 882 4616 ieie
908 4565 933 4608 et
996 4559 1054 4609 tet.
1091 4554 1173 4616 Quod
1193 4553 1265 4606 enim
1285 4552 1369 4607 talem
1388 4553 1528 4623 quandam
1545 4554 1753 4606 monarchieam
1766 4559 1795 4608 et

95 4652 283 4699 mortarmest.
311 4646 392 4712 Erpa
408 4644 554 4696 Romanas
571 4643 598 4696 ei
614 4644 745 4696 successit
764 4642 932 4713 (quasivero
959 4638 1192 4706 αὐτοκρατορικὴν
1218 4644 1397 4709 potestatem,
1432 4639 1541 4709 qualem
1571 4639 1624 4694 sibi
1651 4640 1793 4694 Romanus

95 4731 128 4798 is,
149 4728 196 4800 qui
216 4746 267 4798 pro
285 4729 399 4783 alterius
417 4744 575 4783 successore
595 4745 656 4782 sese
669 4728 749 4799 gerit,
767 4727 859 4782 statim
868 4729 932 4797 jure
959 4726 1082 4797 pontifex
1103 4724 1184 4779 hodie
1202 4731 1322 4790 arrogat,
1339 4724 1378 4795 pii
1397 4732 1503 4780 veteres
1519 4726 1645 4780 Romano
1664 4727 1793 4797 episcopo

93 4817 189 4870 divino
207 4815 281 4869 illius
298 4815 334 4869 sit
351 4830 500 4869 successor.
536 4814 570 4867 ln
587 4813 745 4884 apostolatu
763 4831 813 4869 nec
832 4814 932 4869 Roma·
958 4812 1175 4882 haudquaquam
1193 4809 1348 4870 tribuerint,
1368 4828 1402 4865 ex
1419 4810 1511 4864 verbis
1529 4818 1557 4865 st
1572 4811 1656 4866 factis
1670 4812 1792 4882 ipsorum

92 4919 164 4964 nus,
188 4918 240 4955 uec
256 4900 453 4955 Antiochenus
467 4900 612 4970 episcopus
630 4899 714 4955 Petro
733 4908 931 4964 successerunt,
958 4903 1074 4953 wnstat
1118 4896 1301 4952 Bellarminus
1326 4897 1397 4950 inter
1421 4904 1514 4965 patres
1536 4898 1626 4967 primo
1648 4899 1709 4952 loco
1730 4914 1792 4969 pro·
1807 4910 1897 4950 oletum

90 4988 122 5042 in
153 4986 304 5041 ministerio
328 4992 445 5057 uterque
468 4986 493 5041 si
522 4986 663 5040 successit
705 4986 784 5048 Quod
810 4986 931 5049 additur,
954 4984 1037 5067 ducit
1060 4983 1223 5048 Irenaeum,
1252 4980 1300 5051 qui
1325 4981 1438 5044 asserit,
1465 4992 1586 5051 propter
1607 4985 1793 5053 parentemn
1807 4962 1902 5002 ¹¹⁶⁰⁸⁸¹'

90 5074 208 5130 Petrum
238 5073 334 5129 relicta
363 5072 513 5127 Antiochia
543 5072 636 5125 sedem
669 5071 797 5142 papalem
826 5072 931 5126 Romoe
954 5069 1198 5138 principalitatem
1225 5083 1331 5121 omriem
1355 5069 1501 5121 ecclesiam
1528 5071 1628 5122 debere
1647 5071 1794 5123 convenire

89 5159 200 5228 fixisse,
230 5176 264 5213 ex
291 5158 441 5229 Scripturis
465 5163 524 5212 erat
547 5157 733 5227 probandum,
763 5175 820 5211 non
838 5166 930 5213 autem
957 5158 997 5209 ad
1021 5157 1187 5208 Hostanen.
1232 5153 1271 5206 At
1294 5152 1368 5206 idem
1386 5153 1518 5207 irenaeus
1539 5153 1644 5209 Victori
1661 5155 1793 5226 episcopo

88 5246 166 5300 nude
185 5245 372 5298 asserendum.
407 5243 567 5314 Onuphrius
589 5244 617 5296 in
635 5243 721 5296 addit.
741 5243 776 5295 ad
793 5243 929 5297 Platinam
956 5242 1080 5296 Romano
1106 5237 1237 5293 ecclesias
1258 5236 1397 5291 Asiaticas
1419 5239 1665 5294 excommunicanti
1684 5241 1792 5304 restitit,

88 5341 206 5387 amenus
237 5338 336 5401 negat,
366 5332 481 5385 Petrum
510 5330 607 5383 relicta
637 5328 786 5382 Antiochia
813 5327 928 5383 Romam
955 5327 1071 5399 proinde
1102 5341 1278 5396 nequaquam
1310 5324 1457 5379 infallibils
1482 5325 1619 5394 judicium
1648 5326 1687 5382 illi
1714 5328 1791 5382 attri-

86 5435 152 5476 esse
170 5417 334 5488 molestum,
348 5416 433 5487 idque
452 5433 484 5470 ex
505 5415 626 5485 antiquis
640 5413 800 5468 auctoribus
812 5414 930 5483 probare
956 5414 1024 5469 buit.
1068 5411 1206 5465 Eusebius
1229 5409 1279 5467 lib.
1304 5416 1328 5464 5.
1349 5410 1445 5464 histor.
1466 5413 1562 5468 eccles.
1580 5429 1603 5465 c.
1625 5417 1667 5468 23.
1685 5412 1792 5468 exire

83 5508 224 5566 sonatur,
249 5510 278 5558 st
298 5509 394 5557 tamen
410 5501 596 5557 Bellarminus
613 5506 672 5556 ham
688 5498 859 5555 confidenter
875 5499 928 5555 hoc
955 5514 1025 5555 naso
1054 5499 1123 5552 haec
1147 5495 1277 5551 adducit:
1312 5497 1394 5551 Fecit
1427 5497 1519 5556 Victor
1545 5498 1675 5553 assandi
1699 5505 1792 5552 tantas
