4004 6022
775 266 827 328 DE
845 272 966 329 SACRA
985 272 1120 333 count.
1729 289 1786 349 195

107 425 151 478 tim
185 425 330 479 devotione
361 427 470 479 interna
501 429 689 494 decrescente,
733 429 839 483 nemini
876 429 931 480 dis·
963 430 1071 499 quaerit
1093 436 1123 485 et
1144 428 1339 503 apprehendit;
1367 438 1441 487 recte
1466 431 1552 505 igitur
1578 438 1606 488 et
1627 435 1730 491 utiliter
1747 436 1787 507 fit,

102 511 207 581 plicare
240 521 345 583 potest,
380 515 436 567 nisi
470 517 592 570 lectitas
628 516 735 570 cbristr'
766 523 791 568 et
821 514 933 582 reiiqio·
960 515 1034 585 quod
1059 516 1145 572 verba
1169 534 1284 589 coenae,
1309 518 1410 589 quibus
1436 519 1515 592 panis
1533 527 1560 575 et
1577 521 1671 576 vinnm
1689 523 1787 578 eucha-

105 599 153 651 nis.
203 599 293 669 Atqui
333 606 487 670 praestaret
527 601 662 658 internam
704 600 778 656 illam
814 600 933 655 devotio·
959 599 1053 656 rictiae
1075 601 1259 671 benedicitur,
1287 605 1439 660 recitantur
1461 611 1605 675 praesente
1631 612 1660 662 et
1680 608 1788 664 auscul-

105 701 165 738 nem
188 685 393 757 praedicatione
419 685 626 754 beneficiorum,
658 704 728 759 quae
752 705 785 743 ex
810 685 934 758 legitima
960 692 1036 741 tante
1054 696 1175 759 aegroto.
1210 688 1313 753 Quinto
1337 690 1385 745 illa
1408 691 1512 748 ratione
1528 693 1632 749 multae
1651 693 1787 764 quaestio·

104 769 185 840 hujus
210 772 374 827 sacramenti
398 771 634 829 administratione
658 780 686 828 et
708 772 784 828 fideli
809 772 932 844 ejusdem
960 789 1007 826 nes
1027 780 1055 827 et
1074 774 1274 845 disputationes
1294 777 1327 831 dc
1346 777 1488 848 particulis
1508 784 1585 832 extra
1603 795 1683 834 usum
1702 797 1788 837 reser-

104 857 349 912 communicatione
373 858 408 912 ad
431 875 480 912 nos
504 866 680 929 promanant,
704 859 822 915 excitare
849 876 931 930 quam
945 856 1030 938 {vatis
1057 860 1200 916 turbantes
1226 861 1429 932 simplicitatem
1455 863 1595 919 doctrinae
1619 871 1647 920 et
1670 864 1736 921 fidei
1753 865 1788 922 de

105 942 137 997 de
162 949 274 998 externo
306 944 429 1014 ejusdem
453 945 555 1000 honore
583 946 682 1000 omisso
707 963 759 1000 usu
782 963 799 1000 a
822 943 1124 1035 Christoleucharistia
1147 953 1346 1016 praecaventur
1372 952 1400 1001 et
1418 949 1623 1020 praeciduntur.
1660 950 1787 1023 Denique

104 1029 228 1084 instituto
246 1029 376 1101 cogitare.
414 1037 439 1087 t.
450 1030 597 1086 Pontificia
613 1032 761 1088 reservatio
774 1049 823 1103 pro
836 1048 930 1103 aegro·
943 1040 946 1087 3
959 1028 1024 1100 quia
1041 1048 1144 1086 morem
1160 1033 1352 1087 reservationis
1372 1035 1555 1089 necessarium
1575 1035 1681 1091 faciunt
1698 1053 1786 1092 exem·

104 1114 137 1167 tis
155 1115 254 1168 nititur
272 1114 324 1170 hac
341 1114 413 1171 falsa
429 1115 590 1188 hypothesi,
617 1119 691 1190 quod
710 1117 867 1174 benedictio
883 1096 1003 1187 palplo
1032 1120 1203 1174 ostendenda
1232 1128 1274 1176 est
1303 1120 1416 1176 libertas
1439 1120 1609 1192 Christiana,
1634 1140 1669 1179 ne
1684 1123 1786 1179 veritas

104 1200 144 1255 nis
168 1198 225 1255 non
250 1202 355 1271 valeat,
383 1203 436 1258 nisi
460 1205 631 1260 consecratio
653 1204 703 1259 fiat
725 1205 754 1258 in
777 1201 880 1273 templo
903 1176 945 1263 eti
959 1202 1139 1259 eucharistiae
1160 1223 1193 1260 cx
1213 1205 1283 1271 loco,
1303 1205 1351 1261 ubi
1364 1206 1544 1277 benedicitur,
1563 1210 1682 1279 pendere
1696 1209 1787 1265 existi-

104 1285 182 1341 altari
199 1287 394 1358 pontificaliter
411 1299 583 1360 consecrato,
614 1291 743 1362 quodque
765 1287 929 1344 eucharistia
957 1296 1060 1357 matur,
1085 1298 1134 1346 aut
1152 1292 1232 1363 quasi
1249 1294 1322 1349 actio
1340 1292 1466 1348 sacrificii
1484 1295 1614 1366 papistici
1632 1295 1787 1351 necessaria

105 1373 137 1426 ad
155 1374 373 1430 communionem
392 1395 447 1432 non
466 1385 540 1432 recte
560 1380 928 1433 consecreturextraactum
956 1375 992 1430 sit
1009 1376 1044 1430 ad
1064 1377 1208 1432 veritatem
1226 1378 1417 1436 eucharistiae.
1446 1378 1524 1437 Haec
1536 1382 1628 1436 omnia
1640 1381 1674 1437 D.
1688 1380 1786 1438 Chem-

104 1459 228 1515 sscrilicii
251 1462 366 1525 missae,
394 1463 457 1519 inde
482 1464 695 1520 asservationem
718 1469 831 1535 propter
848 1476 928 1515 usum
955 1462 1057 1530 nicius,
1079 1464 1114 1518 ad
1133 1481 1203 1536 quae
1223 1482 1286 1520 cum
1304 1466 1473 1523 Bellarmino
1491 1467 1656 1539 respondere
1680 1467 1785 1523 sitire-

105 1552 276 1618 acgrotorum
290 1548 419 1618 judicant
437 1551 634 1619 necessariam
654 1551 703 1604 sed
718 1555 797 1604 vetus
812 1545 929 1601 ecclesia
955 1567 1004 1602 ror
1020 1547 1117 1618 suerit,
1136 1550 1208 1606 sicco
1225 1551 1297 1622 pede
1313 1569 1348 1607 ca
1365 1552 1514 1609 transsilire
1532 1552 1624 1608 voluit

104 1650 202 1688 morem
225 1650 291 1689 suae
315 1636 506 1692 reservationis
529 1655 583 1692 non
601 1636 740 1709 judicavit
757 1652 817 1691 esse
835 1649 928 1687 neces-

104 1721 202 1775 sarium
225 1736 259 1776 ac
283 1722 398 1793 privatis
421 1724 504 1777 etiam
521 1723 549 1777 in
568 1724 683 1778 aedibus
702 1722 767 1779 olim
786 1730 933 1775 consecra·
1269 1748 1474 1755 ——-

105 1811 158 1860 turn
177 1805 276 1873 fuisse,
291 1808 383 1864 'multa
402 1810 527 1879 exempla
545 1817 689 1864 testantur.
725 1807 851 1863 Christus
869 1807 928 1876 ipse

105 1892 293 1948 eucharistiam
317 1895 436 1952 instituit
459 1901 487 1951 ct
508 1896 710 1951 administravit
728 1894 756 1948 in
775 1895 855 1948 domo
872 1891 927 1962 pri·
1186 1912 1207 1972 ο
1226 1913 1253 1972 Δ
1270 1913 1295 1973 p
1313 1913 1342 1973 U
1360 1915 1384 1974 Τ
1419 1911 1556 1976 xpm

104 1985 176 2049 vata3
203 1981 321 2050 apostoli
348 1982 377 2036 in
403 1984 519 2038 aedibus
540 1983 654 2055 privatis
680 1978 928 2037 communicabant.

105 2063 135 2119 ld
155 2066 247 2139 ipsum
270 2069 398 2125 adductis
418 2069 525 2140 aliquot
543 2075 665 2125 veterum
686 2067 850 2124 testimoniis
868 2083 928 2136 pro·
994 2048 1061 2113 DE
1094 2048 1637 2121 CIRCUMGESTATIONE
1670 2050 1753 2117 SA·

104 2150 149 2205 bat
173 2151 358 2208 Bellarminus
385 2155 432 2210 lib.
458 2161 481 2212 2.
514 2156 548 2211 de
575 2157 659 2210 missa
687 2173 709 2210 c.
738 2160 762 2212 a.
791 2155 816 2223 §.
844 2153 929 2223 igitur
1230 2153 1510 2223 CRAMENTI.

104 2237 198 2308 primo.
236 2245 260 2295 8.
279 2239 369 2304 Quare
393 2258 455 2295 cum
480 2241 606 2312 exempla
624 2239 816 2298 reservationis
836 2243 864 2291 in
883 2251 928 2289 ve-

105 2325 153 2379 teri
169 2325 285 2380 ecclesia
304 2326 421 2381 usitatae
442 2328 497 2382 sint
516 2328 666 2397 dissimilia,
687 2345 805 2399 cumque
822 2324 930 2395 privata
993 2326 1048 2376 199.
1081 2321 1226 2377 Pontificia
1252 2325 1404 2380 consecrati
1426 2324 1506 2397 panis
1532 2324 1681 2379 asservatio
1700 2328 1729 2379 et
1744 2339 1899 2383 rs·ctrsnn·

106 2413 251 2468 asservatis
271 2414 388 2468 decretis
405 2414 580 2469 conciliorum
600 2422 712 2485 propter
731 2409 944 2481 abusnsfuerit¹
956 2405 1055 2475 positio
1083 2425 1138 2462 non
1165 2416 1221 2463 tam
1244 2410 1413 2468 infirmorum
1439 2410 1672 2479 communionem,
1702 2427 1784 2481 quam
1797 2391 1892 2493 gfff

105 2497 243 2569 abrogata,
261 2499 323 2554 ideo
341 2500 578 2571 simplicissimum,
597 2501 765 2554 tutissimum
784 2516 816 2553 ac
836 2497 929 2551 rectis·
941 2486 944 2587 3
955 2492 1079 2562 ejusdem
1098 2494 1392 2567 circumgestntionem,
1410 2495 1620 2552 ostentationem
1641 2502 1668 2552 et
1680 2495 1784 2550 cultum
1797 2504 1879 2588 ξπ·

105 2585 198 2639 simum
229 2591 271 2641 est
285 2586 336 2640 ⁴ad
367 2587 566 2641 institutionem
592 2587 766 2640 Dominicam
797 2589 928 2655 tanquam
956 2586 1033 2633 extra
1060 2597 1139 2634 usum
1166 2598 1183 2635 a
1206 2581 1314 2637 Christo
1337 2583 1492 2638 institutum
1526 2583 1578 2638 sihi
1613 2583 1784 2655 propositum

105 2687 223 2724 normam
245 2679 274 2727 et
300 2672 423 2744 regulam
448 2672 596 2742 respicere,
621 2672 666 2726 cui
685 2673 773 2745 magis
790 2671 929 2726 conforme
956 2666 1048 2721 habet.
1094 2673 1116 2722 1.
1141 2669 1258 2734 Quando
1285 2670 1363 2740 panis
1387 2675 1563 2725 consecratus
1587 2670 1623 2724 ad
1647 2669 1786 2724 infirmum

104 2762 144 2810 est
160 2763 188 2811 et
208 2774 371 2822 consonum,
395 2760 424 2811 in
445 2759 636 2813 communione
660 2757 828 2812 infirmorum
845 2757 930 2812 rerba
956 2754 1086 2820 defertur,
1105 2755 1300 2825 praeferuntur
1316 2756 1476 2825 luminaria,
1504 2757 1686 2827 campanulae
1704 2773 1786 2811 sonus

104 2859 216 2912 coenae,
252 2861 323 2916 quae
347 2852 410 2899 sunt
431 2845 492 2914 ipsa
514 2845 698 2911 consecratio,
729 2845 756 2898 in
774 2844 944 2917 praesentia*
957 2840 1067 2895 auditur
1095 2847 1123 2896 et
1151 2842 1229 2913 plebs
1258 2848 1415 2898 reverenter
1445 2861 1474 2897 se
1504 2842 1636 2898 inclinare
1656 2842 1786 2914 juhetam

105 2931 207 3002 aegroti
227 2930 358 2995 recitare,
380 2949 463 3002 quam
483 2949 516 2985 er
534 2932 676 3002 particulis
695 2948 745 3002 per
764 2930 857 3002 plures
875 2948 929 2985 non
941 2920 944 3039 ¹
957 2927 1023 2999 quin
1047 2934 1075 2983 et
1095 2927 1240 2998 pontifices
1263 2936 1369 2984 certum
1393 2947 1536 2985 numerum
1553 2928 1788 3001 indulgentiarum

105 3015 188 3070 solum
216 3016 288 3078 dics,
314 3017 363 3071 scd
392 3017 474 3071 etiam
502 3035 607 3073 menses
635 3017 780 3072 reservatis
809 3015 929 3070 infirmos
956 3033 1005 3085 pro
1042 3016 1195 3070 reverentia
1229 3016 1277 3071 illa
1313 3018 1523 3071 constituerunt.
1567 3014 1706 3071 Honorius
1732 3014 1795 3071 ΙΙΙ.ἱ

105 3103 315 3170 communicare,
336 3104 410 3174 quod
427 3105 463 3160 D.
477 3103 650 3159 Chemnicius
670 3103 770 3174 probat
782 3103 856 3156 hisce
868 3104 929 3155 fun·
956 3100 1003 3155 lib.
1024 3106 1048 3158 3.
1068 3102 1246 3156 decretalium
1266 3102 1306 3157 tit.
1327 3108 1369 3161 41.
1390 3120 1413 3156 c.
1430 3108 1475 3158 lit:
1498 3103 1640 3157 Sacerdos
1655 3105 1787 3171 frequen·

104 3187 250 3243 dementis:
278 3189 372 3242 Primo
397 3190 464 3260 quia
490 3188 614 3244 Christus
638 3189 729 3243 verbis
757 3189 830 3257 suis,
858 3204 930 3259 quae
956 3196 999 3239 ter
1022 3189 1121 3241 doceat
1139 3189 1251 3256 plebem
1273 3206 1365 3256 mam,
1390 3197 1420 3242 nt
1442 3205 1471 3241 se
1488 3197 1647 3242 reverenter
1664 3188 1787 3259 inclinet,
1872 3176 1875 3183 ¹

104 3275 187 3330 voluit
214 3276 249 3329 ad
274 3275 438 3330 elementum
458 3276 606 3343 accedere,
633 3282 664 3330 ut
681 3273 759 3330 fieret
776 3291 928 3328 sacramen·
957 3292 1018 3326 cnm
1042 3273 1162 3326 bostiam
1186 3274 1338 3327 animarem
1360 3275 1506 3343 presbyter
1531 3274 1626 3341 defert
1648 3275 1689 3327 ad
1708 3274 1786 3334 infir·

103 3369 172 3431 tum,
205 3380 271 3416 usus
303 3372 344 3417 est
373 3362 420 3416 illo
448 3363 508 3416 loco
536 3369 564 3416 et
586 3361 633 3417 illo
661 3367 797 3432 tempore,
827 3359 877 3414 ubi
902 3366 930 3414 et
957 3377 1038 3413 mam.
1077 3359 1165 3421 Quam
1197 3360 1226 3411 in
1256 3360 1365 3413 decenti
1389 3359 1484 3412 tabita
1509 3360 1653 3430 supposito
1683 3354 1786 3413 manda

103 3448 210 3519 quando
230 3448 429 3502 distributurus
447 3455 507 3502 crat
524 3449 741 3503 communionem
761 3455 789 3503 et
806 3447 835 3500 in
851 3462 929 3517 prae·
956 3445 1091 3499 velamine
1108 3446 1194 3514 ferat
1217 3453 1243 3498 et
1267 3447 1378 3509 reserat
1399 3446 1550 3514 manb‘este
1575 3464 1610 3500 ac
1636 3446 1786 3515 bonom'fice

103 3534 189 3588 sentia
213 3551 318 3602 eorum,
346 3535 446 3605 quibus
471 3533 583 3589 volebat
605 3534 806 3588 communicare
830 3549 930 3602 corpus
957 3539 1020 3584 ante
1039 3539 1140 3599 pectas
1166 3549 1227 3584 cnm
1247 3531 1323 3584 amni
1341 3533 1498 3585 reverentia
1516 3540 1542 3586 st
1561 3532 1659 3586 timore
1679 3548 1785 3603 semper

102 3626 130 3675 et
146 3621 308 3691 sanguinem
328 3639 415 3676 suum.
452 3620 543 3692 Magis
561 3620 645 3692 igitur
661 3628 874 3675 consentaneum
889 3624 930 3673 est
957 3616 1058 3670 lamine
1072 3618 1274 3689 praecedente,
1291 3635 1353 3670 cnm
1371 3618 1409 3672 sit
1427 3619 1536 3672 candor
1556 3618 1629 3673 lacis
1647 3626 1786 3683 aeternae,

102 3707 277 3778 descriptioni
304 3707 482 3762 institutionis
512 3712 540 3761 et
565 3706 690 3777 exemplo
715 3705 817 3760 Christi
845 3704 930 3760 verba
956 3712 987 3757 at
1014 3721 1046 3756 ea
1073 3704 1124 3757 boc
1152 3705 1232 3774 apud
1255 3721 1347 3758 omnes
1366 3705 1442 3773 fides
1466 3714 1491 3758 et
1513 3706 1622 3759 &cotio
1641 3712 1787 3775 captatur.

101 3810 203 3849 coenae
228 3793 345 3848 recitare
371 3800 399 3848 et
426 3793 479 3848 illis
503 3794 666 3849 benedicere
693 3792 885 3848 cucharistiam
902 3792 929 3846 in
956 3790 1039 3844 Anno
1060 3795 1133 3846 1220.
1170 3787 1320 3861 Gregorius
1339 3788 1389 3844 IX.
1410 3788 1493 3861 hujus
1510 3789 1626 3847 Honorii
1646 3805 1787 3846 successor

100 3881 160 3934 loco
178 3880 375 3934 communionis
397 3886 425 3934 et
444 3887 567 3951 tempore
587 3879 784 3934 communionis
805 3879 832 3932 in
852 3895 929 3950 prae·
957 3876 1140 3931 tintinnabuli
1160 3893 1208 3928 sen
1235 3876 1357 3946 apsillae
1381 3877 1507 3947 pulsnm,
1535 3896 1590 3949 quo
1612 3876 1732 3947 populus
1750 3876 1787 3931 ad

101 3967 189 4021 sentia
215 3966 518 4031 communicandorum,
546 3984 629 4038 quam
657 3966 711 4020 alio
736 3967 796 4020 loco
817 3972 845 4020 ct
863 3972 930 4020 tem·
956 3979 1029 4034 genu
1054 3961 1221 4017 flectendum
1247 3962 1440 4032 admoneatur,
1465 3962 1581 4016 addidit
1616 3961 1689 4015 ”In
1708 3962 1785 4017 chro-

100 4069 166 4121 pore
195 4051 359 4107 absentibus
386 4053 457 4121 illis,
489 4052 589 4125 quibus
617 4051 772 4106 exhibenda
798 4059 848 4106 est.
884 4050 930 4107 Se·
956 4049 1025 4103 nicis
1045 4048 1253 4104 Coloniensibus
1272 4055 1369 4116 exstat,
1387 4058 1590 4104 sacramentam
1609 4066 1712 4102 coenae
1724 4047 1786 4118 pri·

101 4138 191 4193 cundo
210 4139 294 4193 verba
315 4139 362 4193 illa
381 4156 495 4193 coenae:
522 4139 605 4206 dixit,
630 4138 762 4207 accipite,
787 4138 930 4204 connectite,
956 4156 1029 4189 mrem
1056 4155 1129 4190 anno
1154 4141 1231 4191 tete.
1269 4136 1404 4192 Coloniae
1429 4136 1670 4206 circnmpcstatnm
1689 4143 1716 4188 et
1730 4152 1786 4204 pa·

101 4225 199 4293 bibite,
217 4226 268 4277 boc
288 4226 391 4294 facite,
409 4244 464 4280 non
483 4225 639 4297 diriguntur
658 4225 693 4278 ad
713 4225 862 4292 elementa,
881 4222 930 4276 sed
953 4240 1022 4291 pam
1035 4224 1191 4276 Martinam
1207 4221 1235 4275 V.
1250 4222 1375 4290 primam
1393 4223 1541 4276 addidisse
1560 4219 1787 4287 indalpentiar.**

101 4311 136 4365 ad
160 4312 418 4366 communicaturos.
452 4312 515 4368 Non
538 4312 623 4382 igitur
648 4318 861 4364 consentancum
888 4311 930 4362 cst
957 4309 1109 4363 Concilium
1122 4307 1216 4363 Colon.
1234 4307 1286 4362 sub
1305 4308 1469 4378 imperatore
1481 4306 1630 4378 liudolpho
1643 4305 1786 4379 Habspur-

100 4396 266 4451 institutioni
292 4398 376 4452 verba
401 4397 449 4452 illa
472 4404 580 4451 tantum
609 4397 644 4450 ad
668 4413 767 4466 panem
791 4402 819 4450 ct
836 4396 929 4448 vinum
956 4395 1034 4467 gensi
1059 4395 1132 4449 circa
1154 4411 1257 4447 annum
1282 4399 1362 4450 1280:
1400 4394 1567 4463 Stataimas,
1593 4402 1623 4448 nt
1639 4393 1738 4462 pysis,
1757 4393 1787 4446 in

101 4476 219 4554 dirigere
243 4489 270 4537 et
296 4484 407 4554 quidem
430 4485 458 4537 in
482 4484 609 4539 absentia
632 4482 929 4538 communicandorum.
957 4500 1012 4550 qna
1033 4498 1134 4550 corpas
1148 4481 1267 4534 Domini
1284 4481 1325 4533 ad
1342 4479 1467 4550 infirmos
1487 4482 1623 4548 defertur,
1641 4481 1786 4543 sitaarea,

99 4567 196 4623 Tertio
215 4568 339 4624 Christus
359 4571 575 4626 communionem
595 4588 650 4624 non
675 4569 761 4624 voluit
785 4585 843 4622 esso
871 4585 930 4622 mu·
957 4573 1103 4634 arpentca,
1130 4567 1250 4619 eburnea
1277 4567 1319 4619 vel
1348 4567 1390 4619 ad
1414 4568 1505 4620 minas
1531 4583 1636 4636 caprea
1653 4567 1716 4619 bene
1737 4565 1786 4618 ett-

100 4661 157 4709 tam
181 4657 332 4720 actionem,
357 4656 428 4709 sicut
451 4656 572 4710 medicus
597 4657 776 4727 pharmacum
796 4653 850 4707 alio
868 4653 930 4707 loco
958 4661 1041 4706 mata.
1084 4653 1135 4706 Aa
1157 4654 1416 4706 communicandam
1440 4653 1580 4718 infirmnm
1602 4670 1703 4722 corpas
1728 4653 1787 4705 Do·

100 4745 130 4795 et
151 4745 273 4810 tempore
299 4746 493 4811 praeparatum
514 4742 643 4812 propinat
670 4751 697 4795 et
721 4740 857 4811 applicat,
882 4739 930 4793 sed
958 4740 1027 4791 asini
1052 4739 1193 4791 allaturas
1217 4745 1261 4792 cat
1287 4740 1420 4792 sacerdos
1445 4741 1565 4793 dicendo
1589 4746 1691 4808 septem
1709 4736 1787 4808 psai·

102 4827 213 4897 quando
236 4844 335 4896 panem
358 4827 476 4881 fractum
501 4838 528 4882 et
550 4829 679 4898 poculum
697 4826 872 4882 benedictum
890 4826 931 4879 di·
958 4842 1031 4891 nias,
1060 4824 1137 4892 etsi
1160 4824 1207 4878 cia
1232 4824 1320 4888 faerit
1347 4823 1471 4894 turpior,
1498 4826 1590 4877 addat
1614 4823 1741 4877 letaniam
1760 4829 1788 4876 et

102 4912 216 4984 scipulis
235 4912 333 4982 dabat,
354 4914 423 4967 dixit
440 4924 467 4967 et
484 4913 594 4967 addidit
611 4914 783 4968 mandatum:
804 4915 866 4966 Hoc
883 4914 930 4978 fa·
958 4910 1034 4962 alias
1058 4911 1207 4965 cantiones.
1249 4910 1369 4964 Incedat
1398 4918 1490 4964 antem
1520 4912 1563 4964 ad
1585 4910 1787 4963 communican-

102 4999 156 5053 cite
177 5000 207 5051 in
228 5000 285 5052 mci
306 5000 602 5069 commemorationem,
627 5000 699 5071 quod
721 4999 824 5052 Paulus
849 4997 930 5053 inter·
959 4999 1025 5049 dnm
1043 4995 1183 5065 infirmam
1201 5001 1260 5048 cam
1281 4998 1450 5067 caniparrala
1468 5005 1495 5051 et
1512 4996 1636 5051 lacerna.
1668 4995 1789 5057 Quilibet

100 5092 233 5156 pretatur,
252 5093 283 5140 ut
300 5085 349 5139 fiat
367 5085 540 5140 annuntiatio
559 5087 653 5139 mortis
672 5085 782 5150 Christi,
800 5102 855 5139 non
872 5093 932 5138 tan·
959 5091 1049 5135 autem
1064 5083 1174 5152 fidelis,
1199 5082 1225 5135 si
1248 5085 1341 5136 dende
1354 5083 1462 5151 fecerit
1481 5083 1554 5136 banc
1572 5084 1787 5151 processionem,
1834 5106 1839 5120 =

100 5177 162 5226 tum
187 5172 216 5226 in
239 5171 443 5240 bencdictione,
469 5172 517 5226 sed
541 5172 623 5226 etiam
648 5171 792 5225 sumtioue.
828 5171 932 5236 Quarto
959 5172 1053 5223 decem
1080 5170 1140 5222 dics
1165 5168 1357 5236 indaipentiae
1382 5187 1439 5238 pra
1466 5171 1559 5222 cando
1589 5178 1614 5223 et
1644 5168 1788 5222 redeundo

101 5255 254 5311 consolatio
281 5257 316 5311 dc
342 5275 393 5310 usu
418 5265 446 5311 et
472 5258 565 5312 fructu
589 5244 772 5312 eucharistiae
799 5256 932 5327 imprimis
958 5257 1067 5310 lrabeat.
1108 5255 1275 5322 Epnitantes
1297 5272 1363 5308 cero
1387 5273 1443 5308 non
1467 5257 1654 5323 dedignentur
1678 5257 1789 5308 descen·

101 5346 259 5398 necessaria
287 5351 328 5398 est
355 5343 489 5415 aegrotis,
519 5343 594 5397 illam
618 5361 681 5396 vcro
705 5341 795 5396 verbis
822 5342 932 5412 Christi,
960 5343 1025 5395 dere
1043 5344 1078 5394 de
1098 5342 1176 5410 cquis
1194 5341 1252 5395 sais
1273 5342 1314 5394 ad
1329 5342 1506 5394 adorandam
1524 5359 1593 5405 mim,
1611 5341 1661 5410 qai
1673 5359 1730 5410 pra
1749 5341 1789 5395 eis

102 5428 203 5500 quibus
223 5437 426 5484 sacramentum
444 5429 495 5484 hoc
515 5428 676 5496 conficitur,
694 5426 887 5499 comprehendi
906 5434 933 5484 ct
960 5427 1103 5482 descendit
1129 5428 1165 5481 de
1193 5426 1277 5481 coelis
1299 5430 1351 5481 etc.
1388 5422 1628 5485 2.U1banns1v.
1652 5427 1726 5482 circa
1740 5444 1788 5482 au-

10 5518 218 5589 tutproponi
248 5534 303 5569 non
330 5523 372 5569 est
402 5516 529 5583 dubium,
555 5528 583 5570 et
608 5515 676 5570 tides
706 5533 766 5569 eain
795 5514 823 5567 in
848 5506 1025 5571 verbolnum
1046 5518 1120 5569 1264.
1145 5513 1270 5584 (quidam
1294 5509 1419 5566 scribunt
1441 5529 1514 5567 anno
1539 5519 1611 5569 12611.
1631 5515 1681 5570 scd
1699 5513 1789 5571 minus

1376 5615 1430 5671 13*
