4004 6022
218 277 257 338 50
426 293 429 299 ⁴
810 266 932 325 Locus
951 263 1155 324 messurus
1176 262 1319 323 PRIMUS

217 428 375 482 sacerdotes
402 432 549 499 utramque
570 425 691 496 speciem
708 422 838 478 sumunt?
863 423 1052 494 Respondent,
1077 441 1134 491 pus
1155 423 1248 476 vivum
1262 422 1395 491 mebant,
1414 421 1483 490 quia
1501 420 1642 476 Dominus
1660 417 1786 489 loquitur
1803 417 1838 473 dc
1858 434 1917 473 cor·

216 513 246 568 id
277 514 380 586 requiri
412 519 526 585 propter
557 510 734 580 sacrificium,
761 509 810 564 scd
835 509 889 565 hoc
911 515 954 565 est
973 507 1003 565 ri
1023 509 1054 563 lv
1076 526 1166 579 pore,
1190 510 1267 579 quari
1292 508 1423 573 habebat,
1447 526 1509 561 cum
1532 507 1581 562 illc
1600 507 1720 576 diceret,
1744 513 1809 560 tunc
1825 513 1920 561 cutem

217 597 288 675 ἀρχῇ
308 601 470 674 λαμβάνειν.
509 605 532 656 8.
549 599 606 654 Res
625 615 691 669 ergo
709 613 741 651 eo
762 595 850 659 redit,
869 595 945 667 quod
963 594 997 650 de
1015 593 1054 650 le·
1080 595 1171 648 sicam
1196 612 1299 665 corpus
1321 595 1454 658 habehat,
1481 612 1537 647 non
1556 602 1683 648 mortum.
1718 592 1821 648 Postea
1837 592 1919 648 addit

138 742 142 749 ,
216 687 315 759 gitims
340 704 435 742 sacrae
461 691 562 742 coenae
591 683 830 740 administratione
856 688 885 738 et
904 681 1053 754 participa·
1081 681 1266 736 Bellarminus
1304 683 1453 755 lnlrprcrr:
1492 682 1571 735 Haec
1610 679 1746 734 sententia
1779 686 1921 749 repugnat

216 771 292 829 tione
314 792 371 828 non
396 791 428 828 ex
452 773 564 828 rationis
583 771 724 841 acumina,
748 770 799 825 sed
819 787 852 825 ex
871 769 992 824 auctoris
1014 768 1053 822 di·
1081 769 1201 824 concilio
1227 767 1394 823 Tridentino
1421 775 1447 820 st
1471 767 1602 835 mysterio
1629 764 1832 830 eucharistias,
1869 780 1920 818 nec

215 858 336 914 ctamine
362 859 398 913 sit
417 859 609 930 judicandum.
651 856 732 922 Quod
757 856 830 912 enim
846 856 874 910 in
895 872 982 911 coena
999 871 1054 909 me·
1081 855 1224 909 concludit
1258 861 1452 924 argumentum
1478 871 1535 924 pro
1564 870 1598 907 ea
1627 854 1791 909 adductum.
1843 851 1920 905 Nam

216 945 311 1000 diaute
330 945 476 1000 benedicto
497 961 569 1015 pane
589 962 689 1016 corpus
711 942 813 998 Christi
833 943 933 998 edatur
951 948 979 998 ει
998 959 1054 997 me·
1081 941 1194 994 etiamsi
1210 942 1351 995 Dominus
1368 941 1447 994 ciam
1465 947 1551 1004 essct,
1571 957 1632 992 curn
1651 938 1778 992 dicebat:
1806 936 1859 993 lroc
1879 943 1921 991 cst

217 1030 310 1087 diante
334 1031 480 1087 benedicto
500 1032 565 1087 vino
583 1031 670 1103 ipsius
689 1031 802 1103 sanguis
821 1030 948 1099 bibatur,
970 1029 999 1083 id
1021 1047 1054 1084 ex
1081 1047 1183 1099 corpus
1210 1045 1313 1099 meum,
1345 1037 1370 1083 et
1393 1028 1518 1099 proinde
1546 1027 1707 1097 loqueretur
1734 1026 1770 1079 sic
1792 1039 1920 1093 corpore,

216 1118 276 1173 sola
293 1118 395 1171 Christi
412 1116 587 1173 institutione
607 1117 749 1189 dependet
771 1135 804 1172 ac
824 1117 955 1186 discitur,
980 1118 1054 1171 unde
1081 1118 1159 1185 quod
1176 1122 1240 1169 tunc
1257 1116 1348 1169 cisum
1368 1121 1448 1178 srat‚·
1466 1122 1559 1167 tamen
1573 1130 1629 1182 per
1643 1128 1735 1166 vocem
1749 1127 1919 1180 corpusnon

218 1203 258 1259 sic
286 1202 491 1259 concludimus:
529 1203 608 1269 Quae
632 1208 675 1258 est
697 1203 769 1258 ratio
792 1203 992 1259 benedictionis
1012 1219 1054 1256 sa·
1081 1201 1260 1270 significabat
1281 1202 1340 1254 nisi
1357 1218 1474 1271 corpus,
1501 1200 1536 1252 id
1554 1207 1594 1253 est
1607 1206 1719 1268 partem
1737 1197 1821 1251 illam
1838 1203 1918 1250 natu

217 1290 407 1359 crementalis,
438 1308 471 1344 ea
495 1289 578 1345 etiam
606 1297 648 1345 est
672 1290 743 1345 ratio
765 1288 939 1361 praesentiae
963 1305 1054 1344 sacra·
1080 1305 1131 1342 rae
1151 1288 1304 1357 humanas,
1327 1302 1398 1357 quac
1416 1304 1478 1340 cum
1497 1286 1593 1339 anima
1613 1284 1752 1355 componit
1771 1282 1918 1338 bominem.

216 1376 353 1434 mentalis.
397 1377 436 1430 At
465 1375 622 1432 benedictio
650 1376 857 1432 sacramentalis
886 1375 987 1444 efficit,
1023 1382 1055 1429 ut
1080 1372 1158 1429 Haec
1175 1373 1373 1442 Bellarminus,
1394 1390 1427 1428 er
1447 1371 1549 1445 quibus
1569 1373 1610 1427 sic
1628 1371 1729 1427 infero:
1757 1369 1786 1427 Si
1807 1387 1842 1425 ex
1859 1386 1918 1424 ver·

216 1463 296 1535 panis
315 1462 352 1517 sit
370 1469 503 1517 κοινωνία
522 1462 643 1534 corporis
662 1470 689 1519 ει
706 1463 801 1518 vinum
819 1462 964 1535 sanguinis
977 1461 1054 1516 Chri·
1081 1461 1124 1517 bis
1156 1476 1257 1515 coenae
1284 1468 1431 1533 propterea
1458 1478 1513 1516 non
1536 1463 1629 1532 potest
1649 1457 1763 1530 probari
1780 1455 1916 1512 concomi-

217 1549 266 1615 sti,
298 1555 321 1606 l.
342 1548 404 1604 Cor.
435 1556 479 1617 10,
505 1566 532 1604 v.
558 1554 597 1604 16.
620 1564 676 1604 non
702 1557 800 1604 contra
822 1549 963 1618 (distincte
982 1546 1054 1603 enim
1080 1547 1182 1617 tantia,
1207 1546 1273 1619 quia
1297 1546 1422 1602 Christus
1444 1565 1495 1619 per
1519 1563 1615 1602 vocem
1639 1562 1740 1618 corpus
1759 1562 1815 1600 non
1834 1542 1917 1616 sigui·

217 1636 360 1708 apostolus
379 1635 520 1706 loquitur).
552 1634 628 1706 Ergo
647 1635 731 1690 etiam
749 1634 957 1691 sacramentalis
977 1650 1054 1706 prae·
1080 1632 1184 1689 ficabst
1209 1633 1261 1687 nisi
1288 1650 1401 1705 corpus,
1425 1634 1512 1689 multo
1530 1632 1620 1688 minus
1639 1631 1739 1688 bibitio
1759 1647 1915 1686 sacramen·

219 1723 325 1779 sentias
347 1740 381 1777 ea
405 1727 447 1777 est
468 1722 555 1788 ratio,
588 1727 620 1776 ut
642 1739 705 1776 cum
728 1739 801 1793 pane
820 1739 921 1792 corpus
940 1720 1055 1777 mandu·
1081 1719 1145 1774 talis
1165 1719 1308 1792 sanguinis
1333 1719 1435 1775 Christi
1454 1719 1506 1775 sub
1526 1720 1618 1791 specie
1637 1719 1717 1789 panis
1736 1735 1769 1774 ex
1787 1717 1842 1773 illis
1863 1716 1917 1773 ccl·

221 1810 341 1865 candum
369 1809 461 1872 detur,
487 1827 549 1863 cum
574 1809 638 1863 vino
660 1808 775 1880 sanguis
796 1808 899 1863 Christi
918 1807 1055 1863 bibendus
1082 1806 1131 1878 ligi
1148 1813 1248 1877 potest
1285 1804 1314 1862 si
1333 1807 1405 1861 enim
1424 1805 1551 1861 Christus
1571 1806 1682 1861 dicens:
1710 1805 1842 1874 accipite,
1866 1804 1917 1858 lsoc

220 1895 398 1962 exhibeatur,
416 1913 470 1950 non
488 1902 590 1950 contra.
627 1893 828 1966 Propositiouis
848 1894 951 1949 veritas
970 1893 1055 1948 mani·
1083 1903 1123 1947 cst
1147 1912 1250 1964 corpas
1273 1911 1379 1963 meum,
1405 1910 1459 1947 nou
1483 1891 1647 1966 sanguinem
1673 1890 1717 1947 vel
1736 1891 1857 1946 animam
1875 1890 1919 1945 rel

219 1981 292 2036 festa
310 1989 365 2047 est,
391 1981 457 2053 quia
475 1980 649 2052 praesentiae
667 1980 876 2035 sacramentalis
894 1980 1055 2035 fundamen·
1083 1979 1269 2047 divinitatem,
1288 1980 1336 2035 sed
1355 1985 1465 2034 tantum
1482 1996 1582 2050 corpus
1602 1996 1683 2033 suum
1700 1964 1843 2049 designat,
1866 1975 1919 2031 uti·

220 2071 280 2121 tum
303 2067 417 2122 unicum
439 2074 467 2123 et
488 2083 573 2122 eausa
590 2066 715 2121 solitaria
732 2073 774 2121 εει
791 2065 894 2122 Christi
912 2066 1057 2134 institutio,
1083 2082 1138 2137 que
1168 2066 1306 2121 mediante
1337 2065 1482 2121 benedicto
1514 2083 1588 2138 pane
1617 2082 1672 2119 uon
1705 2064 1835 2136 sanguis,
1864 2079 1920 2118 non

222 2168 305 2224 quam
337 2171 400 2207 cum
430 2160 525 2208 nostra
556 2152 748 2208 benedictione
778 2152 940 2224 repetimus,
975 2154 1057 2223 juxta
1084 2152 1192 2222 anima,
1209 2170 1265 2207 non
1284 2152 1423 2222 divinitas,
1443 2151 1491 2207 sed
1510 2158 1618 2207 tantum
1636 2168 1736 2222 corpus
1754 2149 1857 2206 Christi
1874 2167 1920 2205 sa·

222 2237 323 2293 Christi
355 2238 557 2294 institutionem
590 2239 626 2292 ad
655 2256 736 2293 usum
764 2239 993 2295 sacramentalem
1012 2257 1056 2294 ex·
1083 2238 1287 2295 crementsliter
1320 2239 1511 2294 manducatur.
1559 2237 1712 2310 Gregorius
1743 2237 1778 2292 de
1808 2237 1919 2294 Valent.

220 2331 299 2381 terna
322 2325 450 2396 symbola
468 2326 647 2382 destinamus.
683 2325 748 2381 Huc
774 2326 927 2397 respiciunt
952 2332 1057 2381 nostra·
1084 2325 1155 2396 disp.
1175 2330 1198 2381 6.
1225 2343 1251 2397 q.
1269 2331 1293 2384 3.
1318 2325 1353 2380 ds
1370 2342 1459 2396 praes.
1480 2323 1582 2379 Christi
1600 2325 1629 2378 in
1647 2323 1796 2380 eucharist.
1813 2331 1920 2395 puncto

219 2419 274 2479 tes,
299 2414 410 2484 quando
438 2412 614 2484 distinguunt
639 2413 712 2468 inter
735 2413 920 2484 praesentiam
940 2417 968 2467 ει
985 2430 1057 2467 sum·
1087 2419 1113 2467 1:
1139 2411 1248 2483 Corpus
1273 2411 1382 2466 Christi
1403 2419 1443 2467 cst
1467 2412 1496 2465 in
1522 2411 1695 2466 moderatio
1717 2412 1800 2465 modo
1824 2428 1921 2465 sacra·

134 2505 159 2550 x
172 2505 205 2551 tu
217 2498 335 2569 tionem3
359 2499 523 2571 sanguinem
547 2516 607 2554 esse
623 2498 652 2553 in
673 2516 788 2570 corpore
808 2498 910 2554 Christi
928 2516 1056 2569 praesen·
1082 2485 1200 2553 mentali
1218 2506 1244 2552 st
1255 2487 1313 2569 per
1326 2499 1464 2566 accidens,
1483 2498 1701 2567 recuperatione
1716 2497 1920 2566 eucharistiam

218 2590 275 2641 tem
300 2586 468 2649 concedunt,
491 2585 540 2640 sed
560 2585 795 2641 sacramentaliter
813 2603 877 2639 cum
896 2603 968 2656 pane
985 2583 1056 2640 sumi
1083 2586 1112 2639 r'n
1136 2586 1213 2641 coelo
1231 2593 1323 2640 autern
1340 2592 1382 2638 est
1400 2588 1484 2639 modo
1501 2585 1629 2638 naturali
1645 2592 1672 2638 et
1684 2601 1740 2654 per
1757 2601 1795 2638 se.
1832 2583 1920 2638 Prac-

219 2677 336 2742 negant,
363 2672 429 2742 quia
454 2670 580 2726 Christus
606 2672 695 2726 voluit
718 2672 769 2726 sub
796 2690 868 2742 pane
896 2673 1057 2728 manducari
1083 2674 1174 2726 sentia
1197 2673 1269 2726 enim
1291 2672 1505 2726 sacramentalis
1524 2673 1648 2740 ejusdem
1668 2670 1776 2730 Christi
1792 2671 1922 2741 corporis

221 2773 328 2827 corpus,
347 2757 398 2812 sub
415 2756 480 2812 vino
499 2757 558 2811 bibi
574 2758 745 2829 sanguinem.
776 2757 960 2829 Distinguunt
973 2760 1057 2813 etiam
1084 2760 1282 2828 etpraescntia
1295 2759 1438 2812 naturalis
1451 2759 1480 2810 in
1494 2758 1553 2811 alic
1566 2764 1649 2827 atquc
1662 2757 1722 2811 alio
1735 2758 1920 2813 incominimc

222 2841 294 2898 inter
312 2859 424 2897 causam
444 2841 598 2897 naturalem
619 2848 647 2898 et
669 2843 865 2897 voluntariam:
885 2842 985 2897 bibitio
995 2861 1058 2898 sau·
1085 2846 1158 2898 inter
1168 2861 1198 2898 sc
1206 2852 1385 2914 opponuntur
1397 2844 1625 2912 contradictorie,
1637 2863 1698 2897 cum
1709 2853 1920 2916 utraquspras·

221 2929 314 3001 guinis
338 2929 440 2985 Christi
463 2928 492 2982 in
515 2945 593 2983 sacra
614 2945 702 2984 coena
727 2946 783 2984 non
801 2929 904 2999 pendet
923 2946 956 2984 ex
974 2946 1059 2984 causa
1084 2932 1175 2984 sentia
1194 2947 1250 2999 per
1277 2930 1498 3000 affirmationem
1524 2939 1678 2987 asseratur.
1712 2930 1792 2987 Haec
1816 2930 1919 2988 Valen-

221 3015 351 3084 naturali,
372 3016 420 3071 sed
441 3014 605 3080 voluntaris,
625 3015 834 3070 testamentaria
853 3014 962 3069 scilicet
979 3014 1058 3070 Chri·
1085 3016 1219 3086 tinianus,
1239 3033 1272 3070 ex
1292 3015 1393 3088 quibus
1412 3016 1451 3071 sic
1469 3014 1573 3071 iniero:
1601 3016 1629 3072 Si
1647 3035 1680 3081 ex
1696 3020 1855 3088 praesentia
1871 3036 1918 3076 na·

220 3100 257 3156 sti
280 3100 467 3172 dispositione.
507 3106 531 3156 9.
553 3099 742 3173 Quaecunque
760 3101 918 3172 praesentia
935 3102 1057 3173 corporis
1085 3102 1168 3157 turali
1186 3101 1282 3156 inferri
1300 3108 1395 3173 posset
1412 3102 1570 3173 praesentia
1587 3105 1804 3176 sacramentalis,
1821 3122 1918 3178 seque·

211 3193 250 3243 'et
268 3186 411 3259 sanguinis
432 3204 488 3240 non
508 3193 550 3242 est
568 3187 784 3256 sacramentalis,
806 3205 839 3244 ea
856 3188 909 3243 hoc
928 3186 988 3243 loco
1006 3206 1057 3243 nec
1083 3195 1174 3258 retur,
1193 3206 1294 3260 corpus
1314 3187 1417 3243 Christi
1437 3189 1521 3244 etiam
1541 3189 1570 3243 in
1588 3190 1664 3246 coelo
1682 3193 1920 3249 sacramentaliter

219 3279 313 3345 potest
334 3290 386 3328 nec
412 3273 497 3328 debet
521 3274 634 3329 attendi.
677 3274 854 3339 Praesentia,
878 3291 951 3346 quae
971 3274 1058 3329 oritur
1084 3293 1144 3332 esse
1173 3292 1312 3347 praesens.
1351 3280 1389 3331 13.
1408 3275 1467 3332 Nec
1486 3275 1560 3332 valet
1579 3286 1787 3349 argumentum:
1814 3278 1844 3335 Si
1862 3296 1919 3335 cor·

221 3376 255 3415 ex
280 3358 493 3416 concomitantia
518 3367 546 3415 ct
571 3378 603 3415 cx
629 3360 731 3416 unione
755 3362 908 3432 personali,
936 3379 992 3416 uon
1016 3367 1059 3416 cst
1084 3380 1136 3433 pus
1162 3361 1263 3418 Christi
1292 3361 1383 3417 editur
1409 3369 1437 3417 et
1459 3381 1515 3418 non
1540 3363 1622 3418 simul
1650 3365 1784 3437 accipitur
1804 3364 1919 3441 sanguis

222 3445 440 3503 sacramentalis.
478 3445 554 3518 Ergo
580 3446 633 3501 hoc
657 3447 719 3502 loco
739 3465 795 3502 non
820 3454 863 3502 est
880 3447 1057 3502 attendenda.
1085 3448 1198 3519 Christi,
1229 3465 1294 3520 ergo
1322 3466 1422 3520 corpus
1447 3467 1587 3523 exsangue
1614 3459 1642 3507 et
1662 3459 1801 3507 mortuum
1819 3453 1919 3509 editur.

225 3539 264 3588 ιθ.
288 3533 368 3598 Quod
395 3531 521 3587 Christus
544 3533 612 3588 dicit
635 3533 664 3586 in
689 3549 777 3588 coena
799 3533 873 3602 hibi,
903 3533 972 3587 illud
1001 3550 1058 3587 non
1086 3534 1244 3589 Communis
1277 3543 1316 3588 est
1347 3535 1573 3590 Christianorum
1603 3554 1701 3592 sensus
1733 3538 1841 3606 (scribit
1867 3540 1919 3595 hoc

223 3618 321 3674 editur.
359 3619 448 3689 Atqui
472 3618 552 3682 dicit,
576 3618 738 3689 sanguinem
758 3636 838 3672 suum
857 3619 994 3673 mediante
1011 3618 1058 3673 be·
1084 3622 1146 3676 loco
1165 3620 1349 3676 Bellarminus
1368 3618 1397 3696 ξ
1417 3622 1557 3693 denique),
1578 3632 1609 3677 ut
1632 3627 1662 3678 s'n
1680 3625 1852 3680 eucharistia
1869 3625 1920 3681 sub

222 3704 334 3760 nedicto
361 3703 461 3774 poculo
490 3702 557 3758 bibi.
595 3703 669 3774 Ergo
698 3704 795 3759 isnon
815 3704 922 3773 editur,
952 3711 981 3759 et
1008 3721 1059 3775 per
1084 3709 1176 3778 specie
1190 3710 1278 3779 panis
1295 3726 1325 3762 sc
1343 3709 1470 3780 accipere
1492 3711 1609 3764 madent
1626 3730 1681 3766 non
1700 3712 1822 3783 aliquod
1832 3715 1920 3768 cada·

221 3807 401 3862 consequens,
420 3789 541 3862 quinon
561 3789 703 3861 accipiunt
722 3788 899 3845 benedictum
918 3791 1057 3860 poculum,
1084 3812 1145 3859 ver,
1177 3797 1230 3849 scd
1259 3797 1350 3865 ipsum
1376 3796 1468 3850 rivum
1491 3805 1574 3865 atque
1600 3797 1737 3868 integrum
1763 3793 1921 3872 Christum,-

221 3875 262 3930 illi
285 3877 368 3931 ctiam
393 3894 450 3931 non
474 3876 576 3931 hibunt
598 3877 762 3948 sanguinem
783 3876 885 3931 Christi
903 3894 1057 3933 sacramen·
1085 3883 1164 3952 apud
1181 3883 1334 3935 haereticos
1352 3891 1457 3952 autem,
1484 3885 1535 3952 qui
1552 3886 1792 3940 concomitantiam
1809 3868 1920 3956 negant,

222 3962 323 4020 taliter.
367 3970 406 4019 ll.
434 3963 463 4019 Si
486 3964 600 4034 sanguis
622 3963 724 4018 Christi
744 3964 812 4019 ideo
823 3966 1059 4021 sacramentaliter
1085 3988 1140 4022 non
1164 3969 1254 4022 sclam
1277 3970 1396 4023 sumitur
1414 3971 1537 4023 cadauer
1555 3970 1681 4039 ipsorum
1699 3973 1844 4044 opinione,
1870 3975 1923 4030 ssd

223 4047 330 4104 bibitur
356 4049 409 4105 sub
437 4067 524 4121 pane,
551 4051 618 4121 quia
643 4058 685 4105 est
709 4049 817 4123 corpori
837 4051 938 4105 Christi
957 4051 1060 4121 unitus,
1085 4057 1169 4108 etiam
1188 4055 1246 4125 ipsi
1263 4072 1357 4108 corum
1376 4056 1512 4122 min-istri,
1542 4057 1649 4124 quotics
1668 4076 1781 4112 coenam
1798 4059 1920 4132 faciunt,

224 4143 363 4206 sequetur,
384 4153 465 4191 omns
482 4137 521 4206 id,
541 4137 616 4207 quod
636 4136 743 4207 corpori
765 4135 866 4190 Christi
885 4143 927 4193 est
942 4137 1059 4204 unitum,
1085 4142 1165 4196 toties
1189 4141 1329 4197 Christum
1352 4159 1384 4195 rc
1409 4144 1473 4213 ipsa
1493 4142 1638 4211 occidunt,
1661 4144 1705 4197 nst
1723 4153 1795 4199 certe
1813 4165 1843 4201 sc
1862 4164 1921 4202 crc-

224 4223 276 4278 sub
295 4238 367 4292 pane
386 4216 625 4278 sacramenthliter
642 4222 802 4277 manducari
822 4240 856 4277 ac
875 4223 942 4281 bibi.
978 4224 1059 4279 Ratio
1086 4229 1157 4281 dunt
1175 4229 1309 4283 occidere.
1345 4227 1514 4298 Responsio:
1532 4228 1637 4283 somnia
1655 4230 1768 4286 rationis
1787 4239 1922 4290 nonsunt

225 4308 401 4364 connexionis
433 4314 476 4363 est
505 4310 666 4378 manifesta,
707 4309 774 4380 quis
801 4309 940 4364 unitorum
963 4311 1059 4365 eadem
1086 4301 1252 4386 opponenda
1280 4332 1408 4386 expresso
1431 4313 1485 4370 Dei
1504 4314 1596 4372 verbo.
1633 4315 1696 4372 Non
1714 4319 1860 4375 statuimus
1879 4338 1921 4378 se·

224 4395 373 4466 utrobique
397 4396 475 4452 ratio.
512 4396 591 4451 Sicut
618 4397 732 4467 sanguis
759 4395 861 4450 Christi
888 4397 995 4467 corpori
1018 4404 1060 4452 est
1085 4401 1257 4471 parationem
1280 4401 1337 4456 sive
1362 4401 1569 4456 dissolutionem
1593 4409 1767 4474 naturarum,
1795 4407 1840 4463 vel
1859 4425 1921 4464 san·

223 4483 317 4537 uultu!
336 4483 514 4546 naturaliter,
539 4483 579 4536 iia
595 4499 706 4554 quoque
723 4483 816 4537 anima
837 4483 999 4538 naturaliter
1019 4483 1060 4537 illi
1085 4487 1177 4559 guinis
1195 4488 1240 4544 vel
1257 4487 1364 4543 animae
1380 4504 1397 4541 a
1414 4485 1515 4541 Christi
1534 4504 1656 4559 corpore,
1673 4508 1725 4547 nee
1737 4491 1921 4550 divulsionem

223 4574 265 4624 est
288 4568 367 4623 unita
391 4573 419 4622 et
439 4568 569 4622 divinitas
595 4567 784 4638 personaliter.
824 4567 962 4639 Sequetur
985 4586 1060 4641 ergo,
1086 4572 1171 4645 λόγου
1189 4590 1207 4628 a
1224 4591 1275 4628 sua
1293 4590 1376 4628 carue
1394 4572 1601 4643 introducimus,
1621 4576 1670 4631 sed
1691 4578 1848 4634 distinctam
1862 4598 1921 4636 cor·

225 4654 307 4709 ctiam
338 4655 457 4709 animam
486 4671 518 4708 ac
542 4654 714 4708 divinitatem
733 4654 834 4709 Christi
852 4654 904 4709 sub
925 4672 997 4725 pane
1016 4661 1160 4731 sss-fporis
1181 4660 1283 4715 Christi
1305 4660 1446 4715 mediante
1466 4678 1538 4732 parre
1559 4662 1801 4720 manducationem
1817 4671 1920 4722 etsan·

224 4741 430 4795 crementsliter
459 4740 622 4796 manducari
650 4757 683 4795 ac
712 4740 779 4795 bibi.
829 4746 868 4796 12.
896 4732 1178 4818 Necessariolguinis
1196 4743 1297 4800 Christi
1317 4746 1455 4800 mediante
1473 4748 1536 4802 vino
1554 4747 1717 4804 bibitionem
1735 4758 1996 4812 sacramenta-nt

224 4827 310 4897 igitur
328 4826 565 4898 distinguendum,
583 4825 625 4880 uti
644 4827 770 4892 diximus,
788 4828 859 4882 inter
874 4828 1059 4897 praesentiam
1085 4833 1138 4888 lem
1157 4850 1174 4887 a
1192 4831 1302 4886 Christo
1320 4832 1473 4886 institutam
1486 4850 1545 4889 esse
1559 4852 1697 4906 urgemus,
1715 4837 1851 4892 rationem
1865 4838 1920 4895 sub

221 4914 393 4982 naturalem,
416 4912 589 4984 personalem
613 4921 641 4968 et
667 4914 908 4981 sacramentalem,
933 4913 963 4966 id
983 4915 1058 4986 quod
1083 4919 1248 4990 obsequium
1265 4916 1331 4972 fidei
1349 4919 1519 4988 captivamus
1539 4927 1567 4975 et
1585 4922 1613 4975 in
1628 4921 1729 4976 Christi
1746 4921 1921 4982 institutione

222 4999 276 5069 ipsi
301 5001 452 5056 adversarii
475 5006 614 5071 coguntur
640 5018 798 5073 agnoscere.
839 5001 884 5057 Sic
905 5002 977 5057 enim
994 5004 1058 5058 Bel·
1084 5006 1181 5059 humili
1201 5004 1358 5061 obedientia
1378 5005 1443 5060 fidei
1462 5007 1662 5079 acquiescimus
1682 5009 1813 5079 scientes,
1843 5013 1921 5084 quod

222 5085 356 5141 larminus
381 5088 410 5141 in
432 5087 483 5143 hoc
508 5089 568 5158 ipso
594 5089 685 5160 capite
703 5085 729 5164 ξ.
749 5090 797 5144 scd
816 5095 973 5161 antequam.
992 5090 1058 5144 scri·
1085 5091 1211 5147 Christus
1230 5090 1266 5145 sit
1285 5092 1345 5144 Dei
1360 5093 1503 5160 sapientia
1525 5101 1545 5148 1.
1564 5094 1626 5149 Cor.
1650 5101 1678 5164 l,
1704 5115 1729 5150 v.
1750 5102 1790 5152 24.
1829 5103 1868 5154 ts.
1890 5097 1922 5155 si

222 5170 278 5226 hit:
304 5173 376 5227 Sunt
393 5177 443 5243 qui
459 5175 628 5242 existimant,
651 5192 685 5228 cc
703 5176 792 5229 verbis
810 5192 913 5230 coenae
931 5176 1059 5244 Domini,
1085 5194 1117 5233 eo
1134 5178 1216 5233 modo
1233 5177 1261 5231 in
1280 5175 1362 5231 rebus
1382 5177 1482 5232 divinis
1501 5179 1597 5234 liceret
1613 5182 1750 5253 argutari,
1775 5200 1920 5254 possemus

223 5259 275 5314 lscc
306 5266 347 5312 est
376 5278 477 5330 corpus
506 5277 607 5326 meum,
639 5263 752 5332 colligi,
780 5264 830 5315 crib
858 5263 949 5333 specie
971 5263 1060 5332 panis
1084 5280 1117 5318 ex
1146 5262 1294 5334 hypothesi
1319 5264 1539 5336 advenariorum
1565 5265 1605 5320 its
1636 5268 1801 5337 procedere:
1833 5270 1920 5326 Panis

224 5363 283 5400 esse
301 5347 440 5415 intepram
462 5347 611 5402 Christum.
649 5349 757 5403 Dicunt
773 5350 859 5414 enirn,
877 5368 941 5403 uoce
961 5367 1060 5420 corpo·
1085 5350 1254 5404 convertitur
1277 5354 1327 5403 aut
1351 5350 1380 5404 in
1402 5367 1502 5419 eorpus
1522 5350 1629 5417 vivum,
1655 5354 1753 5409 autin
1771 5362 1920 5413 mortuum.

223 5434 265 5487 ris
284 5450 316 5487 co
335 5434 396 5487 loco
415 5435 576 5501 significari
592 5453 695 5506 corpus
717 5437 809 5488 visum
828 5438 1059 5506 etproinoleccr-
1084 5436 1148 5491 Non
1175 5435 1203 5488 in
1227 5442 1380 5501 mortuum,
1406 5451 1471 5490 uem
1494 5439 1526 5489 ut
1550 5437 1646 5492 scribit
1662 5438 1847 5497 Bellarminus
1865 5442 1921 5500 hcc

218 5537 276 5599 pus
294 5537 356 5576 cum
373 5520 469 5573 anima
489 5529 515 5574 ct
532 5523 678 5595 sanguine.
717 5521 881 5594 Sipnificari
895 5510 1146 5596 catomum-[loco
1170 5517 1197 5597 ξ.
1221 5522 1390 5578 secuudum:
1425 5523 1506 5576 Deus
1528 5541 1583 5578 non
1603 5525 1693 5592 facit,
1717 5544 1767 5582 nec
1786 5531 1922 5594 factum
