4004 6022
1415 179 1423 225 1

305 297 347 363 ,2
893 282 1395 345 noousvrousnsusnnnms

307 459 398 513 uqsue
416 459 478 496 oum
494 443 558 497 ciro
576 443 622 510 id,
650 443 727 510 66οά
743 447 804 494 erat
820 439 994 493 6166666666
1011 456 1128 494 commo·
1153 441 1231 498 illum
1251 442 1279 495 61
1305 439 1484 497 1666166616ιί6
1503 437 1587 507 hrq'ns
1603 451 1659 491 non
1675 434 1764 490 solum
1781 450 1884 505 panem
1901 435 1984 491 beno

306 529 410 598 61661,
424 529 554 584 6161611661
570 528 650 581 unire
677 526 773 591 fideles
791 543 853 580 oum
871 524 990 582 Christo.
1025 524 1129 580 Beller-
1154 527 1260 583 dictum
1277 528 1456 589 munducare,
1474 524 1523 579 sed
1540 529 1569 579 et
1584 539 1619 578 ex
1633 521 1779 578 benedicto
1795 521 1884 577 661166
1903 537 1983 592 opor-

305 613 396 670 minus
412 606 529 686 regerit,
548 614 580 667 id
597 611 809 682 16611196ιά66
826 627 894 677 esee,
911 630 968 666 eoo
986 614 1063 681 qaod
1074 627 1129 681 por
1153 619 1195 670 tet
1219 614 1321 671 bibere.
1369 619 1395 670 2.
1416 611 1495 676 Quod
1521 609 1613 665 Lucas
1638 609 1667 663 in
1691 607 1875 679 descriptione
1893 608 1982 678 partis

307 700 461 754 6616616666
480 700 735 768 iltomoquuecam
744 698 925 767 oinoreipeu
938 698 1129 767 666661666-
1153 700 1266 756 alterius
1290 699 1376 754 addat
1397 714 1492 753 rocem
1517 695 1644 756 ὡσαύιως
1666 694 1810 763 6116111666,
1834 693 1983 749 manifeste

299 786 368 853 puli
382 803 443 839 oum
457 784 574 853 Christo,
591 786 644 838 eod
660 791 766 838 tortum
783 786 880 854 qrsoud
891 785 1128 852 eiqoifiootioocm.
1154 787 1311 854 ostendens,
1339 785 1413 856 quod
1438 783 1562 839 Christus
1585 781 1649 854 peri
1669 781 1751 837 modo
1764 779 1881 851 jusserit
1899 780 1982 835 benc·

303 869 524 941 Respondemus:
554 887 604 925 our
637 886 703 942 ergo
731 868 823 926 Julius
851 869 975 942 pontifex
1010 887 1034 926 6,
1066 887 1128 925 666
1155 873 1259 928 dictum
1275 874 1370 927 vinum
1388 856 1493 935 hibere,
1510 871 1647 942 quomodo
1662 870 1786 940 jusserat
1802 866 1983 923 benedictum

304 973 383 1012 omne
400 957 511 1012 crimen
530 956 593 1012 dist.
613 961 637 1012 1,
658 956 699 1011 616
713 955 855 1027 loquitur?
874 958 986 1025 quoodo
998 956 1128 1011 16661166
1153 977 1253 1031 panem
1269 959 1444 1014 manducare.
1478 956 1749 1028 ⁰⁰¹Argumentemur
1768 954 1866 1036 igitur:
1893 952 1983 1018 Quae-

304 1059 379 1112 oquo
397 1043 461 1096 vieo
480 1043 624 1111 6161666666,
649 1049 714 1096 terto
728 1043 867 1113 poprdem
887 1041 996 1097 0661666
1011 1040 1128 1097 adseret
1153 1063 1262 1119 cunque
1286 1045 1461 1117 requiruntur
1488 1044 1525 1100 ad
1542 1049 1621 1100 actus
1640 1042 1757 1113 alicujus
1773 1040 1982 1109 continentiam,

304 1136 330 1181 ct
346 1129 517 1183 credentiam
538 1129 649 1199 plebem
667 1129 706 1196 61,
731 1130 760 1182 ie
780 1145 859 1198 queem
876 1129 978 1197 crodit,
998 1128 1128 1197 copulari
1152 1152 1209 1190 non
1225 1140 1340 1205 puerunt
1360 1132 1397 1187 ab
1414 1148 1447 1187 ee
1465 1131 1601 1202 separari,
1624 1129 1708 1184 etiam
1725 1127 1853 1183 humenis
1870 1126 1982 1199 legibus

303 1216 440 1284 etjnrrqi,
457 1214 524 1271 item
542 1214 676 1269 sisoium
694 1215 787 1268 ciuem
805 1216 1125 1285 offerotoreteorreeore·
1152 1218 1386 1293 applaudentibus
1412 1216 1461 1272 lib.
1493 1221 1535 1273 11,
1565 1222 1594 1271 et
1622 1221 1663 1272 18.
1695 1214 1725 1270 C.
1757 1214 1793 1271 66
1820 1217 1981 1273 testament.

301 1307 365 1370 tur,
389 1302 553 1371 6669161666
572 1299 678 1354 Christi
701 1302 843 1355 66666166
866 1301 945 1355 66616
963 1307 1015 1356 eto.
1047 1299 1125 1355 Haeo
1152 1307 1170 1363 l.
1195 1305 1309 1362 heredes
1341 1301 1369 1379 ξ.
1398 1302 1443 1359 fin.
1472 1302 1502 1358 ff.
1527 1302 1576 1374 qui
1603 1307 1665 1359 test.
1690 1300 1744 1358 iac.
1769 1305 1895 1372 6666666
1934 1298 1983 1355 Bi·

300 1392 374 1443 certe
397 1404 452 1442 non
475 1388 610 1444 denuda
635 1385 847 1458 significatione,
871 1386 971 1442 sedda
990 1387 1051 1458 ipsa
1067 1385 1124 1441 etii·
1152 1395 1218 1450 bere
1243 1392 1346 1454 Ohn‘sti
1371 1390 1532 1462 sangninem
1560 1388 1707 1460 requiritur
1734 1387 1770 1443 ad
1797 1404 1894 1445 sacrae
1921 1403 1982 1442 coe

300 1473 400 1528 6166616
422 1474 524 1531 disemo
540 1475 704 1546 loquuntur;
727 1473 799 1529 6666
816 1473 891 1544 quod
908 1479 1078 1530 6666666666
1095 1472 1124 1528 16
1152 1497 1205 1536 nro
1238 1477 1440 1536 continentiam.
1491 1475 1575 1547 Ergo.
1620 1473 1717 1544 Neque
1752 1473 1827 1530 enirn
1852 1472 1980 1529 Christus

299 1558 437 1630 efficiant,
465 1562 539 1633 quod
565 1560 736 1633 significant,
768 1576 830 1615 oum
856 1577 912 1615 non
937 1566 1044 1617 666666
1070 1560 1125 1616 6166
1152 1567 1222 1621 dixit
1250 1565 1432 1636 disjunctive:
1468 1563 1541 1617 661166
1562 1569 1611 1616 cot
1633 1561 1725 1629 616166,
1756 1560 1805 1615 sed
1836 1559 1981 1629 conjunxit

298 1646 483 1718 significative
501 1648 590 1720 signe,
608 1647 759 1705 66666166
776 1645 913 1716 61166666,
930 1653 962 1702 66
972 1653 1047 1704 recte
1057 1645 1124 1703 alibi
1152 1659 1244 1708 aetum
1267 1650 1380 1709 bibendi
1409 1667 1473 1705 oum
1498 1655 1562 1704 actu
1584 1646 1770 1705 manducandi
1787 1662 1837 1717 per
1855 1646 1979 1717 partiou-

319 1732 325 1743 ’
561 1734 567 1747 ’
1151 1739 1209 1794 166
1231 1744 1280 1794 καί
1303 1744 1331 1794 66
1353 1736 1514 1793 adverbium
1538 1733 1717 1794 6166166666
1757 1739 1781 1789 3,
1801 1733 1883 1799 Quod
1907 1732 1980 1787 Mat·

1151 1825 1249 1881 thaeus
1269 1825 1298 1880 in
1321 1823 1504 1896 descriptione
1525 1821 1611 1894 partis
1634 1819 1747 1879 alterius
1769 1819 1858 1874 addat
1895 1818 1978 1889 parti-

608 1944 813 1952 ---
1151 1912 1243 1967 cidem
1264 1911 1456 1967 universalem:
1482 1909 1563 1964 hibste
1583 1924 1616 1962 66
1638 1907 1691 1963 hoo
1714 1923 1820 1972 omres,
1844 1922 1901 1977 quo
1915 1905 1978 1976 ipso

1151 1998 1282 2054 mandato
1308 1997 1432 2054 Christus
1461 2012 1604 2053 occurrere
1627 1992 1717 2054 voluit
1742 1991 2002 2065 disputationibus*

566 2109 588 2170 0
606 2109 634 2169 Δ
650 2108 676 2169 P
692 2107 763 2169 Π
796 2107 855 2168 1¹·
1118 2142 1120 2147 ,
1152 2084 1187 2138 66
1212 2084 1425 2141 concomitantia
1447 2089 1477 2140 et
1492 2084 1580 2139 libero
1597 2082 1692 2139 caliois
1710 2098 1777 2146 666,
1802 2079 1884 2152 quasi
1901 2077 1978 2135 66116

1149 2177 1296 2243 praecepto
1313 2172 1405 2228 divino
1424 2171 1462 2226 ed
1478 2169 1717 2240 perticipationem
1736 2167 1808 2223 sacri
1824 2166 1922 2224 calicis
1933 2182 1977 2221 ac·

338 2246 405 2313 DE
444 2246 797 2316 COMMUNIONE
841 2244 937 2315 SUB
975 2245 1079 2314 UNA
1149 2258 1251 2313 cessuri
1271 2258 1308 2314 ad
1326 2257 1623 2315 coenamDominioam
1636 2255 1828 2327 inungamur.
1852 2260 1878 2311 t.
1893 2252 1976 2320 Quod

614 2349 808 2416 Spssoffl
1148 2342 1274 2400 Christus
1303 2361 1398 2400 sacrae
1428 2360 1530 2400 coenae
1555 2340 1756 2397 institutionem
1780 2339 1873 2396 verbis
1899 2339 1976 2396 bisce

1148 2438 1354 2503 προστακτιιιοῖς
1370 2431 1524 2487 concludit.
1541 2431 1604 2484 Hoc
1619 2428 1718 2495 facito,
1735 2426 1862 2498 quibua
1854 2445 1884 2482 tn
1901 2433 1976 2483 utra·

169 2525 249 2578 qne
328 2522 368 2573 81.
404 2516 597 2582 1166666666
630 2518 678 2575 An
708 2518 802 2573 vinum
830 2517 1005 2575 benedictum
1031 2517 1120 2573 61666·
1147 2533 1201 2588 que
1224 2521 1303 2587 parte
1324 2524 1436 2573 revocat
1456 2534 1506 2573 nos
1525 2515 1561 2572 ad
1578 2531 1657 2572 suem
1676 2514 1859 2578 voluntatem,
1884 2513 1977 2584 dispo

166 2579 222 2671 ἓξ,
215 2581 281 2670 Ἥ,
294 2602 434 2659 buendum
452 2604 489 2659 sit
504 2604 644 2669 omnibus,
672 2604 721 2675 qui
740 2604 769 2659 in
787 2621 866 2661 sacra
884 2621 969 2660 coena
986 2604 1020 2660 de
1037 2605 1120 2660 bene·
1146 2601 1272 2658 sitionem
1294 2619 1328 2660 66
1349 2602 1580 2659 ordinationem'
1572 2621 1601 2657 m
1622 2601 1715 2658 serbis
1733 2599 1913 2657 institutionis
1933 2617 1977 2656 ex·

167 2682 368 2745 101101111661666
387 2706 459 2761 pene
476 2689 662 2762 participent?
703 2689 845 2749 Sententia
862 2697 1017 2746 nostrarum
1034 2690 1119 2746 66616·
1147 2704 1280 2759 precam,
1311 2697 1343 2745 66
1371 2690 1400 2745 16
1431 2706 1498 2745 vera
1526 2689 1592 2745 tidei
1620 2687 1776 2745 obedientie
1805 2704 1862 2742 non
1886 2687 1977 2743 66166

165 2692 257 2825 1111116
259 2795 280 2825 m
293 2775 396 2830 riarum
419 2776 487 2831 haec
511 2782 566 2844 est,
589 2777 741 2848 legitimam
763 2793 866 2833 coenae
889 2777 1050 2834 Dominicae
1071 2777 1119 2834 ed·
1146 2773 1321 2831 benedictum
1345 2793 1445 2855 penem
1473 2776 1683 2841 manducemus,
1711 2775 1760 2832 666
1786 2774 1870 2831 etiem
1893 2774 1976 2831 bene·

165 2836 268 2928 imi,
220 2899 280 2929 0
222 2837 280 2876 ¹
270 2862 522 2919 ministrationem
547 2881 602 2920 non
619 2863 792 2920 comistere'
784 2881 814 2919 m
834 2863 893 2918 sola
908 2864 1119 2921 manducatione
1145 2859 1249 2915 dictum
1272 2862 1366 2917 61666
1391 2845 1533 2926 bibamus,
1557 2879 1620 2918 curn
1646 2862 1683 2917 sit
1707 2878 1778 2917 ausa
1796 2861 1933 2930 muqirter
1951 2869 1977 2916 et

164 2949 235 3032 333·
186 2943 278 2981 ⁰⁰¹¹⁰⁸⁰
293 2949 432 3005 benedicti
449 2951 537 3020 penis,
555 2968 606 3006 neo
625 2952 653 3005 in
673 2952 732 3007 sole
750 2950 885 3007 bibitione
904 2950 1080 3008 benedicti
1055 2950 1119 3020 runi,
1146 2947 1243 3002 doctor
1258 2956 1365 3019 noster,
1394 2946 1977 3017 Μ6661ι18,6.8,666666611666661ι66

292 3036 342 3091 sed
369 3044 516 3108 utrumque
543 3038 579 3093 ed
608 3038 772 3099 sacramenti
796 3037 982 3109 iutegritatem
1007 3037 1118 3108 requiri,
1145 3032 1298 3089 audiendus
1318 2990 1399 3092 uobis
1412 3034 1626 3105 commendatus,
1645 3032 1743 3092 616666.
1756 3040 1780 3100 3,
1801 3051 1826 3091 v.
1844 3040 1883 3091 li.
1899 3052 1976 3091 cum·

290 3129 349 3178 tum
374 3123 512 3180 benedicti
529 3125 609 3196 panis
626 3124 880 3188 manducationem,
903 3131 963 3179 tum
979 3123 1118 3181 benedicti
1145 3135 1198 3189 quc
1217 3120 1359 3192 proprium
1381 3121 1418 3176 sit
1434 3121 1525 3177 ovium
1545 3119 1646 3176 Christi
1663 3137 1760 3185 66666
1776 3120 1860 3193 huJus
1879 3127 1974 3192 pasto

289 3212 346 3264 vini
368 3210 543 3275 bibitionem,
569 3211 687 3283 ideoque
709 3229 764 3266 nou
790 3228 850 3267 6666
866 3211 951 3267 talem
970 3210 1117 3282 separatio·
1143 3204 1181 3259 ris
1209 3206 1252 3261 661
1276 3208 1389 3276 audire,
1423 3207 1487 3265 Joh.
1508 3214 1556 3277 16,
1587 3225 1612 3263 6.
1636 3213 1678 3265 11.
1715 3207 1919 3264 “Ambrosius
1946 3207 1977 3262 in

288 3296 541 3361 666166166666,
564 3314 620 3368 qua
643 3297 809 3370 quibusdam
829 3301 937 3365 tantum
956 3297 1117 3354 benedictus
1146 3298 1169 3348 1.
1186 3291 1247 3348 Cor.
1268 3300 1313 3350 lt:
1338 3295 1477 3365 Indiqees
1502 3303 1544 3350 eet
1561 3296 1699 3365 Domino,
1724 3294 1773 3365 qui
1798 3295 1883 3350 aliter
1904 3296 1977 3351 cela·

288 3382 369 3453 penis
395 3389 424 3438 et
449 3383 625 3440 benedictum
642 3383 737 3439 vinum
756 3383 852 3447 simul,
871 3384 1037 3455 quibmdnm
1053 3403 1117 3441 vero
1143 3380 1206 3433 brot
1224 3381 1274 3435 666
1292 3383 1460 3450 mysterium,
1477 3401 1562 3452 quom
1580 3383 1616 3437 ab
1634 3401 1668 3441 ιο
1680 3383 1816 3439 traditum
1829 3391 1879 3439 eet.
1909 3384 1976 3439 Non

287 3475 396 3523 tantum
418 3470 582 3525 benedictus
603 3470 684 3540 panis
710 3470 770 3526 sine
788 3470 888 3541 poculo
906 3470 1053 3528 benedicto
1072 3473 1117 3528 66·
1143 3466 1328 3536 6616160666*
1352 3471 1466 3524 (16661646
1483 3487 1556 3538 “⁸⁶2
1594 3471 1642 3540 6661
1664 3470 1750 3525 616166
1766 3472 1863 3540 mma,
1891 3489 1977 3542 666666

288 3560 347 3625 tur,
374 3556 404 3610 id
422 3557 496 3627 quod
514 3556 694 3627 sequentibus
712 3555 904 3612 confirmatum
921 3557 1018 3612 damus
1037 3576 1116 3631 argu-
1143 3554 1240 3608 datwn
1258 3562 1299 3609 661
1316 3555 1352 3609 ab
1368 3563 1489 3610 auctore.
1525 3550 1659 3613 claudus
1673 3555 1971 3630 (168616616666116116

287 3642 972 3714 666616666666616661666166686666616
990 3662 1012 3699 a
1030 3645 1117 3700 altere
1145 3644 1182 3695 to.
1204 3638 1409 3696 6666616666
1427 3648 1457 3697 1:
1480 3640 1670 3698 0666666666
1691 3644 1877 3715 adversariis,
1894 3647 1975 3715 qaod

286 3744 321 3782 ex
337 3729 493 3783 testimonio
510 3728 665 3798 primitivae
682 3728 829 3799 6661666166,
847 3730 931 3786 tertia
947 3731 1116 3801 exipsorum
1137 3726 1293 3795 postulent,
1311 3729 1346 3781 de
1363 3729 1504 3796 mysteriis
1523 3736 1549 3782 et
1564 3731 1746 3785 rememoratis
1767 3747 1799 3785 ec
1818 3748 1916 3788 eoram
1932 3735 1976 3790 irs·

160 3815 262 3857 mm·-
287 3814 506 3870 adversariorum
522 3815 693 3871 confessione
713 3815 893 3885 deprometur.
942 3814 1018 3872 Inter
1034 3835 1115 3890 argu·
1141 3813 1284 3868 stitutione
1303 3815 1404 3883 optime
1422 3815 1536 3870 61666661
1551 3832 1585 3868 ιο
1605 3816 1771 3882 6666661666

159 3872 254 3961 66666
256 3921 273 3960 u
286 3908 380 3956 mente
397 3918 431 3955 ex
449 3899 595 3970 Scripturis
611 3900 700 3971 petita
716 3899 850 3955 familiam
879 3901 957 3957 ducit
994 3908 1017 3959 1.
1036 3901 1114 3958 Chri·
1176 3906 1217 3956 31.
1240 3899 1302 3957 Ηοο
1324 3909 1516 3973 argumentum
1534 3919 1597 3958 cum
1611 3901 1742 3973 jugulam
1762 3919 1865 3961 666666
1883 3910 1973 3975 potat,
1996 3930 2002 3943 ³

159 3971 272 4064 Jd¹J¹J?⁰¹⁰
286 3987 323 4041 sti
345 3987 490 4042 institutio.
531 3985 612 4050 Quod
633 3985 759 4041 Christus
785 4002 866 4042 verus
891 3987 969 4044 Deus
988 3990 1114 4045 ethome
1140 3985 1203 4042 ideo
1234 3988 1323 4044 varies
1357 3989 1602 4045 comminiscuntur
1636 3987 1821 4060 6669116666-
1865 3989 1975 4057 Bellat-
1995 3973 1999 4044 f

160 4074 235 4122 661666
286 4071 315 4127 16
333 4090 428 4129 sacrae
444 4088 547 4127 coenae
563 4071 735 4128 institutione
749 4073 907 4144 conjunxit,
931 4075 961 4129 id
980 4075 1048 4131 66111
1066 4075 1113 4131 ho·
1141 4073 1231 4128 minus
1248 4074 1296 4130 lib.
1314 4082 1337 4131 1.
1357 4076 1392 4131 66
1410 4076 1520 4132 eueher.
1540 4094 1565 4132 o.
1583 4081 1625 4133 11.
1637 4092 1710 4146 resp.
1721 4075 1862 4134 adlocum
1873 4096 1975 4137 secun·
1993 4088 2002 4148 j,

286 4159 390 4213 minum
413 4175 540 4229 separare
563 4157 641 4226 licet,
663 4157 761 4215 Matth.
789 4164 835 4229 19,
861 4178 888 4216 6.
909 4166 933 4216 6.
965 4161 1031 4217 Jam
1049 4179 1112 4219 vero
1140 4159 1206 4215 dum
1230 4161 1341 4233 excipit,
1368 4162 1437 4217 hoec
1457 4165 1544 4227 ¹corbo
1570 4163 1630 4216 dici
1655 4162 1725 4217 66116
1742 4164 1899 4233 apostolis,
1923 4168 1977 4237 qai

284 4244 410 4300 Christus
432 4261 539 4299 sacram
560 4260 675 4300 coenam
698 4261 731 4299 eo
751 4245 834 4300 modo
851 4245 986 4318 instituit,
1007 4255 1112 4307 utnon
1138 4254 1197 4302 tem
1219 4250 1261 4302 od
1284 4266 1407 4304 6666666
1431 4267 1493 4304 ceos
1511 4247 1622 4305 Christo
1647 4251 1795 4319 66166666,
1820 4268 1871 4307 occ
1887 4271 1976 4322 posse

283 4330 374 4386 solum
392 4331 420 4384 in
438 4347 472 4385 ea
489 4329 649 4386 benedictus
668 4330 748 4401 penis
767 4336 796 4387 et
812 4332 951 4388 mediante
963 4349 995 4389 6ο
1012 4351 1112 4407 corpus
1140 4335 1247 4401 referri
1270 4337 1311 4388 cd
1337 4352 1430 4389 omnes
1456 4335 1568 4390 omniuo
1586 4335 1724 4405 homines,
1748 4344 1798 4393 out
1817 4340 1859 4393 od
1876 4357 1975 4397 emm

285 4416 374 4486 ipsius
390 4416 588 4486 manducetur,
612 4416 663 4472 666
681 4417 765 4473 66166
782 4417 958 4475 benedictum
975 4420 1069 4477 vinum
1085 4427 1114 4478 ot
1141 4420 1324 4491 Christianos,
1342 4429 1392 4475 666
1407 4423 1448 4474 ad
1466 4437 1558 4474 οονιιιι
1575 4421 1673 4486 fidelos
1693 4423 1814 4480 6661666,
1843 4423 1973 4498 Respon-

285 4503 423 4558 medianto
441 4518 474 4558 6ο
491 4503 705 4574 666861ιί6666
716 4503 837 4574 bibatur,
856 4505 959 4564 Matth.
972 4512 1055 4577 16,·6.
1068 4514 1111 4566 16.
1139 4508 1236 4563 demus
1260 4515 1282 4564 1.
1307 4507 1428 4562 11661666
1452 4506 1483 4562 16
1505 4507 1898 4567 secessissentque
1920 4514 1972 4570 Sa·

284 4595 326 4646 18.
343 4589 429 4643 hiero.
453 4595 497 4655 14,
515 4594 601 4646 611.
621 4594 722 4649 1611.
743 4590 811 4647 Luc
832 4597 878 4657 11,
895 4611 920 4647 6.
942 4599 981 4650 19.
999 4599 1042 4652 to.
1061 4596 1112 4651 sio-
1138 4612 1199 4649 ron.
1225 4594 1321 4662 refert,
1346 4594 1420 4665 quod
1442 4593 1628 4664 pientissimus
1647 4594 1694 4650 ills
1712 4594 1814 4652 elector
1833 4598 1866 4659 in
1882 4601 1968 4657 corui-

286 4692 341 4747 que
365 4674 606 4731 manducationem
632 4676 773 4732 benedioti
792 4678 873 4748 penis
896 4686 924 4734 66
949 4678 1111 4736 bibitionem
1137 4679 1183 4735 tiis
1200 4679 1374 4752 Augustenis
1392 4681 1593 4738 6666153616
1610 4680 1776 4754 colloquium
1793 4700 1859 4739 cum
1871 4685 1972 4743 Ponti·

282 4760 422 4818 benedioti
451 4760 544 4815 caliois
574 4763 724 4832 conjunxit.
770 4762 845 4836 Ergo
873 4764 942 4820 nulli
967 4765 1109 4822 homiuum
1137 4765 1206 4820 ficiis
1237 4766 1376 4821 nonnullis
1406 4766 1442 4822 de
1473 4783 1560 4822 coena
1583 4767 1697 4824 Domini
1724 4769 1846 4840 venerit,
1875 4779 1973 4831 utrum

282 4848 576 4919 buecsepererelicet.
608 4848 784 4922 Circequam
797 4851 997 4908 institutionem
1009 4852 1110 4910 Christi
1137 4852 1224 4907 altera
1248 4858 1357 4907 tautum
1379 4871 1460 4923 pars,
1489 4871 1526 4908 en
1548 4861 1667 4924 utraque
1692 4854 1771 4911 luicis
1797 4863 1871 4914 esset
1894 4861 1973 4918 exhi·

282 4934 368 5006 probe
389 4935 556 4990 notandum:
590 4941 613 4992 1.
637 4936 712 5007 quod
738 4936 767 4990 in
789 4938 1002 4994 manducatione
1019 4959 1109 4996 sacra·
1138 4938 1250 4993 benda?
1283 4937 1424 4994 Pontificii
1455 4957 1505 5010 pro
1535 4939 1697 4997 defensione
1727 4959 1794 4999 suae
1821 4943 1971 5016 opinionis,

282 5019 393 5077 mentali
415 5026 616 5085 connectuntur
636 5020 720 5119 penis
745 5030 773 5077 et
790 5039 891 5095 corpus
913 5024 1028 5093 Christi,
1054 5046 1110 5084 non
1136 5043 1193 5096 qua
1210 5042 1294 5080 unam
1312 5025 1400 5081 solum
1418 5033 1525 5098 partem
1545 5026 1623 5082 161616
1642 5028 1847 5101 porrigendam,
1867 5039 1973 5093 utram

281 5116 372 5163 eutem
393 5108 474 5178 penis
497 5114 525 5163 et
544 5108 658 5180 sanguis
673 5107 824 5178 Christi,'
817 5127 846 5164 ιι
865 5110 1000 5169 bibitione
1019 5131 1109 5170 sacra·
1136 5128 1190 5182 que
1213 5128 1278 5166 vero
1296 5112 1361 5166 66116
1379 5113 1568 5170 sacerdotibus
1581 5112 1736 5171 institutam
1755 5133 1815 5174 6666
1833 5124 1975 5194 statuunt,

281 5192 392 5249 mentali
415 5200 615 5250 connectuntur
632 5194 726 5250 61666
746 5201 773 5250 66
790 5197 922 5266 sanguis,
944 5215 1001 5253 non
1017 5204 1109 5256 autem
1136 5197 1223 5252 multa
1247 5197 1401 5254 efferebant
1426 5206 1510 5270 atque
1536 5200 1607 5254 inter
1632 5200 1794 5259 6116661661
1810 5206 1900 5264 verba
1918 5209 1978 5269 iste

281 5280 372 5336 vinum
396 5286 424 5336 et
450 5297 550 5351 corpus
578 5280 695 5349 Christi,
730 5280 804 5335 unde
832 5283 972 5353 apostolus
1000 5291 1022 5340 1,
1047 5285 1108 5341 Cor.
1134 5283 1323 5350 institutionis,
1342 5286 1424 5340 116166
1441 5286 1647 5357 eshoeomeae,
1666 5287 1789 5346 insuam
1798 5292 1912 5352 trahere
1925 5312 1974 5355 vo-

284 5373 322 5435 16,
337 5384 364 5420 6.
383 5372 424 5422 16.
444 5385 546 5436 paoem
565 5374 646 5422 vocet
664 5372 812 5422 κοινωνίαν
828 5371 971 5440 corporis,
992 5372 1107 5426 6611666
1134 5370 1229 5426 lebant
1245 5372 1410 5428 sententiam
1427 5370 1633 5440 contendentes,
1648 5390 1745 5431 vocem
1762 5396 1857 5435 666666
1868 5388 1977 5442 notare

280 5461 360 5508 vocat
390 5459 539 5509 κοινωνίαν
568 5454 731 5522 sanquine.
773 5453 905 5526 Quisquis
934 5454 1021 5528 igitur
1046 5474 1107 5512 san-
1133 5457 1301 5527 sacerdotes,
1327 5476 1383 5513 non
1408 5458 1508 5528 laicos;
1541 5460 1727 5531 respondebat
1760 5464 1977 5531 illustrissimus

279 5538 370 5610 gumi·
395 5537 497 5595 Christi
525 5539 752 5597 sacramentdem
779 5549 929 5599 κοινωνίαν
956 5540 1104 5615 desideret,
1130 5544 1421 5627 princepasiquidem
1438 5547 1556 5603 vorarit
1574 5549 1720 5618 66666666,
1740 5568 1856 5610 noemae
1870 5564 1924 5626 eat,
1939 5561 1978 5617 ut
