4004 6022
88 1591 147 1642 Qald

86 1646 129 1682 stst

87 1693 139 1733 dnm
155 1694 183 1732 ds

86 1754 160 1786 ssssr·

88 1799 179 1836 vnuone

88 1849 172 1887 sueha-
194 1868 197 1875 ·

87 1899 166 1939 ristiss

88 1956 178 2001 propter

88 2011 190 2041 sommu-

88 2054 181 2092 nlcnem

88 2110 193 2152 semoto·

87 2164 144 2197 mn·

114 2620 142 2664 Χ.
155 2621 201 2664 ili.

215 218 272 297 ιιι
801 208 1305 272 nocusvrcnsruusranrus

211 387 276 427 vero
298 369 463 425 sacramenti
486 369 637 425 marratio
660 368 772 425 minime
788 368 928 439 probatur.
968 366 1039 423 Cum
1065 366 1177 422 unicum
1197 364 1355 436 Serapionis
1372 364 1527 437 exemplum
1544 363 1620 433 apud
1632 362 1785 420 Eusebium
1803 360 1850 420 lib.

211 454 284 510 enim
313 456 343 511 in
372 453 512 527 primitiva
541 454 657 510 ecclesia
686 455 849 526 plerumque
879 454 1041 526 quotidiana
1066 468 1089 507 c.
1109 454 1150 507 43.
1169 451 1198 505 in
1216 467 1284 505 vera
1298 456 1326 506 et
1344 449 1430 506 reteri
1447 449 1612 521 antiquitate
1627 450 1754 517 occurrit,
1771 449 1853 505 ibisn

210 540 352 598 celebrata
373 540 458 596 fuerit
481 540 648 605 communio,
677 547 709 596 ut
733 557 766 595 ex
787 540 902 596 historia
920 540 1040 612 antiqui·
1065 553 1098 591 ex
1121 536 1239 607 epistola
1265 535 1395 607 Dionysii
1418 536 1600 592 Alexandrini
1625 536 1662 590 ad
1686 534 1806 591 Fabium
1824 552 1853 592 co

210 626 277 681 tatis
304 634 401 682 notum
429 632 486 697 est,
513 625 577 681 ideo
602 631 716 697 propter
741 626 940 697 poenitentium
968 643 1040 680 com·
1065 630 1245 689 memoratur,
1272 626 1349 694 qrsoci
1366 623 1505 693 Serapion
1523 624 1552 677 in
1570 624 1698 677 eatrcmir
1716 638 1803 690 opens
1817 622 1853 676 mi

212 713 369 769 munionem
394 714 531 784 privatam
555 713 633 769 nulla
658 731 728 784 opus
756 714 851 769 divina
877 712 1040 769 iuramenti
1065 711 1104 764 rit
1124 726 1244 780 puerum
1269 712 1312 764 ad
1328 710 1534 781 presbyterum,
1560 716 1591 764 ut
1610 711 1650 763 ad
1667 709 1819 763 reveniret
1835 726 1853 763 e

212 800 405 856 animatione.
436 800 549 868 Nepari
566 818 622 855 non
636 807 726 870 potest
736 798 845 869 (scribit
855 799 1040 858 Bellarminus
1065 805 1239 851 sumomonte
1264 797 1459 852 eucharistiae.
1503 796 1700 864 Presbyterum
1721 802 1853 849 emersu

212 884 272 943 libr.
295 891 318 941 2.
346 887 380 942 de
404 887 488 941 missa
512 903 535 941 c.
560 890 610 956 9.),
638 887 705 956 quin
723 887 791 941 olim
806 887 926 954 sinpuiis
944 886 1041 940 diebus
1058 884 1141 952 forte
1164 891 1353 954 aeprotantem
1376 902 1432 937 non
1448 884 1575 953 potuisse
1593 883 1740 953 iyrsummet
1757 883 1853 937 accede

211 973 242 1026 in
265 973 360 1026 multr'r
383 973 454 1027 laceb
480 973 582 1027 missae
607 973 828 1037 celebrarentur,
857 974 890 1026 id
912 973 988 1043 quod
1009 988 1042 1025 ee
1066 971 1119 1024 sed
1134 969 1243 1025 mamre
1260 970 1455 1025 mecham'rts'am
1470 987 1525 1039 per
1538 987 1660 1040 puerum
1679 968 1853 1040 Serapium<

212 1059 368 1128 Aupusts'no
392 1061 482 1130 epist·
500 1062 546 1116 23.
589 1060 761 1127 Hieronymo
785 1059 816 1113 in
840 1077 864 1115 c.
883 1063 906 1114 1.
930 1061 970 1113 ad
995 1057 1042 1112 Ti·
1064 1058 1225 1123 ferendam.
1270 1056 1324 1115 Sed
1354 1056 1408 1112 hoc
1424 1057 1581 1129 exemplum
1607 1074 1662 1113 non
1687 1061 1730 1112 est
1747 1053 1853 1111 vetusti

212 1155 268 1199 tum
292 1144 487 1215 chrysostomo
511 1146 605 1201 homi.
623 1150 650 1200 3.
674 1148 716 1200 ad
735 1146 836 1215 Dphes
857 1146 960 1199 ibidem
974 1163 1042 1215 pre·
1067 1161 1157 1216 mum,
1182 1143 1287 1199 iactum
1312 1143 1385 1198 enim
1404 1149 1447 1199 est
1462 1150 1585 1215 tempore
1603 1141 1753 1198 Novatiani
1770 1140 1853 1197 schisr

212 1233 267 1288 bat.
304 1232 454 1303 Insigniter
485 1236 577 1288 autem
606 1232 712 1287 fallitur
740 1231 937 1299 Bellarminns,
967 1229 1042 1302 quod
1068 1230 1112 1286 tis.
1157 1228 1217 1285 Nec
1246 1229 1300 1284 fuit
1321 1229 1471 1286 reservatio
1497 1229 1547 1285 illa
1568 1229 1740 1285 consuetudo
1764 1226 1853 1301 quaed

213 1318 322 1388 scribit,
345 1335 395 1373 nos
411 1316 548 1390 privatam
565 1323 740 1391 aegrotorum
759 1318 977 1374 communionem
994 1318 1042 1371 im·
1068 1314 1229 1371 universalis
1249 1322 1278 1371 et
1296 1322 1438 1387 perpetua,
1455 1315 1528 1372 sicum
1544 1316 1627 1372 etiam
1639 1332 1672 1372 ea
1683 1331 1741 1370 non
1755 1314 1811 1370 fuit
1823 1330 1853 1387 op

214 1404 346 1476 probare,
363 1404 455 1476 praxis
475 1404 548 1460 enim
567 1403 746 1460 ecclesiarum
762 1411 918 1460 normarum
936 1410 1043 1459 conns·
1069 1418 1132 1457 cum
1147 1401 1271 1474 quotidie
1287 1401 1341 1456 illis
1358 1402 1527 1473 temporibus
1538 1402 1726 1459 celebraretur
1736 1418 1853 1457 commus

213 1491 285 1546 rium
308 1491 485 1548 demonstrat.
1069 1505 1120 1545 nec
1145 1489 1233 1544 solum
1259 1496 1324 1545 ante
1349 1489 1506 1554 meridiem,
1536 1488 1585 1545 sed
1607 1488 1692 1544 etism
1712 1488 1788 1543 circs
1804 1487 1853 1544 bor

252 1582 308 1634 198.
344 1576 473 1633 Ceterum
496 1594 560 1632 cum
582 1594 633 1649 pro
658 1577 834 1633 defendenda
860 1577 1044 1634 asservatione
1068 1573 1178 1628 tertiam
1204 1578 1233 1630 et
1260 1591 1361 1631 nonam
1379 1575 1417 1631 sd
1435 1590 1591 1647 vesperem,
1618 1573 1769 1645 praecipue
1786 1572 1853 1631 ins

132 1653 186 1680 ‘¹⁶¹¹'
215 1663 382 1718 ssommenti
411 1663 583 1735 potissimum
612 1668 765 1736 urgeantur
793 1664 919 1734 exempla
943 1663 1043 1718 veteris
1070 1661 1141 1716 batis
1158 1660 1283 1718 Paschae
1300 1669 1329 1717 et
1344 1661 1531 1731 Pentecostes,
1551 1665 1584 1716 ut
1599 1660 1757 1716 Cassander
1775 1677 1809 1716 ex
1827 1674 1853 1714 ve

217 1749 362 1819 ecclesiae,
390 1749 419 1804 in
436 1766 493 1821 qua
510 1766 561 1820 pro
579 1749 699 1820 aegrotis
718 1755 859 1804 usuratu
874 1748 928 1804 fuit
945 1748 1044 1805 aucha·
1070 1747 1146 1803 ribus
1163 1748 1270 1820 probat.
1308 1756 1332 1805 4.
1350 1746 1458 1805 Causae
1476 1747 1682 1814 reservmmnis,
1708 1762 1780 1818 quas
1796 1750 1853 1802 retr

217 1834 307 1904 nafis,
336 1835 399 1890 ideo
422 1852 564 1890 monemus
589 1824 741 1889 hocloco:
765 1840 794 1891 ⁷1.
813 1833 972 1890 Pontificius
989 1852 1044 1889 non
1069 1833 1233 1904 habuerunt,
1252 1834 1334 1890 hodie
1353 1842 1507 1898 curarunt,
1527 1833 1666 1905 quinimo
1685 1849 1786 1905 paves
1799 1831 1853 1887 ahu

217 1919 293 1974 illam
321 1920 491 1976 solummodo
527 1919 735 1991 repositionem,
770 1936 841 1992 quae
871 1919 903 1975 fit
934 1926 1046 1990 propter
1070 1920 1168 1977 iisdem
1193 1926 1396 1990 sncoemerunt,
1427 1937 1494 1992 ergo
1520 1928 1551 1976 ut
1576 1919 1686 1991 privata
1706 1918 1853 1975 reservatis

217 2006 434 2063 communionem
457 2011 646 2079 aegrotorum,
671 2007 719 2063 scd
741 2023 848 2062 ornnem
875 2006 985 2061 omnino
1004 2023 1045 2061 rc·
1071 2007 1210 2063 veteribus
1234 2007 1288 2063 fuit
1309 2007 1457 2079 abrogata,
1482 2007 1522 2062 ita
1546 2021 1655 2078 quoque
1677 2005 1798 2079 publica
1814 2012 1845 2060 ct

217 2091 395 2162 positionem,
434 2109 505 2164 qnae
536 2091 570 2146 fit
603 2098 717 2164 propter
751 2091 1045 2164 circumgestaticnem,
1072 2093 1227 2149 olesiastica
1247 2093 1297 2149 illa
1313 2092 1463 2149 reservatio
1482 2107 1591 2147 cessare
1610 2090 1739 2161 deberet,
1767 2106 1853 2162 cunr]

217 2178 442 2249 ostentationem,
473 2178 678 2234 venerationem
706 2183 757 2233 etc.
785 2195 952 2251 quamquam
969 2178 1046 2234 nulla
1072 2187 1137 2235 vata
1162 2179 1212 2235 illa
1240 2179 1390 2235 reservatio
1416 2185 1444 2234 et
1467 2177 1605 2249 antiquior
1627 2176 1663 2232 sit
1687 2182 1715 2232 et
1732 2177 1818 2246 plura
1833 2192 1853 2232 a

216 2265 342 2336 sequitur
360 2265 552 2330 manducatio,
572 2270 668 2321 contm
685 2282 735 2320 nos
752 2281 937 2337 propugnare,
955 2283 972 2320 a
991 2282 1045 2337 qua
1071 2265 1184 2337 quitatis
1202 2266 1328 2336 exempla
1343 2264 1446 2320 babeat
1462 2268 1546 2336 atque
1566 2262 1648 2317 latius
1663 2268 1800 2333 usurpata
1810 2262 1853 2318 iar

215 2351 364 2407 reservatio
393 2368 443 2423 pro
474 2351 664 2406 communione
695 2356 870 2423 aegrotorum
902 2351 930 2405 in
960 2350 1045 2406 veteri
1072 2357 1095 2405 5.
1122 2351 1249 2423 Utraque
1275 2350 1340 2408 olim
1367 2350 1473 2422 species
1505 2349 1541 2404 ad
1567 2354 1695 2419 aegrotos
1722 2354 1751 2403 et
1773 2348 1853 2405 sbser

215 2436 333 2492 seoloeia
356 2437 459 2492 usitata
482 2442 540 2492 toto
564 2437 641 2493 coelo
664 2437 757 2495 distm.
794 2436 841 2493 Sic
858 2437 931 2493 enim
949 2437 1046 2493 scribit
1071 2437 1124 2493 fuit
1157 2438 1261 2508 delata,
1290 2444 1322 2494 ut
1353 2456 1386 2494 ex
1411 2437 1523 2493 Justino
1550 2435 1623 2506 spol.
1648 2441 1671 2490 2.
1693 2441 1721 2490 et
1736 2452 1773 2490 ex
1790 2434 1853 2491 hist

215 2522 397 2578 Bellarminus
426 2522 475 2579 lib.
508 2529 533 2578 t.
560 2522 594 2577 de
625 2523 792 2579 eucharistia
820 2541 843 2579 c.
873 2529 897 2579 2.
920 2523 949 2578 in
976 2522 1044 2578 fine:
1072 2524 1231 2596 Serapionis
1252 2525 1328 2596 apud
1350 2524 1453 2580 Euseb.
1476 2522 1524 2578 lib.
1547 2528 1571 2578 s.
1590 2538 1611 2577 c.
1630 2527 1671 2578 43.
1692 2521 1841 2578 manifesto

217 2610 251 2663 Si
270 2610 446 2679 patefaciat
470 2611 577 2679 sedem,
607 2612 687 2680 cujus
710 2612 833 2664 sedendo
855 2619 994 2677 astacus,
1020 2617 1046 2664 et
1071 2619 1157 2683 paret.
1205 2612 1330 2684 Utraque
1353 2609 1459 2682 species
1484 2608 1539 2665 fuit
1566 2608 1595 2663 in
1614 2608 1737 2679 privatas
1755 2608 1842 2664 sedes

214 2703 308 2750 tamen
329 2711 408 2749 nense
428 2713 549 2765 unquam
568 2695 609 2748 ibi
624 2698 735 2760 sedeat,
754 2715 810 2750 non
824 2705 979 2767 propterea
998 2699 1045 2750 de·
1071 2704 1194 2769 portata,
1219 2704 1252 2753 ut
1274 2714 1307 2754 ex
1323 2697 1439 2752 historia
1458 2695 1590 2766 Exuperii
1608 2695 1683 2766 apud
1701 2693 1853 2766 Hieronymi

215 2781 283 2835 cinit
306 2796 365 2835 esse
386 2782 466 2835 redes
496 2786 548 2839 etc.
585 2782 627 2834 sic
658 2782 743 2835 etiam
769 2791 977 2837 samosanctum
1000 2800 1044 2836 sa·
1070 2785 1099 2839 in
1129 2786 1209 2857 epist.
1237 2785 1272 2839 ad
1294 2782 1386 2840 Rufin.
1412 2789 1440 2838 et
1465 2800 1498 2838 ex
1516 2781 1701 2838 ¹Humanarum
1725 2781 1756 2835 in
1780 2782 1853 2837 orati

215 2875 386 2921 crementum
403 2886 459 2922 non
478 2867 581 2922 desinit
592 2885 651 2923 esse
663 2877 873 2937 armamentum,
891 2870 955 2924 licet
968 2887 1045 2924 nemo
1071 2872 1106 2926 de
1126 2871 1223 2926 funere
1235 2869 1394 2942 Gorgonius
1412 2874 1537 2941 apparet.
1572 2868 1657 2939 Apud
1677 2866 1853 2937 chrysostom

215 2953 267 3006 ilio
284 2960 383 3007 utatur
400 2955 440 3007 ad
457 2954 497 3017 id,
518 2955 559 3007 ad
575 2955 652 3023 qrsod
668 2962 708 3008 est
724 2955 886 3011 institutum.
924 2955 961 3009 Et
977 2973 1000 3010 c.
1021 2963 1043 3010 5.
1070 2958 1100 3012 in
1116 2957 1196 3028 epist.
1219 2963 1241 3013 1.
1267 2957 1303 3012 ad
1320 2956 1514 3012 merentum
1531 2954 1586 3009 init
1604 2954 1633 3008 in
1650 2953 1772 3008 sacrario
1789 2970 1853 3027 sanp

214 3040 244 3094 in
279 3038 349 3094 fine:
398 3039 560 3094 Primarias
591 3041 657 3105 finis
688 3043 822 3096 emeandi
849 3043 1046 3097 eucharistiam
1071 3042 1173 3101 Christi
1201 3060 1220 3098 s
1250 3042 1384 3097 militibus
1412 3041 1525 3098 effusus.
1571 3038 1627 3096 Sed
1650 3038 1793 3095 Pontificii
1819 3058 1853 3095 an

215 3143 322 3197 semper
342 3127 401 3191 fust
425 3134 452 3181 et
470 3135 510 3181 est
529 3128 723 3197 manducatio,
756 3136 884 3183 semotus·
907 3131 980 3184 enim
994 3148 1045 3200 po·
1070 3134 1179 3185 tantum
1202 3129 1282 3201 panis
1305 3129 1424 3200 speeiem
1448 3134 1585 3199 reponunt
1610 3131 1637 3182 et
1655 3126 1691 3181 ad
1708 3133 1840 3199 aegrotos

215 3212 352 3266 tissirmm
376 3214 410 3267 ob
441 3213 572 3268 uiaticum
597 3214 788 3283 infirmorum,
816 3216 928 3270 interim
954 3224 1045 3270 autem
1070 3217 1171 3274 ferant.
1214 3222 1239 3272 t.
1258 3216 1392 3273 Veterum
1415 3214 1564 3271 reservatio
1582 3218 1610 3270 et
1627 3213 1785 3284 deportatio
1805 3212 1843 3269 ad

214 3300 281 3354 dum
301 3317 358 3354 non
379 3301 567 3370 ocnnmsdur,
592 3299 665 3355 nilsil
681 3301 812 3370 probibet
832 3318 940 3356 sumere
962 3318 995 3356 ea
1014 3319 1045 3358 co
1071 3309 1164 3376 grotos
1187 3303 1246 3359 sine
1268 3301 1328 3358 ulla
1350 3299 1544 3372 superstitione
1562 3305 1590 3355 et
1607 3298 1740 3369 peculiari
1759 3298 1840 3354 cultu

215 3386 291 3440 airas
307 3387 451 3441 utilitates.
486 3385 525 3440 Et
540 3390 649 3457 postes:
675 3388 724 3440 Ad
739 3388 934 3458 pacationem,
952 3398 1045 3443 utrum
1071 3399 1115 3447 tra
1133 3407 1213 3446 usum
1231 3395 1365 3461 usurpata
1384 3387 1451 3457 luit,
1476 3386 1542 3459 quia
1559 3386 1704 3457 presbyter
1721 3385 1799 3456 apud
1817 3384 1853 3441 Er

216 3481 294 3527 ectra
315 3491 396 3529 usum
421 3475 647 3528 manducationis
673 3475 859 3530 eucham'suae
890 3478 926 3530 sit
950 3494 1046 3530 sacra·
1070 3477 1148 3532 bium
1173 3476 1233 3532 loco
1259 3475 1335 3531 dicto
1360 3477 1409 3531 dat
1431 3491 1518 3546 puero
1544 3473 1738 3528 eucharistiam
1758 3472 1853 3545 Serapi

215 3567 334 3612 mentum
352 3567 378 3614 et
395 3577 497 3629 corpus
517 3560 642 3628 Domini,
660 3561 833 3630 inpertinens
851 3570 902 3631 est,
918 3562 948 3615 in
966 3579 1045 3632 quem
1071 3563 1256 3620 deserendam
1309 3560 1464 3633 Exuperius
1499 3559 1574 3630 apud
1604 3558 1806 3630 Hieronymum
1842 3559 1852 3614 l

214 3660 293 3698 usum
317 3646 368 3700 hoc
386 3653 590 3700 remanentem
608 3654 793 3701 commeatur.
827 3652 851 3704 2.
869 3647 997 3703 Jnsbnus
1018 3654 1046 3704 et
1071 3648 1145 3705 dicto
1165 3666 1266 3721 corpus
1279 3648 1392 3705 Domini
1406 3647 1435 3702 in
1452 3645 1572 3703 canismo
1587 3644 1719 3715 vimineo,
1738 3645 1853 3718 sangnis

215 3730 347 3785 Irenaeus
370 3735 521 3800 testantur,
546 3729 739 3786 euchadstiam
767 3733 900 3788 incocta
918 3734 1045 3790 ecclesia-
1069 3741 1163 3807 portat
1183 3736 1213 3791 in
1236 3736 1321 3800 vitr03
1347 3734 1464 3807 Satyrus
1489 3732 1565 3805 apud
1588 3731 1766 3787 Ambrosium
1786 3732 1815 3787 in
1833 3748 1853 3788 o:

215 3815 284 3871 stica
311 3816 486 3872 benedictam
515 3816 608 3872 statim
636 3834 670 3872 ex
698 3818 747 3874 illo
771 3820 806 3874 ad
827 3820 1044 3876 communionem
1071 3823 1105 3878 de
1133 3822 1211 3879 obitu
1234 3821 1328 3894 Satyri
1352 3819 1517 3892 particulam
1544 3818 1726 3875 eucharistiae
1747 3818 1838 3874 osuio

216 3905 383 3973 absentium,
408 3907 583 3976 aegrotorum
601 3903 708 3960 scilicet
725 3909 754 3960 et
771 3907 986 3977 peregrinorum,
1001 3907 1044 3961 fu·
1069 3907 1191 3965 solutam
1219 3924 1237 3963 a
1266 3906 1397 3963 fidelibus
1423 3907 1452 3961 in
1479 3905 1601 3975 periculo
1626 3904 1765 3976 naufragii
1792 3904 1852 3961 acci

214 3991 269 4047 isse
288 3990 422 4055 delatam
441 3990 564 4062 sicergo
583 3989 655 4045 inter
672 3992 907 4048 consecrationem
925 4000 953 4048 et
972 4010 1044 4049 com·
1069 3994 1126 4052 Sed
1148 3993 1223 4066 apud
1246 3992 1407 4049 Pontificius
1428 3990 1606 4047 Innocentius
1632 3989 1683 4047 111.
1702 3991 1808 4062 primus
1823 4008 1852 4046 m

215 4077 371 4132 munionem
396 4081 571 4148 aegrotorum
594 4092 648 4131 non
673 4077 827 4134 intercessit
846 4096 923 4135 mora
941 4085 1044 4150 tempo·
1069 4081 1159 4147 davit,
1185 4086 1218 4136 ut
1236 4079 1403 4137 eucharistia
1422 4078 1451 4134 in
1469 4078 1586 4134 ecclesia
1603 4077 1656 4133 sub
1673 4078 1800 4134 cusmdia
1818 4079 1853 4135 olr

102 4216 119 4229 N
215 4163 252 4219 ris
282 4163 398 4236 longior.
440 4163 619 4220 Innocentius
644 4165 678 4220 de
704 4165 787 4220 disin.
816 4165 915 4222 officiis
941 4167 1044 4222 citante
1069 4167 1121 4224 bus
1159 4174 1189 4224 et
1221 4166 1289 4222 seris
1319 4163 1451 4221 adhibitis
1484 4170 1668 4221 conservetur.
1715 4163 1853 4221 Bellarmir

215 4248 370 4305 Cassandro
388 4249 468 4320 dicit,
487 4253 658 4305 sacndotem
678 4253 790 4305 solitum
807 4253 897 4317 fuisse
916 4254 1044 4307 Domini·
1068 4271 1092 4309 c.
1116 4261 1141 4311 4.
1168 4258 1194 4323 5.
1221 4259 1246 4309 3.
1270 4253 1352 4323 dicit,
1377 4252 1455 4307 illud
1471 4254 1541 4323 ficri
1558 4259 1679 4324 propter
1702 4252 1821 4322 adunes,

215 4353 276 4389 cum
303 4352 407 4406 corpus
437 4344 627 4392 consecratum
657 4337 686 4391 in
714 4346 769 4391 tres
792 4345 893 4407 partes
910 4340 1044 4410 diuidere,
1064 4341 1208 4411 paulatim
1233 4347 1299 4393 sunt
1316 4338 1418 4405 scorti,
1443 4337 1520 4409 atqui
1538 4341 1692 4408 praestaret
1707 4336 1853 4409 propteril

213 4438 330 4494 quarum
347 4440 432 4477 unam
449 4423 535 4477 calici
551 4424 695 4493 immittat,
713 4424 802 4479 aliam
820 4426 955 4480 diaconus
973 4445 1045 4481 com·
1069 4427 1173 4483 abusus
1204 4424 1240 4480 ad
1270 4422 1471 4479 institutionem
1498 4423 1674 4479 Dominicam
1703 4440 1845 4480 recurrere

213 4508 339 4578 muniret,
359 4509 470 4563 tertiam
488 4510 529 4562 ad
546 4510 686 4579 malicum,
704 4512 731 4564 si
749 4528 819 4581 opus
826 4511 931 4581 fuerit,
946 4513 975 4565 in
988 4530 1043 4581 pa·
1068 4511 1283 4570 reservationem
1305 4508 1447 4581 publicam
1473 4509 1669 4575 intermittere,
1700 4510 1773 4565 sicut
1795 4526 1829 4566 ex

212 4594 273 4650 tina
296 4612 383 4665 usque
407 4595 449 4650 ad
466 4597 554 4664 finem
574 4603 712 4664 reseruet,·
745 4597 773 4649 si
794 4605 884 4651 autem
902 4616 971 4668 opus
988 4617 1042 4655 non
1069 4601 1132 4657 dem
1162 4597 1254 4652 causis
1277 4596 1387 4668 privata
1411 4597 1561 4652 reservatio
1583 4596 1638 4651 suit
1661 4596 1804 4669 abrogata
1844 4596 1853 4652 ]

205 4684 300 4751 fucrit
318 4698 378 4737 earn
395 4682 544 4751 sacerdos,
562 4690 613 4736 aut
630 4700 700 4735 unies
717 4683 908 4737 ministrorum
925 4687 955 4738 in
972 4702 1042 4740 com·
1068 4685 1162 4740 norim
1187 4682 1241 4739 III.
1262 4683 1373 4754 statuit,
1398 4690 1429 4739 ut
1446 4683 1557 4754 quando
1574 4688 1714 4738 reservata
1733 4682 1853 4739 euchari

211 4771 340 4824 munione
364 4768 503 4837 arabim,-
527 4785 561 4824 ex
581 4784 636 4838 quo
653 4775 784 4840 apparet,
807 4771 883 4842 quod
900 4770 969 4825 nihil
985 4771 1043 4827 fue·
1069 4770 1191 4827 defertur
1218 4768 1255 4824 ad
1279 4767 1430 4833 infirmam,
1457 4768 1536 4842 plebs
1556 4774 1758 4825 inreverenter
1776 4766 1853 4824 inciir

212 4856 248 4911 rit
266 4855 331 4910 olim
348 4860 516 4909 reservatum
535 4853 580 4908 sel
599 4854 762 4924 repositum,
781 4859 893 4927 quando
910 4858 980 4913 nulli
996 4874 1041 4914 ae·
1067 4857 1156 4912 voluit
1191 4857 1275 4911 etiam
1306 4856 1456 4911 luminaria
1486 4870 1593 4926 semper
1624 4854 1732 4911 deferri
1779 4853 1854 4928 Sequ

212 4942 285 5014 groti
299 4937 527 4997 communicandi.
563 4938 620 4995 Sed
637 4940 777 4996 Pontificii
796 4959 847 5014 per
862 4943 969 5015 aliquot
986 4961 1041 4999 nou
1066 4950 1109 4999 tes
1147 4940 1291 5015 pontifices
1339 4951 1445 4998 certum
1486 4957 1630 4997 numerum
1663 4940 1853 5012 indulgentias

211 5028 299 5083 solum
319 5027 391 5090 dies,
414 5024 463 5081 sed
482 5025 565 5080 etiam
582 5040 633 5097 per
646 5042 749 5082 annum
767 5029 905 5100 integrum
924 5026 1247 5108 hostiamlsddiderunt,
1271 5028 1452 5086 ducentorum
1470 5029 1575 5085 scilicet
1593 5029 1714 5093 dierum,
1733 5046 1785 5100 pro
1809 5046 1853 5086 res

212 5118 398 5169 comessatsm
434 5111 462 5167 in
495 5128 576 5166 nsum
611 5117 786 5183 remotorum
814 5120 959 5184 reponunt.
1005 5114 1155 5182 Etrentis,
1182 5115 1293 5188 quando
1320 5116 1357 5172 ad
1381 5115 1518 5170 infirmum
1544 5132 1607 5170 cnm
1629 5114 1812 5170 luminaribus
1836 5133 1853 5189 p

129 5245 130 5248 ,
212 5202 336 5270 quamvis
355 5199 479 5271 quotidie
496 5197 592 5253 missas
613 5199 765 5265 celebrent,
787 5206 880 5256 tamen
899 5218 951 5272 pro
967 5182 1152 5275 infir-{tatum
1178 5209 1288 5258 centum
1307 5219 1382 5272 vero,
1403 5202 1514 5274 qnando
1532 5201 1591 5256 sine
1609 5199 1790 5255 luminaribus
1806 5216 1854 5273 por

212 5287 263 5338 mis
290 5302 324 5342 ex
348 5285 473 5357 paschali
500 5283 622 5340 velulis
645 5286 751 5342 solenni
778 5288 968 5343 communione
987 5280 1118 5358 perum.
1154 5286 1232 5344 Haec
1255 5295 1331 5345 come
1352 5287 1404 5344 toti
1427 5287 1587 5359 antiquitati
1607 5294 1672 5342 sunt
1691 5288 1796 5359 ignota
1834 5288 1853 5347 E

211 5375 299 5425 toturn
325 5370 383 5428 fare
406 5388 508 5428 mnam
532 5371 682 5444 particulas
706 5378 855 5428 resumant.
895 5380 918 5430 3.
936 5372 980 5428 De
999 5390 1040 5430 re·
1064 5374 1197 5431 larminus
1244 5375 1307 5431 loco
1349 5374 1423 5429 dicto
1461 5374 1624 5445 respondet,
1667 5374 1745 5443 qued
1780 5390 1853 5431 creor

211 5464 320 5514 servata
355 5457 521 5519 mahumetis
554 5459 590 5517 ad
623 5456 841 5519 communionem
870 5457 1039 5516 infirmorum
1064 5461 1153 5515 honor
1190 5467 1316 5515 aterum
1349 5458 1520 5514 sanctissimi
1550 5459 1731 5527 sacramenti,
1767 5476 1853 5530 praes
