4004 6022
818 277 870 332 DE
886 276 1079 334 EGCLESIA.
1731 290 1792 348 593

90 447 175 483 ream
209 427 347 482 semema
380 429 512 484 animem.
561 429 639 484 Haec
672 429 707 482 de
737 429 813 484 Eccii
843 435 931 485 morte
961 431 1087 486 electoris
1111 431 1246 487 Saxouiae
1268 432 1404 488 iohannis
1421 432 1556 488 Fhiderici
1574 433 1706 488 comici
1723 437 1794 489 Mis·

92 514 270 588 Ingolstadio
290 515 420 570 nuntiata
438 520 511 582 sunt,
530 532 562 569 ac
578 516 809 585 posteaamultis
821 517 930 587 magnis
959 534 1057 571 nenses
1082 518 1111 572 in
1135 519 1239 588 templo
1264 519 1416 574 cathedrali
1441 535 1526 589 supra
1554 521 1666 574 modum
1691 521 1794 589 jubila·

93 600 176 668 viris,
203 598 278 670 quod
308 601 420 654 comitia
445 605 504 653 tum
525 600 697 671 Noribergae
718 602 932 669 celebrarentur,
959 609 1020 658 rent
1043 610 1071 659 et
1093 605 1144 658 hoe
1168 605 1278 659 nomine
1302 604 1435 674 hymnum
1463 607 1501 658 Tc
1521 607 1613 658 Deum
1631 607 1794 673 laudamus,

93 685 150 739 huc
168 684 332 756 perscripta.
365 684 493 739 Meminit
512 685 594 754 hujus
614 687 741 740 interitus
760 686 838 741 Eceii
851 688 932 741 etiam
961 688 1151 753 decantarent,
1179 695 1238 744 tum
1260 689 1338 744 Deus
1358 690 1385 743 in
1405 689 1590 760 malignorum
1608 697 1636 744 et
1654 707 1794 760 perverso·

93 771 237 825 Lutberus
258 771 286 822 in
305 777 450 824 comment.
476 788 498 825 c.
518 777 541 824 ⁶2.
562 770 674 826 Hoseae
694 779 758 827 tom.
778 780 801 828 l.
820 773 932 828 Jencns.
959 791 1020 826 rum
1038 774 1148 828 illorum
1167 777 1308 831 hominum
1327 777 1552 845 ἐπιχαιρεκακίαν
1570 776 1724 845 exemplum
1740 784 1795 830 sta·

93 857 157 911 Iret.
177 873 244 927 pag,
264 861 322 909 607.
344 862 372 909 et
390 856 482 909 addit:
501 857 567 909 Non
585 857 724 910 delectant
741 859 805 926 pios
824 858 855 910 m·
871 859 932 911 lor·
960 859 1013 912 tuit
1046 860 1247 930 manifestoque
1282 861 1363 931 signo
1396 877 1426 914 se
1461 860 1614 914 abominari
1646 878 1794 930 pravorum

92 944 192 995 cultiles
222 959 320 1007 casus,
351 943 469 994 mallent
491 942 578 1005 enim,
603 950 634 994 at
661 959 755 996 omncs
772 944 933 1008 conferrent
960 944 1065 1014 gaudia
1083 946 1242 999 declaravit
1277 945 1410 1000 Actutum
1428 946 1501 999 euim
1518 946 1652 1015 templum
1671 946 1740 999 illud
1759 946 1794 1000 de

94 1046 212 1098 operam
237 1045 319 1080 snam
338 1029 379 1080 od
397 1028 535 1095 eranpels‘s'
552 1029 712 1096 doctrinam
730 1031 933 1083 illustrandam
960 1031 1035 1084 coelo
1056 1030 1171 1084 fulmine
1195 1037 1299 1086 tactum
1323 1038 1351 1086 et
1374 1031 1502 1086 incendio
1520 1039 1676 1100 correptum
1694 1047 1727 1084 ac
1748 1032 1794 1084 de·

93 1132 128 1166 ac
149 1115 385 1185 propapondnm,
414 1130 497 1181 qaam
525 1115 591 1166 dum
615 1115 787 1181 cvanpelium
807 1114 933 1182 dismis-
960 1133 1043 1185 snper
1061 1116 1154 1170 omnia
1172 1116 1299 1171 aedificia
1318 1116 1346 1169 in
1364 1116 1484 1170 cinerem
1502 1115 1617 1170 redacta
1628 1121 1701 1179 snut,
1720 1133 1794 1169 cam·

93 1208 186 1262 mont,
218 1200 274 1252 sibi
301 1208 431 1252 aewmos
458 1200 599 1252 matos
624 1207 654 1251 at
679 1200 836 1253 concilient.
875 1198 934 1252 Sed
960 1218 1049 1270 panae
1075 1208 1103 1255 et
1122 1218 1227 1272 organa
1246 1199 1389 1255 musicalia
1408 1201 1590 1271 liquescentis
1607 1202 1748 1270 perierunt
1766 1207 1795 1255 et

94 1287 163 1338 clam
181 1285 289 1338 nullum
305 1286 543 1353 blasphemiarum
559 1287 672 1338 modum
683 1286 811 1351 saciant,
829 1284 932 1337 talibus
958 1287 1115 1340 incendium
1144 1287 1214 1341 illud
1244 1304 1262 1341 a
1286 1294 1386 1358 quarta
1409 1287 1598 1356 pomeridiana
1626 1288 1662 1341 ad
1689 1295 1793 1342 sextam

94 1370 229 1441 exemplis
253 1389 323 1441 optes
346 1378 399 1438 est,
429 1379 460 1424 ut
488 1372 568 1423 Deus
595 1378 719 1432 testetur,
753 1387 783 1422 se
803 1370 932 1438 judicem
958 1373 1121 1425 matutinam
1151 1373 1264 1426 alterins
1299 1371 1354 1426 diei
1385 1372 1480 1425 horam
1512 1371 1643 1426 continuo
1674 1373 1792 1426 duravit

95 1473 169 1519 csse,
192 1465 217 1509 st
233 1457 371 1525 reprimat
388 1456 539 1524 impiorum
556 1464 687 1517 conatast,
711 1464 742 1507 ut
767 1456 823 1508 alis·
844 1471 931 1508 emen·
957 1456 1078 1511 Thomas
1103 1456 1230 1511 Stibams
1254 1456 1284 1510 in
1306 1456 1401 1510 histor.
1420 1462 1522 1512 narrat.
1543 1457 1578 1511 de
1595 1457 1653 1510 vita
1670 1457 1790 1512 Johauu.

96 1545 200 1595 deutra
225 1550 251 1595 et
275 1543 419 1609 eouupsls'o
443 1559 499 1594 non
522 1543 563 1594 ita
589 1559 618 1594 se
640 1549 790 1609 opponam.
826 1539 932 1594 Eodem
957 1541 1061 1597 Frider.
1091 1542 1212 1596 Rosinus
1242 1543 1270 1594 in
1299 1542 1358 1595 vita
1386 1541 1505 1597 lohann.
1539 1542 1645 1597 Frider.
1677 1544 1716 1598 lit.
1742 1544 1791 1599 Ee.

94 1644 169 1682 anno
197 1634 269 1682 1543.
297 1632 421 1680 mortuus
450 1635 491 1681 est
515 1628 649 1679 Albsrtus
668 1627 789 1694 Pippr'us
813 1630 932 1695 papatus
958 1634 980 1682 3.
1000 1627 1035 1681 D.
1055 1628 1196 1683 Polandus
1215 1626 1446 1697 superintendens
1464 1626 1611 1681 Misenensis
1628 1629 1657 1682 in
1674 1629 1791 1698 praefat

94 1714 226 1768 defensor
254 1730 310 1767 uon
333 1719 502 1782 postremus,
531 1713 566 1767 de
593 1729 648 1783 quo
677 1713 817 1775 scribunt,
846 1712 932 1765 fuisse
958 1728 1034 1767 conc.
1062 1714 1097 1767 de
1124 1713 1219 1767 music.
1245 1713 1420 1768 instrument.
1462 1712 1527 1766 Huc
1554 1715 1688 1783 pertinet,
1717 1716 1792 1786 quod

93 1799 221 1852 illumin
238 1799 358 1852 tumultu
377 1815 539 1868 oppressum
558 1799 586 1851 in
606 1815 707 1868 magna
724 1797 865 1853 hominum
877 1797 931 1851 fre-
959 1799 993 1851 de
1031 1799 1254 1852 Homericnss'bus
1289 1798 1409 1852 Rosinus
1445 1798 1549 1852 ibidem
1589 1807 1791 1856 commemorat

93 1886 211 1954 quentia
245 1901 301 1939 una
335 1901 398 1938 cnm
424 1885 542 1954 pecunia
568 1885 629 1948 illa,
657 1901 739 1954 quam
763 1901 780 1938 a
804 1901 878 1954 papa
901 1890 935 1937 et
958 1883 1097 1954 Oppidum
1117 1885 1204 1938 estin
1223 1883 1351 1951 Saxonis,
1371 1884 1447 1954 quod
1465 1885 1622 1954 appellatur
1641 1886 1744 1955 lloxar,
1763 1889 1792 1941 in

93 1971 283 2025 cardinalibus
308 1977 418 2041 propter
435 1986 548 2040 operam
568 1986 645 2023 suam
664 1970 693 2022 in
711 1986 796 2024 cansa
813 1968 928 2023 Pontifi·
957 1986 1012 2039 qno
1037 1969 1117 2023 multi
1143 1978 1222 2025 mant
1247 1971 1321 2025 cives
1346 1970 1530 2040 augustanae
1553 1971 1718 2026 confessioni
1742 1974 1790 2027 ad-

92 2058 138 2110 cia
163 2056 339 2110 defendenda
365 2056 527 2109 collocatam
555 2062 709 2124 acceperat.
748 2055 831 2109 Anno
855 2060 928 2109 1545.
958 2055 1023 2108 dicti
1051 2061 1080 2109 et
1107 2055 1262 2109 ministrum
1291 2057 1375 2111 etiam
1401 2056 1534 2110 ecclesiae
1556 2056 1698 2113 habebant
1721 2076 1791 2129 pure

93 2142 220 2197 horribili
247 2149 334 2197 morte
361 2141 432 2196 obiit
460 2143 608 2195 Jolrarmcs
633 2141 776 2195 Minerimr
807 2158 929 2194 summus
956 2142 1101 2195 docentem
1125 2142 1308 2211 evangelium.
1345 2141 1383 2194 Hi
1401 2156 1468 2211 ergo
1485 2158 1549 2195 cum
1566 2143 1738 2198 audivissent
1756 2146 1791 2200 de

88 2230 193 2300 judieii
227 2236 255 2284 et
285 2234 398 2283 senatus
423 2227 563 2298 Aquensis
593 2228 622 2279 in
646 2225 739 2280 Gallia
763 2227 930 2296 praelectus,
956 2233 1057 2280 eventu
1079 2225 1163 2296 hujus
1180 2226 1245 2281 belli
1263 2232 1292 2281 et
1310 2226 1438 2279 electoris
1457 2226 1633 2294 captivitate,
1652 2245 1791 2284 summum

92 2315 291 2370 Waldensium
307 2320 467 2384 persecutor
485 2312 704 2379 crudelissimus,
718 2323 750 2366 nt
769 2319 879 2368 constat
897 2330 930 2367 ex
956 2312 1021 2366 inde
1048 2311 1169 2367 dolorem
1195 2312 1344 2382 capiebant
1374 2317 1402 2365 et
1429 2311 1536 2365 tristem
1562 2328 1658 2366 casum
1683 2316 1791 2374 miseris

93 2402 227 2456 Sleidano
249 2398 310 2452 libr.
331 2405 370 2453 16.
395 2405 542 2454 comment.
566 2415 630 2469 pag.
656 2403 714 2453 463.
742 2405 770 2452 et
794 2397 930 2452 Osiandro
957 2397 1045 2451 modis
1061 2396 1258 2468 deplorabant,
1282 2397 1331 2450 sed
1350 2397 1447 2450 consul
1464 2398 1525 2465 ejus
1543 2397 1620 2450 urbis
1640 2401 1790 2455 Bartholo-

94 2485 426 2542 cent.16.hist.eccles.
449 2484 644 2539 tuaest.
681 2483 723 2537 De
743 2483 795 2537 hon
813 2483 930 2537 Minerio
957 2501 1054 2537 masas
1072 2486 1173 2538 Mosco
1192 2482 1285 2537 adhuc
1301 2498 1319 2536 a
1336 2480 1545 2536 Pontificiorum
1569 2491 1648 2552 parte
1666 2487 1791 2555 pendens

92 2571 251 2628 Pantaleon
280 2570 310 2623 iu
335 2569 450 2624 historia
476 2586 566 2623 rerum
592 2569 621 2623 in
648 2569 765 2624 ecclesia
790 2575 930 2639 gestarum
957 2569 990 2622 iis
1013 2568 1178 2636 insultabat,
1203 2567 1321 2622 subinde
1344 2566 1413 2621 haec
1436 2567 1523 2621 verba
1539 2576 1682 2638 repetens:
1711 2573 1790 2640 Hem,

92 2658 204 2720 scribit,
231 2658 309 2725 quod
333 2673 365 2709 ss
388 2657 507 2710 internis
531 2658 666 2709 maenum
683 2657 808 2724 flammis
832 2656 929 2708 misere
957 2657 1005 2708 ubi
1026 2673 1099 2709 croso
1121 2663 1161 2709 est
1177 2662 1296 2708 vestrum
1317 2653 1511 2719 eomrpcliumi
1542 2656 1591 2706 abi
1606 2673 1680 2708 nanc
1697 2666 1790 2710 oestro

87 2744 220 2814 peremi,
238 2744 315 2812 quod
330 2742 435 2796 medici
452 2759 513 2795 amn
532 2760 587 2795 non
607 2759 719 2804 sanare,
736 2742 792 2794 imo
808 2757 859 2793 nec
879 2743 930 2794 ad·
956 2743 1155 2795 sacrosnectu!
1173 2739 1309 2808 namquid
1327 2755 1359 2790 ec
1377 2738 1576 2792 tocCaesaris
1594 2742 1712 2795 victorio
1732 2762 1791 2798 ma·

92 2833 204 2901 spicere
227 2837 358 2897 possent,
386 2830 515 2897 priorique
544 2829 701 2881 toneneas
729 2829 758 2879 ic
789 2827 930 2881 Christum
956 2829 1090 2888 nifastem
1114 2829 1164 2896 fit,
1194 2842 1267 2894 quoe
1294 2833 1320 2877 ct
1341 2825 1390 2877 coi
1412 2826 1449 2877 sit
1472 2842 1541 2878 vcra
1565 2828 1683 2880 ccclesia
1708 2839 1790 2899 aspris

94 2916 285 2986 blasphemias
302 2930 428 2966 wocscm
448 2914 571 2965 animam
589 2913 739 2979 efflaverit.
776 2910 931 2966 Guarlaous
956 2913 1078 2979 calipto!
1114 2912 1183 2965 Post
1213 2910 1284 2965 hanc
1315 2910 1521 2965 insultationem
1551 2912 1663 2966 domum
1692 2914 1791 2971 abiens

47 3016 77 3060 sa
95 3003 195 3056 doctor
220 2998 400 3055 Lovaniensis
428 2998 578 3052 acerrimus
597 2997 762 3051 Pontificiae
786 2997 860 3051 sedis
884 2998 930 3052 de·
958 3005 1092 3068 apparato
1120 2996 1265 3067 splendido
1292 2996 1418 3051 convivio
1446 2995 1584 3050 invitabat
1608 2998 1644 3051 ad
1667 3017 1698 3055 se
1721 3001 1791 3056 alios

93 3089 191 3143 masor
208 3087 281 3140 inter
297 3085 399 3139 multas
421 3082 572 3137 horrendas
593 3082 792 3153 blasphemias,
814 3099 884 3154 quas
901 3084 931 3138 in
957 3084 1103 3138 nonnullos
1133 3081 1287 3137 Pontificiis
1320 3081 1484 3150 corruptelis
1516 3081 1638 3146 deditos,
1669 3091 1701 3138 ut
1727 3104 1790 3140 cum

94 3172 193 3227 morbo
209 3187 261 3226 sno
280 3170 407 3238 evomuit,
428 3168 600 3223 lamentabili
618 3186 685 3224 voce
703 3185 766 3223 cum
778 3169 866 3224 Caino
884 3185 929 3224 ex·
956 3170 1010 3223 illis
1041 3170 1145 3222 lactum
1176 3174 1297 3221 sumeret
1325 3166 1400 3220 diem
1428 3172 1456 3221 et
1484 3167 1633 3221 exsultaret
1660 3171 1695 3224 ob
1724 3171 1790 3226 belli

94 3258 241 3326 clamavit,
259 3261 374 3327 peccata
392 3272 444 3310 sua
461 3257 567 3324 majora
585 3272 659 3318 esse,
677 3271 761 3324 quam
780 3262 811 3310 ut
828 3256 931 3310 remitti
956 3255 1060 3322 exitum
1079 3261 1107 3308 et
1125 3256 1233 3322 piorum
1251 3251 1448 3307 calamitatem.
1476 3251 1532 3306 Sed
1551 3253 1605 3306 ista
1616 3254 1722 3309 laetitia
1732 3273 1788 3310 non

94 3349 225 3415 possent,
247 3350 332 3412 atque
350 3343 390 3396 its
408 3342 637 3413 desperabundus
656 3341 819 3410 exspiravit,
842 3348 874 3394 nt
890 3341 929 3395 vi·
957 3341 1005 3394 diu
1029 3337 1156 3393 durabat.
1191 3336 1311 3391 Peracta
1338 3337 1410 3391 enim
1436 3353 1524 3391 coena
1549 3344 1578 3393 et
1601 3341 1724 3393 convivis
1749 3343 1789 3395 di-

95 3430 164 3483 dere
186 3436 230 3483 est
252 3429 281 3482 in
301 3428 418 3497 epistola
435 3427 545 3481 Claudii
567 3425 709 3481 Senarclai
728 3426 767 3480 sd
783 3427 930 3482 Bucerum.
956 3424 1073 3496 gressis,
1092 3439 1156 3477 cum
1174 3423 1278 3492 etipse
1296 3422 1421 3477 cubitum
1440 3423 1613 3491 secessisset,
1635 3426 1742 3483 dolores
1761 3436 1790 3483 et

94 3513 141 3569 De
165 3513 291 3568 Munatio
316 3520 445 3582 praetore
464 3511 613 3567 Lutetiauo
631 3512 716 3566 refert
733 3519 830 3566 auctor
848 3513 930 3567 libro·
956 3511 1075 3566 tormina
1092 3509 1195 3564 ventris
1213 3509 1365 3575 sentiebat,
1390 3508 1490 3577 quibus
1515 3510 1585 3564 adeo
1602 3510 1789 3582 affligebatur,

93 3617 157 3654 rnm
185 3599 222 3652 de
245 3596 328 3652 rebus
352 3598 381 3651 in
406 3596 501 3651 Gallia
527 3598 562 3651 ob
585 3596 748 3666 religionem
772 3598 859 3667 gestis
877 3597 930 3651 sub
956 3604 988 3651 ut
1013 3595 1122 3650 circiter
1145 3595 1266 3648 mediam
1285 3600 1393 3649 noctem
1415 3593 1557 3648 domestici
1579 3611 1612 3649 ae
1631 3595 1789 3669 familiares,

94 3684 218 3740 Heusieo
232 3683 269 3738 Π.
291 3700 354 3754 pag.
373 3690 396 3737 9.
416 3683 490 3753 quod
506 3685 618 3752 primus
636 3685 672 3736 de
689 3683 783 3736 causis
802 3685 930 3751 Euanpc·
957 3683 1024 3753 quia
1045 3681 1179 3735 videbant
1200 3680 1308 3734 dolores
1336 3677 1454 3733 subinde
1483 3681 1582 3751 augeri
1608 3688 1636 3736 et
1663 3687 1790 3740 morbum

93 3772 216 3824 licornm
239 3770 397 3837 cosnoscrit
418 3786 453 3821 oc
478 3771 568 3821 neuun
586 3770 615 3821 in
634 3785 680 3821 cos
699 3769 853 3822 crudeliter
865 3786 930 3837 pcr-
957 3765 1302 3839 ingravescere,mittereut
1313 3765 1476 3819 accersitum
1484 3771 1624 3835 pastorem
1633 3770 1694 3838 ejus
1704 3772 1789 3835 urbis,

90 3857 226 3926 patrarit.
255 3854 283 3910 ls
300 3858 449 3924 postquam
467 3855 497 3907 in
508 3854 665 3907 comitissae
679 3854 836 3925 Seniganae
847 3871 931 3909 cansa
956 3855 1021 3908 licet
1040 3851 1158 3906 invisum
1179 3850 1300 3916 consuli,
1320 3850 1395 3920 quod
1414 3867 1514 3920 puram
1532 3853 1670 3924 evangelii
1690 3856 1790 3911 doctri·

93 3942 159 3996 falsi
185 3940 332 3996 damnatus
358 3946 444 4008 esset,
471 3956 504 3993 ex
533 3940 644 3994 decreto
670 3947 782 3994 senatus
800 3941 883 3993 variis
901 3942 931 3994 iu
956 3955 1020 3993 nam
1044 3936 1146 4007 populo
1172 3935 1283 4004 publice
1307 3942 1489 4004 proponeret;
1516 3953 1611 3991 verum
1642 3947 1790 4010 antequam

93 4028 164 4081 locis
183 4025 314 4080 mulctam
333 4024 507 4080 honorariam
529 4025 639 4095 publice
655 4025 793 4096 perduxit,
811 4026 931 4097 denique
956 4023 1061 4078 veniret
1079 4022 1212 4078 eeclesiae
1230 4021 1371 4088 minister,
1393 4022 1453 4089 jam
1476 4023 1574 4075 consul
1592 4024 1685 4077 subita
1703 4035 1791 4081 morte

93 4112 208 4178 infami,
225 4110 353 4165 omnibus
371 4116 465 4166 umen
481 4119 560 4181 grato
580 4112 754 4179 spectaculo,
771 4112 877 4181 piloriis
898 4118 929 4166 ut
956 4109 1106 4163 exstinctus
1130 4115 1198 4162 erat.
1232 4106 1316 4160 Auno
1341 4111 1414 4163 lete.
1433 4106 1462 4158 in
1480 4107 1597 4161 comitiis
1617 4109 1790 4180 augustanis

92 4199 262 4268 loquuntur,
293 4196 498 4251 circumductus
524 4198 579 4250 fuit
606 4205 690 4267 atque
716 4199 757 4251 ita
781 4197 928 4267 relegans.
955 4196 1102 4248 lohannes
1132 4193 1181 4251 VI.
1210 4193 1429 4247 Conunntiensis
1453 4194 1612 4264 epsicopus,
1640 4197 1742 4249 nobilis
1771 4217 1789 4252 a

91 4284 217 4339 Dicebat
233 4283 291 4349 ille,
318 4283 385 4337 dum
408 4283 568 4338 incarcere
588 4282 770 4349 detineretur,
797 4299 827 4336 sc
845 4300 929 4350 opno-
965 4284 1045 4337 Wcza
1062 4281 1119 4334 sive
1137 4277 1274 4344 Vesalius,
1288 4279 1399 4347 juratus
1417 4278 1553 4348 evangelii
1572 4279 1672 4348 hostis,
1694 4284 1789 4353 quiin

92 4385 346 4436 recreassemus
364 4369 478 4431 subiret,
493 4385 601 4436 poenos
617 4370 771 4423 nsmccdcm
786 4369 930 4422 mosmale
957 4366 1030 4422 bello
1059 4364 1253 4419 Smalculdico
1283 4363 1414 4417 adversae
1441 4366 1528 4433 partis
1555 4366 1708 4421 molitiones
1734 4387 1790 4424 non

93 4463 280 4508 tractatorum
298 4455 537 4520 hattonem-um,
556 4454 681 4521 nihilque
697 4455 815 4522 posthac
833 4456 864 4506 ἐπ
884 4471 929 4507 eos
955 4470 1054 4522 parum
1071 4455 1259 4521 promoverat,
1287 4466 1320 4503 ao
1338 4450 1374 4503 ob
1394 4451 1424 4504 id
1441 4450 1644 4505 cardinalitium
1662 4454 1787 4524 galerum

93 4558 125 4594 se
149 4546 328 4592 tentatorum.
363 4538 442 4595 Unus
469 4540 535 4594 item
562 4556 595 4593 ex
624 4539 657 4592 iis
682 4538 857 4602 consiliariis,
881 4519 1151 4609 quiiexspectabat,
1181 4536 1328 4589 subitanea
1353 4542 1441 4590 morte
1467 4552 1501 4589 ex
1523 4536 1576 4591 hac
1599 4538 1658 4592 vita
1680 4541 1716 4593 ad
1736 4549 1788 4596 trc-

94 4625 219 4680 fidelium
238 4625 331 4678 causis
351 4625 552 4694 cognoscendis
576 4632 660 4693 atque
680 4625 865 4693 dijudicandis
884 4641 929 4677 va·
941 4620 944 4703 l
956 4624 1087 4678 mendum
1108 4621 1163 4675 Dei
1184 4621 1322 4691 judicium
1347 4627 1477 4676 evocatus
1497 4627 1554 4688 est,
1580 4623 1664 4694 idque
1684 4624 1788 4679 factum

93 4717 190 4778 caret,
217 4710 362 4780 repentina
388 4718 475 4764 morte
500 4711 583 4778 paulo
607 4717 672 4778 post
697 4711 809 4766 interiit.
847 4709 1048 4821 Annopnoctu,
1066 4725 1129 4762 eum
1148 4706 1244 4777 paucis
1263 4706 1337 4760 horis
1355 4707 1432 4775 prius
1451 4707 1523 4761 inter
1541 4711 1713 4766 coenandum
1725 4712 1787 4766 hor·

95 4804 173 4854 1546.
206 4797 365 4864 Aleionsus
392 4797 514 4850 Diutius
541 4795 683 4865 Hispanus
709 4797 822 4850 fratrem
849 4796 1048 4857 suumrrihilia
1070 4793 1134 4847 urbi
1158 4793 1363 4847 constantiensi
1392 4800 1421 4846 et
1439 4792 1606 4849 Lutheranis
1623 4797 1651 4849 in
1670 4798 1789 4854 dioecesi

92 4884 253 4939 iohannem
281 4897 332 4950 per
358 4882 494 4937 famulum
520 4882 667 4937 crudeliter
693 4881 730 4936 ob
751 4882 929 4954 evangelicae
941 4878 943 4891 '
956 4899 1007 4935 sua
1024 4878 1214 4935 habitantibus
1234 4879 1427 4932 interminatus
1454 4886 1527 4933 esset
1552 4880 1603 4934 hac
1621 4899 1690 4936 voce
1708 4897 1904 4941 mummius.

93 4968 240 5025 doctrinae
258 4967 456 5036 professionem
473 4984 507 5021 ex
528 4966 637 5020 insidiis
658 4966 820 5030 obtruncat,
840 4975 871 5021 ut
888 4974 931 5023 est
956 4970 1003 5037 gd)
1027 4966 1081 5022 rut
1104 4967 1138 5034 tie
1162 4969 1265 5034 putta,
1294 4966 1356 5021 obet
1380 4965 1420 5019 bie
1442 4968 1518 5035 pout
1542 4967 1638 5023 orites
1661 4969 1706 5038 tuti
1726 4972 1788 5039 mid)

92 5053 172 5124 apud
196 5051 356 5107 Sleidsnum
380 5053 399 5107 l.
425 5059 464 5108 17.
491 5067 587 5106 comm.
607 5069 634 5121 p.
653 5058 712 5108 491.
736 5069 799 5107 cum
818 5069 883 5109 vero
901 5055 929 5107 in
955 5055 1068 5122 vitrea,
1101 5053 1240 5105 Tractatio
1265 5067 1312 5104 eos
1336 5052 1460 5118 cprspie,
1483 5060 1532 5104 aut
1554 5071 1653 5107 manns
1672 5058 1791 5108 Domini

91 5136 266 5192 fratricidam
280 5154 332 5207 pro
350 5137 447 5192 merito
463 5153 518 5190 non
535 5136 808 5205 animadverteretur,
825 5138 929 5193 factum
957 5157 999 5193 me
1018 5146 1122 5206 tcaput.
1158 5137 1237 5191 Haec
1255 5153 1320 5190 vero
1342 5152 1406 5190 eum
1423 5137 1462 5190 ita
1481 5138 1586 5208 tetigit,
1610 5144 1643 5192 ut
1665 5146 1789 5194 mortuus

93 5223 190 5276 divino
211 5222 334 5291 J'udicio,
360 5230 392 5276 ut
417 5222 447 5276 in
471 5221 588 5276 concilio
608 5221 771 5277 Tridentino
795 5223 863 5277 muli
887 5225 929 5279 sui
956 5225 984 5278 in
1006 5224 1079 5278 lecto
1101 5224 1270 5278 inveniretur
1290 5229 1401 5292 postero
1426 5222 1471 5277 die
1488 5238 1507 5277 a
1525 5223 1718 5293 cubiculariis,
1740 5227 1788 5296 qui

93 5307 167 5362 collo
190 5306 345 5362 ειᾱὴειεῐοω
366 5307 396 5361 in
413 5307 606 5376 desperatione
625 5313 749 5361 mortuus
766 5308 811 5365 sit.
846 5311 929 5364 Anno
955 5310 1098 5365 horribilia
1120 5327 1150 5364 se
1172 5309 1311 5380 quaedam
1334 5325 1369 5362 ea
1393 5316 1475 5363 nocte
1498 5310 1608 5363 audisse
1627 5308 1695 5364 fassi
1714 5319 1787 5369 sunt

96 5400 171 5450 1547.
187 5393 233 5448 die
251 5397 293 5448 27.
311 5392 418 5461 Aprilis
433 5409 497 5448 eum
513 5392 549 5446 ob
568 5392 676 5448 cladem
693 5400 722 5448 et
740 5395 928 5465 captivitatem
956 5397 1092 5452 Referunt
1109 5394 1191 5466 Casp.
1211 5395 1362 5450 Bruschius
1381 5395 1410 5448 in
1430 5396 1577 5451 malibus
1596 5397 1789 5468 episcoporum

147 5486 250 5530 osunu
262 5485 312 5528 ne
328 5485 353 5529 v.
1421 5501 1453 5553 ³8
