4004 6022
821 189 874 244 DE
893 187 1085 247 moenem.
1742 206 1800 263 591

98 337 157 395 alia
183 339 314 411 rogabat,
344 357 410 394 num
438 342 467 395 in
495 342 548 396 ella
572 343 742 414 6661ρᾶ66116
765 344 824 398 osta
850 344 939 398 616666
965 346 1065 400 diuelli
1087 353 1248 418 potuerunt.
1294 348 1470 413 Moarfeldii
1499 349 1638 418 siquidem
1669 352 1802 417 cadaver,

100 425 178 478 aiter
203 426 323 479 atterum
346 429 542 495 recoquitarit
570 444 689 499 cumque
713 428 753 481 illi
775 436 887 484 arerent
905 447 938 485 ex
965 435 1042 499 quod
1058 433 1123 487 tsine
1142 434 1278 500 oripinem
1296 436 1422 498 duceret,
1441 436 1472 488 in
1489 436 1549 490 suis
1564 437 1668 505 finibsu
1687 435 1803 507 sepeliri

100 510 162 581 ipso
179 511 258 568 scire.
297 510 382 575 Quid,
400 512 498 583 inquit,
516 514 621 567 aendit
638 514 771 567 Adane!
796 531 937 583 nunqumn
965 519 1063 572 debere
1087 521 1301 586 contendebant,
1334 524 1386 575 red
1409 523 1474 576 eicit
1498 522 1639 576 Jabannis
1658 520 1805 576 eridani

100 596 151 649 itte
179 598 292 651 viderat
316 598 420 664 anm,
447 600 499 651 sed
523 617 584 652 cum
607 600 750 660 formaret
768 615 829 652 eam
848 603 937 669 Deus,
965 605 1131 673 auctofflae,
1165 607 1227 674 qui,
1259 615 1289 660 ut
1321 607 1507 675 Witeberpam
1537 610 1695 669 retem-etta
1718 616 1801 676 otorse

100 682 243 736 abucina
270 683 361 751 quiete
387 684 495 753 sopitus
525 686 696 749 dormiebat,
726 686 939 754 eweroesomus
965 690 1005 743 ibi
1017 692 1477 763 terraebonoriticemandaretur‚
1496 692 1614 747 obtinuit
1627 699 1681 750 etc.
1705 693 1802 749 Sarius

101 785 163 821 cam
187 769 268 823 illam
291 770 413 838 rideret,
441 789 497 824 non
523 780 620 840 repar,
645 789 716 840 quae
740 773 778 824 eit
795 775 845 825 aut
862 775 938 827 mede
965 776 1024 846 ipss
1048 777 1079 832 in
1102 785 1248 834 comment
1271 796 1363 834 rerum
1388 780 1418 834 in
1442 780 1509 836 orbe
1532 787 1635 851 gestat.
1655 796 1720 851 pag.
1742 785 1802 836 174.

101 856 205 920 uniat,
236 857 289 909 sed
311 874 422 910 earnem
448 873 509 910 esee
532 860 568 911 de
593 876 646 911 sua
669 875 754 911 corne
770 859 840 911 dicit
863 867 888 912 ct
906 877 937 913 oe
966 863 1031 917 edit
1060 879 1132 918 anno
1168 869 1240 919 1666.
1276 865 1375 921 recitat
1410 864 1537 920 ultimam
1573 865 1649 920 illam
1684 864 1802 920 Lutheri

101 943 138 995 dc
158 942 266 997 naen
283 942 350 995 61116·
389 942 447 1003 Qui
463 960 530 997 vcro
548 945 653 997 aciebat
670 945 769 997 irruet
794 945 937 998 Nimirum
966 948 1161 1018 precationem.
1197 949 1274 1014 Quae
1305 952 1399 1006 omnia
1426 952 1601 1007 mendacium
1626 951 1803 1022 impudenter

103 1027 216 1099 Spiritu
234 1034 331 1081 saneto
352 1027 454 1099 plenus
479 1037 505 1082 et
520 1046 588 1081 uera
606 1030 666 1082 Dei
682 1030 838 1098 cognitione
852 1049 938 1100 prae·
965 1034 1084 1088 effusum
1122 1035 1151 1089 in
1190 1035 1320 1091 Cochlaei
1359 1037 1492 1108 jugulum
1536 1036 1662 1108 redigere
1704 1036 1802 1091 merito

101 1115 180 1168 ditm
205 1116 247 1168 eta
269 1115 482 1185 pronuntiabat.
518 1115 568 1167 Ad
585 1118 701 1168 eundem
720 1117 834 1170 modum
853 1118 937 1171 etiarn
966 1118 1077 1175 debent.

101 1219 153 1255 nos
178 1201 209 1253 ia
235 1201 327 1253 altera
351 1201 410 1252 orta
433 1201 629 1254 renovabimur
649 1219 704 1273 per
729 1202 884 1266 Cinctum
912 1212 938 1257 at
1000 1210 1058 1260 298.
1102 1206 1258 1259 Membrana
1292 1207 1410 1260 tertr'rrm.
1453 1206 1559 1270 Quodsi
1593 1224 1658 1262 vero
1693 1204 1929 1298 ⁸”imu'iiiriiia

97 1294 245 1357 parentes,
271 1302 385 1354 ucoree,
414 1287 528 1350 liberos,
554 1294 580 1340 et
605 1290 746 1357 quidquid
771 1298 825 1357 eet,
852 1291 938 1343 mutto
964 1289 1046 1345 uobis
1077 1297 1166 1360 esset,
1196 1292 1317 1363 tragicos
1346 1292 1435 1346 exitus
1462 1310 1495 1348 ac
1518 1293 1677 1363 repentinae
1701 1301 1801 1348 mortes
1814 1317 1924 1357 persero·

99 1373 258 1442 patentius
283 1387 478 1441 aenomaus,
501 1390 584 1440 qrsam
609 1381 674 1426 tunc
700 1376 791 1428 anm
809 1376 938 1429 Adomue
964 1374 1152 1431 Romanorum
1185 1375 1349 1447 pontificum
1377 1394 1604 1445 commemorare,
1635 1378 1800 1449 principium
1815 1364 1938 1461 {sszssgup

102 1459 241 1525 cognovit.
276 1458 303 1511 A
328 1473 415 1512 coena
437 1475 501 1512 cum
520 1458 676 1513 divertisset
693 1460 825 1529 precandi
845 1477 938 1526 causa,
965 1461 1047 1515 citius
1076 1477 1159 1533 quam
1189 1462 1292 1517 exitum
1322 1462 1444 1517 invenire
1474 1480 1624 1535 possemus.
1675 1466 1800 1518 Anama-

101 1544 177 1597 sicut
205 1543 360 1609 consuevit,
391 1542 483 1612 coepit
509 1542 605 1614 augeri
633 1544 712 1600 dolor
737 1547 870 1615 pectoris,
899 1547 937 1599 ibi
964 1548 1023 1600 6166
1048 1549 1105 1616 ΙΙ.,
1135 1548 1202 1619 quia
1229 1548 1288 1603 sine
1316 1548 1433 1604 concilio
1458 1550 1651 1620 episcoporum
1675 1557 1703 1605 et
1733 1549 1801 1604 cleri

101 1629 210 1683 monitu
236 1629 409 1699 quorundam
436 1645 502 1682 usus
528 1636 570 1682 est
596 1646 681 1683 cornu
704 1632 885 1686 monocerotis
905 1649 938 1686 ex
965 1634 1177 1688 communicavit
1200 1633 1319 1688 Photino
1343 1639 1372 1688 st
1388 1634 1522 1689 Acacium
1541 1636 1651 1690 occulta
1668 1651 1798 1690 revocare

100 1715 183 1780 rino,
212 1720 275 1785 post
298 1714 327 1769 in
353 1714 451 1768 minori
475 1714 579 1770 lectulo
603 1715 769 1786 hypocaueti
787 1735 938 1787 perunum
965 1718 1067 1783 voluit,
1085 1726 1155 1773 nutu
1174 1719 1268 1774 divino
1284 1735 1432 1789 percussus
1450 1727 1492 1775 est
1509 1721 1640 1776 intestina
1654 1721 1799 1791 ejiciendo,

101 1808 130 1857 61
166 1800 281 1856 alteram
311 1800 406 1854 boram
433 1800 556 1854 suaviter
588 1800 702 1868 dormit,
744 1819 807 1856 cum
849 1803 934 1873 evigi-
964 1803 1043 1859 Face.
1069 1808 1153 1874 temp.
1180 1811 1264 1861 aetat.
1291 1812 1316 1861 6.
1343 1806 1381 1860 ad
1409 1823 1473 1862 ann.
1500 1812 1576 1864 6613.
1626 1807 1751 1861 Sosianus
1775 1808 1800 1861 I.

101 1888 195 1948 hessi,
214 1887 244 1940 in
262 1885 420 1941 cubiculum
439 1886 594 1957 ingreditur
612 1893 640 1941 et
657 1888 694 1941 ad
707 1887 828 1958 quietem
839 1888 938 1943 iterum
965 1889 1142 1960 episcopatus
1175 1891 1218 1944 sui
1254 1891 1299 1945 die
1335 1891 1466 1946 vicesimo
1500 1892 1592 1947 subita
1625 1897 1714 1947 morte
1743 1908 1801 1946 cor·

100 1990 132 2026 ss
151 1973 293 2042 componit
311 1979 340 2027 61
357 1972 485 2028 salutatis
500 1973 607 2040 amicis,
626 1973 673 2044 qui
693 1974 823 2028 aderant:
842 1978 937 2043 Orate,
965 1981 1060 2046 raptus
1088 1976 1166 2031 abiit.
1210 1977 1349 2031 Nicotaus
1380 1977 1441 2030 III.
1474 1977 1567 2034 subito
1595 1986 1720 2033 mortuus
1751 1983 1800 2033 eet

101 2058 208 2129 inquit,
229 2061 329 2127 Deum,
345 2067 376 2112 ut
395 2059 533 2127 eranpelr'r'
552 2060 710 2112 doctmnam
729 2061 809 2114 nobis
830 2077 937 2114 conen-
965 2062 1075 2115 Paulus
1105 2063 1148 2116 II.
1177 2063 1294 2117 moritur
1331 2062 1424 2117 media
1460 2070 1541 2117 nocte
1580 2064 1690 2119 neruine
1723 2079 1801 2132 prae·

99 2153 158 2214 ret,
184 2144 314 2214 pontisera
345 2145 417 2197 enim
445 2153 472 2198 et
503 2145 649 2198 ennodium
681 2147 748 2198 diro
779 2147 939 2200 moliuntur.
966 2155 1058 2219 sente,
1079 2167 1144 2205 cum
1163 2150 1253 2204 laetus
1275 2148 1372 2204 eadem
1390 2149 1437 2203 die
1455 2155 1528 2204 esset
1547 2149 1575 2202 in
1594 2149 1755 2205 consistorio
1773 2155 1802 2204 et

101 2230 183 2285 Haec
208 2229 256 2284 ubi
286 2228 370 2294 dixit,
406 2233 481 2285 facto
507 2230 617 2284 silentio
642 2230 744 2284 dormit
768 2232 938 2303 aliquandiu,
966 2235 1036 2289 duos
1063 2253 1187 2306 pepones
1212 2236 1316 2290 edisset
1340 2234 1429 2306 pridie
1448 2241 1513 2290 ante
1532 2240 1656 2290 mortem.
1691 2237 1800 2290 Joban-

102 2316 152 2370 sed
171 2321 289 2386 urgente
306 2315 333 2368 vi
354 2316 443 2371 morbi
461 2322 525 2386 post
541 2315 660 2369 mediam
678 2322 787 2372 noctem
802 2318 938 2374 excitatus
965 2341 1013 2376 nee
1031 2321 1067 2378 X.
1091 2322 1220 2377 cervicali
1244 2323 1274 2377 in
1297 2340 1329 2377 os
1346 2323 1449 2392 injecto
1468 2322 1497 2375 in
1514 2339 1625 2377 ceroma
1644 2321 1798 2376 suffocatus

50 2408 86 2450 ⁵1-
101 2403 230 2473 queritur
246 2402 283 2456 de
300 2402 433 2472 angustia
448 2401 567 2472 pectoris
579 2408 607 2456 et
618 2403 817 2472 praesentiens,
835 2404 938 2458 instare
966 2414 1015 2462 est
1058 2409 1200 2475 1861666166
1223 2409 1265 2464 II.
1292 2425 1354 2463 cum
1380 2409 1411 2461 iu
1436 2408 1553 2463 basilica
1577 2410 1604 2461 S.
1628 2407 1718 2463 crucis
1744 2406 1800 2462 Bo·

98 2490 160 2558 J'am
178 2488 252 2542 vitae
270 2487 361 2551 linem,
376 2486 421 2541 his
439 2488 550 2542 omnino
570 2488 662 2542 verbis
681 2488 773 2543 Deum
793 2488 938 2560 implorat:
965 2510 1027 2548 maa
1052 2494 1081 2548 in
1100 2493 1256 2549 Jerusalem
1281 2493 1478 2557 sacrificasset,
1504 2493 1649 2549 adiabolo
1667 2510 1699 2549 ex
1717 2496 1800 2563 pacto

102 2576 191 2628 Pater
212 2576 252 2628 mi
274 2575 416 2643 coelestis,
449 2577 528 2627 Deus
552 2582 577 2627 et
596 2583 682 2641 pater
707 2576 826 2628 Domini
849 2577 941 2629 nostri
965 2580 1118 2635 exstinctus
1146 2587 1196 2635 661,
1237 2581 1401 2635 Alexander
1430 2581 1478 2636 VI.
1510 2597 1544 2636 ex
1571 2594 1678 2635 veneno
1710 2578 1800 2649 periit,

100 2661 174 2715 Jeeu
201 2663 319 2727 fflrrimi,
351 2663 432 2713 Deus
455 2663 544 2714 omnz's
568 2662 782 2733 consolationis,
811 2681 866 2732 apo
889 2662 941 2715 tibi
965 2667 1040 2737 quod
1060 2666 1122 2720 aliis
1141 2673 1295 2736 paraverat
1330 2667 1478 2722 Iohannee
1496 2666 1588 2722 XIII.
1615 2666 1698 2720 homo
1714 2665 1799 2720 scele-

98 2750 226 2816 9ratine,
256 2751 333 2816 quod
359 2747 452 2816 filium
481 2755 557 2800 tuum
584 2749 683 2802 ,Iesum
707 2749 848 2802 Christum
871 2749 940 2802 mibi
965 2752 1118 2807 reticuimus
1153 2752 1182 2806 in
1210 2753 1349 2807 adulterio
1380 2752 1570 2823 deprehensus
1599 2757 1628 2806 61
1657 2752 1800 2807 confossus

98 2835 245 2903 resdasti,
271 2835 318 2887 cui
336 2835 460 2902 credidi,
488 2851 568 2901 qreem
592 2835 738 2897 consertus
757 2852 831 2900 eum,
858 2853 937 2903 mum
963 2838 1053 2908 periit.
1090 2838 1240 2892 Adrianus
1259 2838 1383 2909 pontiiex
1403 2837 1713 2893 excommunicationem
1725 2837 1800 2893 Hen-

99 2922 206 2988 amari,
228 2936 308 2988 msam
326 2921 478 2983 661666αυὶ,
503 2936 583 2987 prtem
597 2920 731 2989 pontifice
746 2921 892 2974 Romanus
911 2930 937 2976 et
964 2926 1023 2979 rico
1044 2924 1083 2978 11.
1115 2924 1278 2988 denuntiat,
1306 2924 1366 2994 ipse
1395 2942 1413 2979 a
1437 2924 1499 2979 Deo
1528 2923 1708 2992 maledictus,
1736 2940 1800 2978 cum

99 3008 212 3076 reliquia
235 3007 384 3077 ineptorum
410 3007 492 3059 turba
511 3007 692 3076 persequitur
717 3015 744 3060 et
763 3009 937 3075 616611666-
964 3026 1065 3081 aquam
1089 3027 1105 3064 6
1125 3010 1203 3065 fonte
1222 3009 1445 3077 11661116661161,
1469 3025 1565 3064 musca
1582 3010 1611 3064 in
1631 3027 1661 3063 os
1679 3011 1741 3080 ejus
1759 3009 1799 3063 in·

99 3093 227 3160 mordeo,
252 3109 323 3161 repo
347 3100 372 3145 te
394 3093 434 3144 mi
459 3093 581 3145 Domine
605 3093 676 3145 Ι1666
696 3093 805 3147 Cbrirte
828 3094 937 3164 uuerbe
963 3096 1060 3151 volans
1079 3096 1186 3167 guttmi
1203 3096 1344 3164 adhaesit,
1372 3112 1428 3166 qua
1452 3095 1552 3149 misere
1575 3093 1727 3149 suffocatus
1748 3100 1799 3148 est.

97 3179 255 3232 animulam
272 3194 369 3232 meam
400 3178 449 3230 Mi
457 3178 546 3231 Pater
564 3178 699 3243 coeleetie,
722 3181 833 3232 etrbmei
851 3180 937 3232 dicet-
963 3181 1137 3248 Bonifatius
1163 3182 1228 3237 VII.
1258 3198 1370 3236 suorum
1396 3180 1531 3254 ecelerpm
1558 3179 1728 3234 conscientia
1753 3196 1798 3233 ex·

98 3269 145 3320 lor
163 3283 196 3318 en
215 3265 268 3317 boc
283 3265 357 3331 rna,
374 3265 439 3317 lieet
456 3282 558 3335 eorpus
577 3266 646 3317 miti
660 3267 721 3333 jam
741 3268 778 3319 eit
798 3270 934 3337 deponen-
964 3267 1102 3322 curciacus
1121 3266 1269 3323 subitanea
1285 3272 1374 3322 morte
1391 3265 1482 3336 periit
1518 3265 1562 3320 lta
1585 3265 1710 3320 referunt
1735 3264 1797 3318 Pla·

98 3355 176 3415 dun,
194 3359 271 3404 certo
290 3358 381 3403 tamen
398 3350 464 3417 seio,
482 3366 524 3403 me
541 3359 629 3404 tecum
643 3368 860 3421 permansierant
878 3369 936 3406 esee
963 3354 1037 3422 tina,
1056 3353 1190 3418 Balaeus,
1209 3351 1378 3421 Nauclorus,
1397 3350 1560 3422 Sigebertus
1579 3355 1632 3404 etc.
1659 3349 1732 3406 unde
1749 3349 1797 3406 Jo-

99 3441 130 3491 in
153 3438 351 3508 nemptonum
376 3453 463 3505 neqrse
483 3453 569 3507 posse
589 3455 631 3490 me
649 3438 704 3490 tuis
722 3455 756 3490 ee
773 3439 900 3491 manibrio
917 3457 937 3491 a
963 3439 1069 3493 hennae
1095 3438 1306 3494 sarisberiensis
1333 3438 1362 3491 in
1388 3437 1513 3507 policrat.
1538 3435 1602 3493 libr.
1623 3441 1648 3491 6.
1675 3452 1737 3507 cap.
1755 3443 1797 3494 21.

100 3541 242 3594 qssoqwn
260 3522 352 3576 666111.
387 3522 450 3577 Non
469 3523 557 3576 multo
579 3529 644 3593 poet
660 3539 721 3578 eam
740 3524 935 3594 precationem,
963 3524 1074 3593 scribit,
1107 3542 1137 3579 se
1161 3533 1282 3593 putare,
1311 3525 1458 3596 pactificet
1482 3530 1542 3577 tam
1566 3523 1642 3575 brevi
1657 3523 1747 3579 616666
1763 3540 1798 3576 ac

99 3610 150 3664 nbi
181 3608 309 3678 spiritum
335 3626 416 3662 enum
437 3609 466 3661 in
489 3625 588 3664 manus
610 3609 664 3663 Dei
687 3610 771 3664 semel
790 3611 936 3666 etiterum
962 3620 1020 3665 tom
1037 3618 1149 3682 repente
1167 3612 1252 3674 mori,
1279 3628 1313 3664 ne
1336 3619 1423 3665 totam
1443 3611 1589 3665 meletiam
1605 3616 1798 3676 comumpant.

99 3695 336 3759 commendasset,
355 3698 488 3765 tanquam
506 3695 675 3750 dormiturus
693 3695 827 3765 paulatim
846 3715 861 3752 6
878 3698 936 3751 vita
962 3697 1097 3767 Exempla
1125 3697 1235 3752 divinae
1264 3697 1415 3753 Nemeseos
1438 3713 1471 3751 ac
1494 3695 1633 3751 horribilis
1657 3693 1797 3751 vindictae

99 3782 234 3845 discedit,
257 3781 336 3834 nullo
361 3796 425 3834 cum
447 3782 584 3850 corporis,
610 3781 658 3851 qni
681 3782 793 3852 quidem
811 3782 934 3838 animad·
961 3783 991 3837 in
1015 3789 1205 3853 persecutores
1231 3782 1409 3838 ecclesiarum
1432 3781 1658 3853 evangelicarum
1680 3786 1709 3835 et
1731 3796 1797 3851 apo·

99 3869 172 3922 verti
197 3867 348 3936 potuisset,
375 3866 516 3935 cmciatu;
539 3867 593 3921 tuit
617 3873 711 3921 autem
730 3869 754 3921 is
772 3886 861 3923 annus
878 3869 935 3923 Lu·
962 3875 1049 3925 statae
1069 3871 1205 3925 exercitae
1229 3885 1372 3939 possemus
1392 3884 1607 3924 commemorare
1626 3866 1797 3938 quampluri·

97 3953 173 4008 tberi
197 3953 398 4007 climactericas
422 3959 463 4008 63.
492 3953 541 4023 qui
567 3952 638 4008 solet
662 3970 723 4008 sese
747 3953 934 4024 periculosior.
961 3972 1014 4027 ma,
1033 3956 1056 4009 si
1076 3972 1110 4010 ex
1127 3955 1241 4027 tragicis
1253 3954 1446 4011 defunctorum
1461 3954 1593 4025 exemplis
1606 3953 1699 4022 potius
1712 3969 1795 4024 quam

100 4046 124 4095 3.
143 4039 220 4095 Neve
241 4038 364 4094 Sleidani
390 4045 418 4093 et
439 4039 625 4094 Melantbonie
649 4038 732 4095 fidem
750 4039 934 4095 Bellarminus
961 4059 995 4097 ex
1023 4042 1126 4097 sanctis
1153 4043 1209 4096 viri
1229 4042 1285 4096 Dei
1311 4040 1429 4098 oraculis
1453 4041 1488 4097 de
1510 4039 1645 4110 religione
1666 4039 1796 4109 judicare

99 4127 129 4179 in
149 4124 265 4179 dubium
280 4141 380 4179 vocare
393 4132 492 4196 queat,
511 4126 689 4196 producimus
699 4125 797 4181 Jacob.
812 4125 934 4196 August.
962 4128 1113 4185 midlemus.
1155 4126 1238 4182 Anno
1271 4133 1343 4183 1622.
1378 4129 1530 4193 Emserue,
1560 4141 1642 4195 quem
1674 4124 1797 4195 Capram

97 4212 247 4266 'l'lruanum
274 4210 434 4266 butoricum
457 4210 651 4279 Pontificium,
682 4211 729 4282 qui
752 4211 799 4266 lib.
821 4217 844 4265 2.
870 4210 934 4266 bist.
961 4211 1117 4281 nominant,
1153 4228 1185 4266 eo
1212 4212 1272 4282 ipso
1301 4212 1360 4276 die,
1392 4229 1448 4283 quo
1471 4210 1601 4267 Alexium
1627 4210 1794 4266 Crosnerum
1809 4223 1855 4265 ¹11.
1874 4223 1918 4267 161.

97 4314 160 4367 pag.
180 4302 221 4355 30.
240 4297 338 4351 eodem
358 4297 440 4352 modo
452 4297 567 4352 Lutheri
586 4297 693 4353 obitum
705 4296 854 4351 describit:
876 4297 934 4351 Sub
960 4314 1059 4367 puram
1077 4297 1214 4369 evangelii
1232 4297 1385 4352 docuinam
1403 4297 1530 4354 macae
1547 4296 1659 4367 publice
1679 4295 1795 4352 661166-

97 4386 131 4437 16
161 4391 268 4454 tempta
297 4382 408 4453 (inquit)
442 4385 589 4437 Martinus
619 4384 757 4437 Lutterus
788 4385 934 4437 trerbarrem
960 4383 1025 4438 liter
1048 4390 1248 4454 proponentem
1272 4384 1404 4439 mandato
1432 4384 1511 4440 ducis
1530 4383 1643 4454 Georgii
1663 4382 1733 4439 urbe
1750 4400 1797 4437 ex·

97 4477 199 4523 eontra
215 4469 395 4535 Parrtificiam
413 4471 609 4523 auctoritatem
620 4470 823 4523 conedatarum
835 4454 1059 4525 auctor³cedere
1085 4477 1114 4525 61
1136 4469 1300 4540 importunis
1325 4469 1571 4540 imprecationibus
1597 4487 1660 4525 cum
1689 4468 1797 4524 familia

96 4573 187 4609 annos
205 4563 289 4608 natue
307 4557 345 4607 63
364 4555 394 4607 in
407 4556 508 4626 patria
525 4555 644 4630 Ielebio,
669 4556 745 4623 quod
768 4562 808 4607 eet
834 4557 932 4608 Mane-
959 4555 989 4610 in
1014 4555 1142 4610 exsilium
1159 4556 1200 4609 ire
1224 4555 1418 4627 compulisset,
1444 4556 1590 4612 subitanea
1608 4562 1696 4611 morte
1716 4555 1797 4609 mise·

94 4642 223 4706 seldieae
254 4640 370 4695 unionis
397 4642 550 4712 oppidum,
589 4641 706 4695 moritm
740 4644 782 4696 12.
816 4640 932 4697 Calend.
959 4641 1053 4696 randis
1065 4647 1093 4697 et
1104 4641 1229 4696 tristibus
1243 4641 1369 4712 gestibus
1386 4641 1537 4696 exstinctus
1550 4647 1602 4708 est,
1615 4641 1796 4696 Salnsccerus

94 4728 239 4795 Martias,
265 4727 336 4781 illue
359 4727 560 4794 Wittenberoa,
578 4726 628 4778 ubi
647 4727 771 4792 docebat,
794 4745 813 4780 a
833 4728 931 4781 Mone-
960 4728 988 4782 in
1009 4734 1078 4782 orat.
1098 4728 1133 4783 de
1149 4727 1208 4782 init.
1228 4732 1256 4783 61
1277 4745 1369 4800 progr.
1392 4728 1549 4798 Augustae.
1568 4726 1685 4783 confess.
1704 4746 1732 4798 p.
1754 4732 1797 4784 26.

92 4814 197 4878 feldiie
214 4813 357 4867 eomin'bus
373 4821 486 4866 uocatus
506 4820 532 4866 et
549 4812 656 4865 arbiter
672 4812 783 4881 electus,
800 4822 831 4866 ut
848 4814 930 4867 disei-
958 4813 1160 4868 *renascetur
1180 4813 1405 4885 archiepiscopus
1424 4814 1595 4870 Turonensis
1611 4814 1717 4883 primus
1735 4812 1796 4882 regi

94 4900 183 4967 dium,
203 4901 279 4967 qrsod
295 4899 370 4952 inter
387 4901 464 4970 ipsos
483 4901 517 4952 de
536 4899 637 4963 661666
657 4905 682 4950 61
696 4899 849 4954 hereditate
861 4907 930 4967 erat,
959 4899 1069 4956 Galbae
1090 4905 1188 4955 auctor
1209 4899 1263 4954 fuit
1279 4899 1449 4970 quaesitores
1466 4899 1645 4968 instituendi,
1670 4899 1718 4970 qui
1734 4899 1796 4969 pios

92 4992 278 5056 componeret.
313 4986 382 5039 Post
398 5002 512 5040 coenam
526 4985 654 5056 proxime
665 4992 730 5038 arcte
741 4993 856 5055 noctem,
875 5003 931 5055 quo
958 4991 1120 5041 cremarent
1164 4986 1219 5040 Sed
1254 4987 1276 5040 is
1308 4985 1380 5041 febri
1410 4985 1603 5042 ardentissima
1636 4985 1725 5055 primo
1757 4985 1798 5040 ita

92 5071 227 5138 decessit,
254 5088 316 5123 eum
341 5079 504 5140 reparetur,
529 5090 595 5124 num
620 5072 648 5123 in
673 5071 729 5125 itta
753 5071 847 5125 altera
872 5073 931 5126 vita
959 5080 1072 5129 exustus
1088 5071 1155 5142 fuit,
1181 5078 1212 5127 ut
1230 5072 1366 5128 exteriora
1391 5072 1515 5127 membra
1538 5071 1578 5126 illi
1597 5077 1796 5145 putrescerent,

91 5158 182 5210 simus
206 5155 280 5210 alter
308 5157 428 5210 aiterum
457 5157 600 5225 aonium,
627 5158 670 5210 ita
698 5174 756 5211 esee
780 5159 876 5227 ajebat
906 5167 931 5213 et
959 5177 1010 5215 nec
1035 5158 1110 5215 calor
1137 5159 1190 5214 1616
1216 5159 1346 5214 membris
1365 5159 1534 5215 articulatim
1555 5157 1683 5212 dissectis
1703 5157 1794 5213 sedari

92 5242 253 5312 scripturis
282 5242 472 5310 confinnabat.
522 5243 556 5296 Ut
590 5244 718 5297 certatim
747 5261 809 5297 eum
838 5246 928 5300 cirum
958 5245 1093 5316 potuerit,
1124 5245 1171 5315 qui
1194 5245 1305 5300 tandem
1331 5250 1452 5301 ueterem
1469 5243 1637 5313 combussit,
1662 5242 1795 5300 Wolfiius

90 5329 177 5383 mter·
192 5328 336 5400 compleri,
354 5330 395 5382 sie
415 5346 465 5383 nec
483 5337 570 5383 morte
584 5331 744 5398 quidemcb
759 5331 926 5398 ejusamore
958 5338 1027 5388 caut.
1049 5337 1088 5389 16.
1112 5348 1175 5387 ann.
1201 5338 1274 5388 1613.
1305 5350 1333 5402 p.
1359 5334 1445 5389 723*
1480 5332 1656 5390 1111661521.
1685 5333 1796 5390 licum
