4004 6022
770 330 823 388 Dli
840 330 965 392 SAURA
983 328 1119 391 OOENA.
1748 334 1789 407 6‘9

88 492 173 548 sterio
196 489 379 560 relinquetur.
421 487 554 544 Notsnda
576 486 660 542 etiam
686 487 825 558 emphasis
851 486 880 540 in
897 502 931 541 eo
956 489 1016 556 tur,
1044 488 1071 541 si
1098 488 1135 540 sit
1161 491 1351 563 εεκυρωμθη,
1380 489 1434 545 hoc
1460 493 1503 545 est
1528 490 1652 562 legitima
1670 499 1699 547 et
1714 494 1789 565 judi-

88 579 191 642 latens,
227 575 304 648 quod
330 590 409 630 sacra
433 590 521 631 coena
542 573 576 629 N.
600 574 633 628 Τ.
660 580 861 629 sacramentum
885 573 930 626 sit.
955 571 1062 628 cialiter
1079 573 1248 640 confirmata,
1267 574 1405 630 ratificsta
1422 593 1455 631 ac
1473 575 1584 646 plenam
1597 568 1791 635 auctoritatem

88 665 161 720 liam
187 664 212 718 si
237 661 284 717 vel
306 660 425 716 maxime
443 676 477 714 ex
494 658 680 730 descriptione
697 665 930 714 sacramentorum
955 666 1118 724 consecuta,
1137 677 1217 716 neno
1234 660 1341 728 iteret,
1359 663 1491 732 emanat,
1514 663 1621 728 abolet,
1640 666 1792 722 contemtui

88 751 124 808 V.
142 750 178 805 T.
191 748 328 821 figuratus
348 752 376 802 et
399 746 598 817 metonymicas
616 762 681 800 suas
698 745 851 800 locutiones
868 762 929 816 pro·
953 743 1039 800 habet
1065 752 1114 800 aut
1139 747 1244 802 irritam
1271 747 1356 819 facit,
1380 765 1461 802 nemo
1485 751 1569 803 stiam
1600 750 1790 819 tnrdrmrirrsr,

88 838 156 892 baro
178 839 294 908 possent
315 832 480 901 adversarii,
504 832 590 904 (quod
608 838 701 888 tamen
720 848 863 903 uunquam
880 848 928 902 po
955 831 1069 901 attusia
1093 834 1215 903 amplius
1243 835 1381 904 duponit,
1408 852 1441 890 ac
1463 839 1549 907 μέρος
1568 837 1729 910 προσθήκης
1746 838 1790 895 vel

88 924 192 989 terum)
216 922 245 976 id
266 921 390 975 noudum
415 923 550 974 everteret
575 917 606 972 τὸ
630 915 713 990 ῥητὸν
732 918 761 972 in
778 918 871 973 serbis
888 917 928 971 in-
953 917 982 971 in
1006 918 1194 974 materialibus
1216 920 1260 975 vel
1278 920 1442 991 formalibus
1459 921 1564 993 adjicit
1602 921 1648 978 sie
1667 923 1788 980 formula

89 1006 240 1064 stitutionis
273 1021 370 1060 sacrae
399 1021 516 1069 coenae,
548 1021 612 1059 cum
633 1004 702 1059 baec
729 1020 785 1059 non
810 1003 928 1072 Veteris,
953 1004 1102 1061 ioederalis
1122 1007 1152 1061 in
1168 1006 1204 1062 V.
1220 1007 1253 1063 T.
1288 1009 1346 1061 Hic
1367 1016 1409 1061 ert
1430 1009 1547 1076 sanquis
1566 1012 1724 1064 testamenti
1740 1019 1791 1066 aut

89 1095 166 1163 qaod
189 1093 318 1148 ambram
342 1098 450 1144 tantem
475 1090 571 1144 babuit
588 1093 757 1158 futurorum
786 1089 929 1159 bonorum,
951 1092 1081 1156 foederis
1106 1093 1182 1164 (quia
1198 1110 1252 1148 vox
1273 1093 1354 1169 ⁰³7³,
1376 1099 1523 1165 utrumque
1541 1093 1791 1167 significat),quod

89 1180 136 1235 ssd
159 1179 196 1236 li.
214 1178 248 1233 T.
268 1177 306 1232 sit
320 1182 539 1245 sacramentum,
564 1176 639 1248 quod
658 1176 749 1247 ipsam
769 1175 863 1231 steina
881 1179 928 1229 ast
955 1178 1036 1231 Deus
1062 1177 1173 1249 ptpipit
1193 1180 1347 1248 namucum,
1369 1179 1455 1235 Exod.
1482 1185 1531 1249 tt,
1555 1196 1582 1237 v.
1603 1185 1626 1236 8.
1658 1180 1746 1239 Hebr.
1765 1188 1790 1252 o,

89 1270 170 1340 adpo
186 1264 307 1332 obtinet,
330 1261 435 1318 Ooloss.
453 1268 483 1330 2,
508 1281 535 1317 v.
555 1269 595 1320 tt.
614 1261 700 1319 liebr.
724 1268 770 1331 10,
787 1279 815 1319 s.
836 1269 858 1318 l.
893 1261 927 1318 In
954 1282 979 1321 v.
1004 1269 1045 1320 20.
1064 1264 1131 1318 olim
1149 1281 1258 1336 semper
1275 1266 1386 1338 proprie
1404 1282 1438 1320 ac
1457 1266 1494 1320 ad
1511 1266 1626 1321 verbum
1646 1266 1790 1323 intellecta

89 1349 274 1422 descriptione
300 1347 447 1419 baptismi,
477 1348 544 1419 quin
571 1348 654 1403 etiam
680 1348 709 1401 in
742 1346 927 1418 descriptione
953 1349 989 1404 de
1020 1353 1173 1421 praesentis
1201 1351 1343 1424 sanguinis
1374 1352 1552 1422 adspersione
1585 1357 1613 1407 et
1639 1369 1689 1424 per
1712 1352 1789 1409 illam

89 1435 304 1495 circumcisionis
328 1440 357 1489 et
379 1435 445 1506 ugni
469 1433 624 1505 paschalis,
650 1434 717 1506 quid
737 1433 926 1505 improprium,
952 1435 1072 1491 foederis
1094 1436 1314 1500 confirmationet
1341 1438 1413 1493 hanc
1430 1437 1577 1493 formulam
1597 1437 1723 1494 Christus
1740 1438 1789 1494 ad-

89 1524 155 1596 quid
177 1520 349 1595 figuratum?
373 1520 466 1576 omnia
488 1520 575 1577 rerba
596 1522 738 1592 propriam
757 1527 786 1576 et
804 1520 926 1575 nativam
949 1523 1033 1593 jectis
1069 1522 1234 1579 discriminis
1269 1541 1355 1579 causa
1387 1523 1496 1578 duabus
1534 1530 1642 1579 tentum
1672 1526 1788 1597 voculis,

88 1611 210 1666 retinent
238 1606 482 1681 significationem,
520 1613 552 1661 nt
583 1623 616 1660 ex
648 1607 809 1662 inductione
840 1607 926 1661 mani·
952 1624 1052 1680 nempe
1070 1626 1147 1663 meus
1165 1618 1192 1663 et
1211 1611 1288 1679 noui,
1309 1610 1345 1664 ad
1362 1627 1465 1664 norum
1481 1609 1581 1665 foedus
1597 1612 1708 1683 proprio
1725 1630 1788 1667 san-

88 1698 205 1767 iestum3
223 1712 273 1750 cur
291 1694 378 1767 igitur
396 1694 425 1748 in
444 1710 524 1748 sacra
538 1693 765 1749 coenaaliteruli
780 1693 926 1748 verborum
952 1694 1038 1765 guina
1066 1696 1202 1750 sancitum
1227 1696 1385 1763 transtulit3
1415 1711 1528 1750 necesse
1544 1695 1630 1767 igitur
1647 1704 1702 1762 est,
1726 1716 1788 1754 eam

88 1799 171 1838 sensu
199 1781 329 1837 recedere
351 1779 486 1836 velimus?
512 1779 742 1836 sacramentalem
768 1779 925 1850 analogiam
952 1780 1036 1835 edam
1064 1799 1139 1837 nnnc
1162 1782 1275 1853 proprie
1300 1781 1335 1837 de
1353 1782 1507 1853 praesentis
1524 1782 1668 1853 sanguinis
1686 1781 1788 1838 Christi

88 1874 224 1943 perpetuo
252 1874 355 1939 urgent
383 1866 551 1935 advenerit,
581 1873 612 1921 at
642 1865 711 1920 haec
738 1872 781 1921 est
805 1881 871 1920 vera
897 1870 927 1920 et
952 1866 1122 1923 exhibitione
1140 1866 1268 1938 intelligi,
1286 1867 1361 1922 unde
1379 1873 1492 1938 propter
1510 1867 1657 1939 paritatem
1674 1869 1788 1923 rationis
1887 1879 1893 1891 ·

88 1954 241 2012 communis
267 1953 389 2008 omnium
419 1958 652 2007 sacramentorum
682 1951 825 2023 analogiaf,
850 1950 926 2023 qnod
952 1953 1094 2024 sequitur,
1124 1955 1208 2009 etiam
1237 1954 1356 2023 priorem
1385 1961 1506 2026 partem.
1536 1955 1588 2009 lsoc
1617 1962 1659 2008 est
1688 1973 1790 2025 corpus

88 2041 238 2112 descriptio
267 2056 361 2095 eorum
388 2038 506 2109 simplici
530 2044 558 2094 et
583 2039 695 2111 proprio
721 2038 852 2094 sermonis
878 2055 925 2110 ge
952 2056 1055 2110 merem,
1081 2040 1179 2095 itidem
1204 2040 1315 2111 proprie
1339 2040 1531 2110 accipiendam
1549 2058 1617 2098 esse.
1653 2041 1789 2114 Augusti·

87 2146 151 2185 nere
169 2133 287 2184 comtat.
952 2143 1004 2180 nus
1026 2126 1055 2180 in
1081 2126 1184 2182 Psalm.
1209 2132 1250 2181 21.
1275 2143 1357 2196 super
1375 2126 1477 2181 verba:
1510 2125 1651 2189 Quoniam
1670 2129 1790 2182 Domini

10 2224 77 2265 aua·
122 2221 164 2273 73.
200 2213 327 2269 Alteram
350 2213 485 2267 rationem
503 2209 665 2281 suppeditat
680 2210 838 2265 testamenti
857 2226 923 2280 qua-
952 2220 992 2266 cet
1014 2229 1130 2281 rspnum
1153 2219 1181 2266 et
1201 2214 1262 2281 ipse
1286 2212 1478 2266 dominabitur
1499 2215 1643 2280 pentibru:
1668 2214 1788 2268 iratres

10 2277 69 2369 iiim,
89 2302 159 2360 litas.
195 2298 339 2371 Quidquid
358 2298 508 2353 solenniter
523 2296 576 2350 sub
593 2294 683 2349 forma
699 2295 857 2350 testamenti
875 2296 924 2349 ali·
950 2316 1057 2362 sumus,
1086 2316 1173 2368 msere
1197 2299 1366 2367 titipamuel
1397 2316 1453 2351 non
1481 2298 1629 2352 intestatus
1660 2309 1786 2354 mortrsas

89 2387 152 2444 cubi
170 2385 350 2459 proponitur,
378 2385 438 2454 ejus
458 2382 545 2437 verba
568 2381 729 2453 simpliciter
755 2387 784 2436 et
807 2379 924 2439 κατὰτὸ
951 2392 991 2438 est
1017 2392 1116 2454 pater,
1140 2385 1218 2453 fecit
1248 2391 1440 2438 testamentum
1467 2392 1494 2438 et
1519 2385 1561 2437 sic
1589 2392 1716 2439 meruius
1738 2393 1787 2452 cst,

87 2476 170 2548 ῥητὸν
185 2471 349 2542 accipienda
367 2475 441 2526 sunt.
470 2467 564 2523 Coena
576 2467 689 2522 Domini
707 2466 858 2522 solenniter
870 2466 923 2521 sub
949 2478 1076 2524 mortuus
1097 2478 1138 2524 est
1164 2478 1191 2524 et
1210 2470 1372 2526 recurrerit.
1414 2470 1537 2524 Tamdiu
1556 2471 1732 2524 contenditur
1750 2475 1787 2525 de

86 2561 173 2616 forma
198 2557 357 2614 terranem
381 2555 508 2609 instituta
531 2560 573 2608 est
595 2553 694 2607 Msuh.
714 2558 755 2608 26.
773 2552 861 2609 Marc.
883 2558 922 2608 ll.
947 2557 1102 2610 hereditate
1124 2564 1309 2626 mortiterum,
1336 2557 1474 2625 quamdiu
1499 2562 1689 2610 testamentum
1716 2575 1785 2628 pro-

86 2647 154 2703 Luc.
172 2650 215 2702 tt.
257 2642 341 2700 Unde
367 2642 439 2696 calix
464 2639 662 2695 eucharisticus
685 2642 802 2693 vocabu
824 2656 923 2692 nouum
946 2641 1061 2705 feratur
1083 2643 1113 2696 in
1130 2643 1277 2713 pubiicum
1302 2649 1328 2697 ct
1352 2659 1414 2696 cum
1433 2649 1623 2695 testamentum
1637 2643 1786 2713 prolatum

86 2738 276 2789 rmummtum
303 2730 335 2783 in
359 2728 466 2783 curuis·
490 2727 627 2796 impunite
655 2724 725 2783 Luc.
752 2731 800 2806 22,
829 2740 855 2782 v,
880 2730 921 2780 20.
947 2729 1038 2792 fuerit
1055 2729 1085 2782 in
1098 2728 1254 2799 publicum,
1271 2735 1363 2782 tacerd
1382 2744 1493 2798 omnes,
1510 2737 1541 2782 ut
1560 2729 1671 2783 tabulae
1691 2730 1786 2800 aperi·

89 2826 109 2876 l.
133 2819 196 2877 Cor.
217 2823 262 2888 ll,
287 2834 313 2870 v.
332 2820 374 2870 21.
418 2814 494 2885 Ergo
524 2813 611 2868 rerba
642 2812 822 2868 institutionis
847 2810 921 2866 illius
947 2821 1034 2868 antur
1061 2822 1088 2868 et
1109 2816 1269 2870 reduntur.
1303 2816 1401 2869 Juuer
1422 2816 1544 2869 intentus
1567 2815 1665 2884 audit,
1698 2818 1785 2872 adso

87 2905 246 2978 simpliciter
271 2907 301 2958 et
328 2898 397 2956 ruri
421 2898 450 2954 ri
473 2898 557 2974 ῥητὸν
578 2898 742 2970 accipienda
765 2904 837 2954 sunt
874 2897 920 2952 Ad
947 2901 1007 2954 cuti
1028 2901 1124 2971 silent,
1143 2918 1300 2971 praecones
1323 2901 1465 2956 alentium
1488 2901 1613 2972 faciunt,
1639 2902 1785 2956 εεείεεεεεεε

86 3000 224 3064 stuporem
257 3004 346 3061 usqne
381 2987 538 3042 mirandum
573 2987 645 3041 foret
678 2985 787 3054 (scribit
814 2984 921 3040 amicus
943 2988 1070 3056 popular
1094 3006 1247 3057 nupturus
1272 2995 1326 3056 est,
1360 2995 1390 3040 ut
1417 2987 1547 3055 lepantnr
1573 2988 1659 3040 uerba
1680 2991 1788 3043 mortni

85 3087 177 3134 noster
215 3074 371 3131 Balduinus
411 3074 440 3128 in
478 3073 556 3130 artic.
594 3071 731 3128 Schmalc.
771 3071 840 3141 disp.
880 3076 920 3127 16.
946 3090 1003 3126 non
1027 3074 1170 3128 sententis
1186 3074 1217 3127 in
1236 3079 1420 3127 monteacuto.
1456 3073 1513 3127 Iiie
1530 3074 1589 3127 sine
1607 3090 1690 3128 sensu
1707 3076 1785 3144 iacet

85 3165 121 3222 th.
142 3167 211 3232 te),
236 3161 312 3232 qnod
334 3159 421 3215 verba
445 3159 626 3214 institutionis
649 3163 708 3213 tam
726 3157 803 3213 clara
820 3156 876 3212 sint
892 3161 922 3212 et
946 3160 977 3212 in
1002 3167 1176 3213 monteacuto
1205 3167 1232 3213 st
1256 3160 1351 3212 nalem
1373 3159 1458 3213 cerba
1476 3160 1583 3228 ipsium
1607 3162 1684 3213 sedet
1703 3161 1784 3215 Citri-

84 3250 232 3322 perspicua
254 3249 284 3303 iu
309 3246 554 3319 praecedentibus,
574 3262 607 3302 eo
627 3261 693 3300 vero
717 3246 747 3298 in
769 3245 845 3313 loco,
870 3244 920 3298 nbi
945 3253 1005 3298 stus
1039 3247 1069 3298 in
1105 3247 1183 3300 coeio
1213 3253 1240 3299 et
1271 3246 1479 3299 contradicitur
1507 3253 1670 3299 testamento
1700 3249 1783 3316 ejus!

85 3337 205 3408 ipsorum
229 3335 386 3407 legatorum
409 3333 522 3387 nomina
547 3332 753 3403 exprimuntur,
774 3337 832 3386 tem
860 3350 919 3403 per·
945 3331 1038 3401 Aperi
1056 3332 1189 3400 iepamue.
1221 3333 1340 3386 &aaut
1351 3348 1453 3398 sumus,
1472 3347 1561 3400 quare
1569 3332 1783 3386 emanarunt

84 3423 165 3494 plexa
189 3426 219 3476 et
237 3420 379 3484 intricata,
405 3426 436 3474 ut
460 3419 552 3473 omnia
570 3419 694 3473 nativam
718 3434 795 3472 suam
816 3418 919 3491 signifi·
941 3418 1075 3486 placetur
1096 3418 1207 3470 animur
1231 3425 1339 3484 noster,
1371 3432 1426 3469 non
1455 3417 1514 3468 sine
1540 3423 1704 3470 testamento
1731 3435 1783 3470 nos

84 3508 219 3564 ostionem
236 3505 374 3575 amittant,
392 3505 445 3560 hoc
465 3521 562 3560 sensu:
583 3503 670 3571 edite,
690 3503 718 3556 id
740 3509 783 3557 est
801 3504 920 3569 credite3
946 3503 1055 3556 <timuit
1079 3504 1174 3556 Pater.
1215 3503 1268 3562 Qui
1282 3503 1353 3566 fecit
1373 3508 1579 3565 indumentum,
1601 3501 1669 3554 uiuit
1688 3503 1718 3555 in
1736 3519 1783 3556 ae-

85 3594 149 3663 lioc,
176 3593 205 3647 id
227 3599 271 3648 est
293 3591 339 3646 bic
362 3592 437 3647 solus
461 3591 556 3662 panis,
583 3596 626 3644 est
643 3606 743 3659 corpus
760 3605 865 3655 meum,
890 3590 920 3644 id
945 3598 1062 3656 ternum,
1084 3586 1264 3641 auduram
1282 3595 1402 3653 normas,
1422 3587 1548 3655 amaneu
1563 3604 1652 3640 stram.
1693 3590 1783 3656 Lepa-
1861 3651 1863 3655 .

85 3688 125 3735 est
143 3679 256 3752 signum
273 3677 396 3749 corporis
412 3677 479 3740 mei,
499 3675 575 3748 qnod
592 3674 723 3744 traditur,
743 3674 773 3728 id
792 3681 836 3730 cst
853 3693 919 3746 qua·
946 3694 1021 3745 mus,
1047 3675 1118 3743 quid
1142 3675 1305 3741 litiqamusi
1327 3674 1376 3726 udi
1396 3675 1508 3727 inventa
1526 3672 1624 3740 fueret
1647 3675 1712 3742 apsa
1736 3675 1782 3728 lss·

85 3771 163 3822 tenus
189 3763 310 3819 traditur
333 3780 384 3834 pro
407 3762 499 3831 vobis,
529 3762 559 3816 id
587 3767 630 3815 sst
654 3760 719 3816 solis
741 3761 844 3816 electis.
880 3762 1068 3827 Attrertitas,
1089 3775 1151 3813 eam
1172 3768 1322 3813 teneamus.
1359 3759 1479 3829 Optatus
1503 3759 1657 3816 Milsritsn.
1685 3759 1733 3814 lib.
1757 3767 1781 3817 5.

85 3852 144 3923 quis
166 3849 353 3922 evangelista,
379 3849 440 3920 quis
464 3850 606 3918 apostolus
624 3846 708 3917 hujus
728 3847 920 3917 explicationis
946 3848 1008 3902 adv.
1034 3845 1226 3901 Parmenian.:
1256 3847 1301 3899 De
1326 3845 1403 3899 cosle
1428 3848 1605 3914 qraerenuru
1625 3853 1665 3899 est
1679 3847 1781 3916 judea,

84 3938 126 3993 vel
143 3938 228 3993 unico
247 3936 335 3992 solum
354 3935 441 3990 verbo
461 3932 607 3989 meminit?
623 3933 735 3988 immota
748 3934 835 4004 igion
854 3951 918 3990 con·
945 3935 998 3987 sed
1014 3940 1046 3986 ut
1065 3932 1135 4001 auid
1147 3933 1298 4000 pulsamus
1315 3933 1357 3984 ad
1373 3931 1488 3997 eodum,
1507 3948 1568 3984 mem
1586 3931 1736 3986 habeamur
1752 3934 1782 3987 in

84 4021 533 4079 cludimumVerbainstitutionis
546 4017 755 4092 suntiprerrmi,
768 4019 919 4091 definitiva,
946 4019 1110 4087 monadia!
1140 4019 1358 4085 Testamentum,
1387 4018 1517 4086 inquam,
1549 4017 1618 4086 quia
1643 4019 1696 4073 too
1717 4020 1781 4075 loeo

83 4116 146 4166 sunt
164 4107 339 4176 terrueruut,
359 4105 536 4176 dispositiva,
557 4111 622 4160 sunt
639 4105 797 4173 dardanii,
816 4106 919 4161 exhibi·
944 4114 1017 4160 recte
1040 4113 1159 4175 possunt
1185 4112 1299 4158 tenena
1326 4104 1490 4158 coematur
1517 4104 1693 4175 comparari,
1722 4108 1781 4161 tale

82 4199 146 4266 tiva,
165 4201 230 4251 sunt
248 4191 400 4260 truserat,
419 4191 576 4247 ordinatira
594 4196 623 4247 et
642 4191 752 4262 quidem
771 4195 920 4248 testamen·
945 4200 997 4259 cst,
1021 4193 1099 4261 quod
1122 4191 1212 4260 pruinis
1237 4190 1378 4246 hominnm
1395 4191 1500 4243 habens
1518 4206 1679 4244 numerosos
1691 4192 1781 4261 filios,

82 4285 165 4349 usis,
183 4298 251 4354 ergo
268 4280 379 4351 proprie
397 4285 425 4334 et
442 4278 502 4333 sine
518 4283 662 4348 troporum
680 4277 829 4332 involucris
848 4278 919 4332 acci·
944 4279 989 4330 tis
1012 4278 1149 4346 mmmdiu
1170 4284 1257 4346 pater
1275 4293 1413 4346 maerens
1429 4283 1483 4346 est,
1508 4278 1568 4345 ipse
1587 4276 1708 4346 imperat
1725 4279 1781 4332 sin·

81 4369 192 4441 pianda.
234 4366 315 4432 Quod
342 4365 416 4422 enim
440 4365 526 4421 verba
541 4363 750 4420 testamentaria
768 4364 796 4418 in
815 4363 919 4435 signifi·
943 4364 1027 4432 aulis,
1044 4380 1101 4417 non
1119 4371 1159 4417 ert
1178 4362 1271 4417 ardone
1290 4362 1475 4416 necestart'um
1494 4369 1694 4416 mamertum.
1731 4363 1781 4424 Sic

81 4457 189 4511 catione
206 4453 320 4526 propria
330 4460 359 4509 et
369 4454 492 4525 genuina
507 4452 563 4507 sint
575 4451 745 4523 accipienda,
763 4450 919 4505 confirmari
944 4457 970 4502 et
989 4448 1117 4503 Uiriatus
1136 4448 1273 4519 qrsamdin
1287 4464 1424 4518 maerens
1441 4448 1470 4501 s'n
1489 4450 1575 4502 tes-rsit
1584 4450 1650 4519 fuit
1666 4450 1780 4518 (msam

80 4548 173 4614 potest
192 4540 343 4611 scripturis
363 4540 464 4610 sacris,
481 4545 592 4611 patrum
611 4537 789 4608 testimoniis,
807 4537 917 4607 legibus
930 4524 932 4531 ’
943 4538 985 4590 uis
1004 4552 1054 4590 nec
1073 4538 1155 4590 modo
1176 4536 1265 4602 desit)
1281 4553 1338 4605 pro
1357 4543 1480 4605 tempore
1497 4536 1640 4606 quidquid
1655 4553 1779 4590 ειεεεεεα-

81 4627 279 4700 imperatoriis,
301 4626 561 4698 Jnriscansnltorum
583 4623 769 4697 pronuntiatis
788 4630 816 4679 et
834 4624 916 4679 ratio·
943 4622 1018 4675 rium
1035 4630 1110 4686 erat,
1135 4621 1272 4691 apostolis
1291 4621 1449 4690 imperarit.
1490 4621 1549 4676 Sed
1566 4623 1706 4691 quamodo
1723 4630 1778 4675 ter-

11 4699 62 4758 ¹²2.
80 4732 145 4769 num
163 4713 316 4770 momentis.
336 4712 399 4769 Gal.
419 4719 443 4779 ³,
461 4730 488 4770 r.
503 4720 542 4770 tt.
565 4712 679 4767 Fratres
691 4709 746 4765 κατ’
763 4708 917 4782 ἄνθρωπον
941 4715 1137 4776 recurratur,
1157 4709 1224 4761 dum
1241 4722 1271 4760 se
1289 4707 1320 4760 in
1337 4707 1457 4770 confinio
1476 4709 1594 4761 temerii
1611 4707 1724 4774 morts‘s,
1745 4708 1778 4761 ti-

81 4818 128 4857 seu
154 4798 350 4870 indemnitate,
380 4800 431 4856 boc
460 4808 501 4853 est
531 4800 652 4853 humano
683 4813 774 4861 more,
806 4797 915 4866 loqrsor,
941 4810 1017 4848 merso
1041 4810 1077 4848 ns
1101 4801 1168 4864 post
1197 4799 1313 4847 mortem
1342 4810 1423 4846 suam
1451 4800 1539 4863 surpta
1564 4807 1639 4862 pace
1670 4792 1779 4862 titipeat
1832 4792 1835 4797 ’

80 4885 258 4941 similitudine
285 4885 374 4958 petita
405 4902 424 4939 a
451 4882 535 4939 rebus
563 4883 690 4939 humanis
711 4883 826 4952 ratium,
854 4900 916 4938 sen-
939 4881 1048 4944 fratres
1072 4879 1191 4933 adscitis
1215 4879 1329 4932 tutibus
1352 4878 1522 4932 voluntatem
1545 4896 1626 4935 msam
1654 4879 1690 4931 dc
1712 4895 1778 4947 pec·

79 4972 122 5027 sui
157 4978 187 5028 et
216 4971 401 5044 experientiae
432 4967 578 5039 subjectis,
615 4987 633 5025 a
663 4969 836 5026 testamentis
864 4968 915 5024 sci·
939 4975 1001 5021 tore
1024 4967 1162 5021 morituro
1187 4966 1325 5035 trmstfert
1351 4966 1381 5018 in
1408 4967 1520 5019 tabulas
1543 4965 1595 5017 diu
1612 4966 1777 5035 duraturas,

78 5059 143 5115 licet
181 5074 231 5113 seu
265 5057 369 5112 ultimis
401 5054 542 5111 hominum
571 5054 770 5112 voluntatibus.
816 5056 915 5110 Humi·
940 5061 967 5107 et
988 5053 1016 5106 si
1036 5054 1128 5119 frus-it
1151 5052 1225 5106 inter
1241 5054 1357 5120 fratres
1380 5051 1517 5106 contentio
1537 5058 1620 5114 nata,
1644 5069 1701 5105 non
1718 5053 1777 5106 itur
1863 5042 1868 5059 ¹

79 5147 122 5199 nis
149 5143 302 5213 dratinus,
334 5145 364 5198 id
389 5150 432 5198 est
458 5142 603 5196 honestam
630 5142 831 5198 ordinationem
856 5160 914 5198 mo·
940 5142 982 5194 ad
998 5140 1142 5203 tumeam,
1161 5142 1214 5193 sed
1232 5141 1380 5209 quaeritur
1398 5145 1606 5206 testamentum,
1625 5147 1652 5192 et
1668 5140 1719 5209 qui
1735 5147 1776 5193 tu·

78 5231 157 5287 rituri
197 5236 226 5287 et
260 5231 367 5301 justam
404 5225 555 5283 voluntatis
591 5225 705 5283 ultimae
740 5226 913 5298 senteutiam,
939 5227 1016 5281 mrtlo
1037 5227 1166 5297 quksait,
1191 5228 1295 5280 tacitus
1320 5229 1355 5281 de
1381 5224 1485 5279 tabuit}
1509 5225 1640 5293 ioqrtitur.
1684 5227 1775 5290 Vsbur,

79 5316 287 5391 dispositionem
313 5333 346 5372 ac
369 5313 607 5381 testificationem,
639 5327 697 5382 qua
727 5313 843 5370 heredes
873 5314 914 5369 in·
939 5315 1021 5383 cujus
1040 5321 1080 5367 est
1099 5320 1299 5382 testamentum,
1318 5312 1443 5367 incaelo
1463 5317 1512 5365 cst.
1550 5312 1631 5382 Erpa
1646 5313 1776 5366 nolanusc

78 5405 244 5473 stituuntur,
276 5405 370 5475 legata
396 5403 479 5458 certis
507 5398 631 5471 personis
660 5398 851 5456 attribuuntur
880 5417 913 5457 ao
938 5401 1002 5469 ejus
1019 5400 1094 5453 velut
1113 5400 1143 5453 in
1162 5407 1332 5468 testamento,
1351 5398 1392 5451 sic
1410 5398 1441 5450 in
1454 5399 1597 5466 connectio
1613 5400 1775 5468 inmtiratus·

78 5497 154 5548 carta
174 5490 311 5562 quaedam
329 5489 461 5544 mandata
481 5483 546 5539 fidei
564 5488 792 5552 testamentorum
816 5491 845 5540 et
866 5486 912 5542 be
938 5493 990 5542 etc.
1027 5485 1128 5558 (Atqui
1145 5486 1168 5540 si
1187 5503 1205 5541 a
1227 5485 1319 5541 vorbis
1335 5483 1495 5539 testamenti
1515 5484 1678 5553 disceditur,
1704 5484 1774 5538 nihil

78 5579 176 5636 redum
201 5576 281 5650 quusi
307 5574 360 5631 sub
385 5571 520 5644 religiono
539 5568 715 5645 ussqrssds
732 5570 911 5628 romuliam·
937 5573 1007 5630 suti
1024 5588 1059 5628 ex
1077 5573 1175 5628 eodem
1192 5571 1286 5644 colligi
1304 5571 1414 5641 potest.)
1450 5567 1514 5626 Huc
1532 5570 1616 5626 εεὶεει
1632 5570 1773 5641 pertinent
