4004 6022
788 295 840 352 us
861 293 1141 355 aususausus
1774 309 1813 368 ιι

115 448 154 503 tis
181 449 235 505 erit
262 448 417 505 manifesta.
458 451 613 520 Postquam
643 450 754 523 (inquit)
779 452 951 521 mespelium
965 450 1016 538 {sti
1034 431 1205 525 sanguinem.
1242 456 1266 508 2.
1287 448 1414 506 Dicimus
1431 467 1512 523 ergo,
1534 453 1667 509 confundi
1684 453 1713 509 in
1733 471 1814 527 argu-

116 554 186 590 uunc
211 538 323 591 Mennis
347 544 404 591 toto
432 540 513 607 apud
537 556 588 592 nos
612 538 782 592 inculcatum
803 546 855 607 est,
880 538 952 593 satis
979 546 1071 595 mento
1102 557 1119 594 a
1144 538 1358 595 concomitantia
1386 538 1471 595 (lucto
1493 540 1624 609 unionem
1650 541 1815 611 naturalem,

113 624 197 677 simul
214 624 357 678 indultum
375 631 400 678 et
417 625 551 678 donatum
572 632 612 678 est
629 623 799 694 infirmitati,
821 623 953 694 deinceps
977 625 1150 694 personalem
1171 630 1200 680 et
1221 624 1457 683 sacramentalem,
1494 626 1575 690 Quod
1593 644 1692 699 eorpus
1712 627 1815 684 Christi

114 710 253 778 spondam
270 718 310 763 est
324 711 411 780 juata
431 711 508 766 illud
524 710 624 765 Pauli:
654 709 711 772 Qui
724 713 851 778 ignorat,
874 710 952 779 igno·
977 729 1033 768 non
1057 711 1176 766 estsine
1201 712 1348 780 sanguine,
1373 711 1403 766 id
1420 711 1542 784 pertinet
1561 713 1596 767 ad
1616 713 1745 769 unionem
1765 731 1814 769 na-

112 802 154 849 ret
172 802 226 852 etc.
247 813 335 866 quare
351 797 518 867 simpliciter
531 797 618 866 juata
637 796 951 852 Ciristiinstitutionem
978 796 1095 853 turalem
1113 797 1236 868 corporis
1253 804 1281 853 et
1297 797 1414 853 animae.
1453 798 1535 862 Quod
1554 799 1680 855 Christus
1698 800 1814 856 ubicun-

112 889 232 951 utraque
254 883 361 953 species
386 891 412 936 ιι
432 891 546 952 petatur
569 890 595 936 ct
618 882 804 952 ministretur,
833 883 884 952 qui
899 881 951 936 ltoc
978 901 1032 956 que
1059 900 1191 954 praesens
1216 889 1258 940 est
1281 889 1313 938 ut
1338 883 1524 956 brittannos
1541 887 1694 941 secundum
1712 892 1814 943 utram·

113 968 267 1038 noluerint,
290 969 421 1023 sinamur
444 969 501 1022 sibi
526 975 552 1022 et
570 968 644 1023 nulii
670 969 842 1022 ministretur
872 968 950 1038 ι’ριίι.
978 988 1033 1042 que
1058 976 1187 1027 naturam
1209 987 1340 1043 praesens
1365 977 1418 1041 est,
1443 971 1472 1025 id
1489 972 1611 1043 pertinet
1628 973 1664 1028 ad
1684 974 1814 1030 unionem

111 1055 171 1108 Nec
196 1072 359 1124 quemquam
384 1055 417 1110 id
439 1056 550 1109 morari
572 1056 665 1123 debet,
700 1057 777 1124 quod
801 1054 951 1109 concilium
977 1058 1159 1128 personalem.
1204 1059 1287 1123 Quod
1313 1075 1414 1129 corpus
1439 1059 1542 1114 Christi
1566 1060 1706 1116 mediante
1729 1062 1813 1118 bene·

104 1141 235 1211 jactant,
264 1143 294 1196 in
319 1161 374 1212 quo
399 1143 433 1196 id
456 1161 570 1196 rursum
593 1142 679 1197 licere
697 1143 854 1196 sanciatur.
888 1142 949 1195 Nos
977 1144 1051 1199 dicto
1077 1161 1151 1216 pane
1176 1143 1205 1198 in
1231 1161 1312 1200 sacra
1335 1160 1421 1200 coena
1444 1145 1628 1201 manducatur
1649 1154 1678 1202 et
1699 1148 1813 1219 sanguis

110 1226 219 1283 Christi
239 1230 292 1298 jas
317 1230 448 1284 habemus
475 1237 501 1283 et
527 1230 648 1284 concilia
674 1246 724 1283 nee
750 1228 873 1296 ntorari,
900 1244 950 1281 nec
975 1231 1036 1302 ejus
1056 1231 1196 1287 mediante
1215 1231 1363 1288 benedicto
1381 1233 1446 1288 vino
1465 1232 1578 1302 bibitur,
1594 1234 1624 1288 id
1639 1234 1760 1305 pertinet
1776 1236 1812 1290 ad

110 1316 214 1369 audire
231 1316 357 1370 uolumus
376 1316 405 1369 in
424 1316 476 1382 bis,
494 1332 566 1385 quae
587 1315 738 1382 manifeste
755 1322 819 1369 sunt
833 1330 948 1381 ecanae·
976 1317 1106 1373 unionem
1127 1317 1362 1375 sacramentalem.
1404 1318 1536 1391 Quisquis
1561 1319 1631 1376 haec
1657 1321 1812 1388 confundit,

109 1400 152 1457 iii.
199 1400 272 1465 Quin
295 1403 419 1473 amplius
438 1403 571 1471 diarius,
595 1402 621 1454 si
638 1419 693 1471 quo
712 1419 780 1455 casu
799 1400 949 1455 concilium
975 1420 1031 1457 non
1060 1404 1156 1473 docet,
1186 1405 1235 1460 sed
1267 1403 1383 1461 seducit.
1426 1410 1450 1461 3.
1467 1404 1606 1476 Agnoscit
1637 1404 1690 1463 hoc
1720 1408 1811 1480 ipsum

105 1488 232 1560 propris
264 1490 432 1544 auctoritate
465 1490 499 1543 id
528 1497 661 1543 ιιαιιιιιιι
691 1496 741 1543 aut
768 1488 948 1558 permitteret,
974 1487 1060 1543 Andr.
1079 1488 1187 1545 Fricius
1205 1489 1324 1561 scriptor
1342 1489 1506 1545 Pontificius
1522 1491 1583 1547 libr.
1605 1499 1629 1549 t.
1649 1493 1684 1548 de
1702 1495 1809 1576 emend.

108 1582 174 1630 tunc
193 1575 306 1630 minime
326 1578 447 1631 cranium
464 1595 516 1631 nos
532 1577 603 1631 uelle
621 1585 742 1647 utraque
758 1574 950 1645 speciopotiri
973 1575 1041 1646 reip.
1062 1575 1162 1631 Christ
1181 1593 1205 1631 c.
1227 1581 1274 1632 19:
1306 1576 1470 1646 Separatim
1489 1579 1619 1632 comestio
1637 1580 1809 1651 nominatur,

107 1665 160 1721 etc.
197 1663 325 1717 Miraris
344 1671 370 1718 et
386 1683 502 1719 causam
520 1664 657 1740 quaeris!
677 1664 762 1732 audi,
781 1663 810 1716 si
826 1669 856 1717 tu
874 1662 950 1717 nosti
972 1659 1127 1732 separatim
1157 1663 1253 1718 bibitio
1275 1664 1311 1717 ab
1337 1664 1392 1719 ilia
1415 1665 1571 1733 sapientia,
1602 1666 1648 1719 cui
1670 1668 1810 1737 sapientia

103 1765 208 1820 penem
229 1757 257 1804 et
273 1750 367 1803 vinum
386 1769 406 1804 a
425 1751 537 1805 Christo
550 1750 713 1815 institutum
726 1740 873 1819 utramque
884 1748 947 1804 scil.
973 1750 1063 1803 omnis
1086 1750 1210 1805 bumana
1236 1753 1272 1806 de
1293 1751 1540 1821 inseparabilitate
1557 1753 1704 1821 sanguinis
1716 1756 1774 1810 uiui
1791 1772 1810 1809 a

106 1839 271 1892 sumendum
296 1855 354 1892 esse
371 1839 407 1892 ab
423 1840 563 1911 omnibus,
588 1847 618 1893 ut
636 1838 793 1893 stararias
810 1844 947 1892 testantur
972 1854 1057 1890 carne
1075 1837 1140 1890 uiua
1157 1838 1257 1891 cedere
1269 1838 1358 1901 debet,
1375 1856 1431 1892 non
1451 1838 1525 1892 enim
1543 1839 1588 1892 iic
1607 1839 1810 1909 &mutandum

108 1924 258 1995 manualia
281 1932 306 1978 et
330 1917 457 1994 Paulus,
484 1927 524 1979 ita
546 1933 576 1979 ut
599 1933 625 1980 ct
643 1925 702 1995 apsi
719 1923 883 1979 mensarii
902 1941 946 1978 co·
972 1931 1013 1977 est
1032 1923 1236 1978 curationibus
1255 1924 1395 1989 humanis,
1421 1925 1474 1978 sed
1489 1925 1620 1980 uoluntas
1639 1925 1747 1982 Christi
1767 1929 1809 1981 in-

106 2019 213 2078 geratur
229 2010 264 2064 id
282 2011 417 2079 confiteri,
437 2028 487 2065 nec
504 2018 598 2066 tamen
616 2012 706 2065 audes
723 2010 771 2065 illi
787 2012 902 2064 medere
920 2017 946 2063 ιι
971 2011 1091 2080 tuenda,
1119 2028 1190 2079 quae
1208 2011 1363 2064 concinam
1381 2029 1438 2065 nan
1453 2029 1583 2065 mancum
1600 2013 1734 2078 instituit,
1757 2016 1810 2068 sed

101 2094 246 2164 fiderunt
258 2095 299 2150 ita
313 2114 416 2163 sumas,
435 2098 524 2150 audes
538 2114 612 2160 uero,
624 2105 768 2166 utsumas,
783 2096 811 2150 si
822 2096 945 2151 homines
971 2095 1031 2150 cibo
1049 2096 1166 2149 addidit
1179 2103 1288 2167 potum.
1326 2101 1351 2151 4.
1374 2095 1478 2151 Contra
1496 2113 1655 2168 expressum
1675 2099 1730 2155 Dei
1748 2117 1808 2156 ver·

105 2179 275 2238 insensilia
294 2182 370 2237 illud
389 2190 530 2253 statuant,
553 2191 690 2238 nonnata
703 2185 839 2254 praefers
858 2183 945 2237 homi·
970 2180 1038 2235 bum
1063 2181 1156 2237 nullae
1180 2182 1405 2239 ratiocinationes
1428 2183 1565 2239 humanae
1588 2184 1680 2239 audiri
1698 2186 1809 2253 dehent,

105 2283 154 2321 ses
174 2267 311 2324 Ctrs'stot
332 2287 423 2325 nonne
450 2271 561 2325 extollis
585 2270 711 2324 tornines
724 2269 839 2339 peccati
854 2287 943 2339 supra
971 2266 1020 2322 sed
1044 2267 1080 2322 de
1105 2268 1297 2324 communione
1318 2265 1371 2324 sub
1400 2276 1518 2341 utraqsm
1542 2271 1635 2340 speeie
1659 2279 1750 2327 exstat
1768 2272 1808 2327 di-

106 2354 216 2425 Deum,
243 2355 294 2425 qui
310 2356 417 2410 dicitm
438 2364 464 2410 et
481 2356 609 2410 cottmrt
632 2372 724 2411 nonne
738 2356 807 2426 plus
825 2373 878 2408 con
920 2355 945 2406 is
970 2359 1074 2409 sertum
1099 2353 1202 2410 Christi
1228 2354 1407 2410 mandatum:
1440 2356 1542 2425 Edita,
1572 2357 1625 2410 hoc
1648 2366 1688 2412 est
1705 2376 1809 2430 corpus

106 2439 136 2494 ist
153 2441 298 2496 bominum
314 2443 414 2511 verba,
432 2461 518 2513 quam
535 2443 565 2496 in
585 2443 645 2497 Dei
661 2442 761 2508 umba,
780 2443 837 2497 imo
854 2440 945 2496 serbis
970 2457 1079 2510 meum,·
1100 2441 1196 2508 bibus,
1219 2441 1271 2495 boc
1290 2449 1332 2496 est
1347 2443 1466 2512 sanquis
1484 2459 1577 2502 meust
1600 2442 1653 2497 boc
1669 2446 1758 2510 faede
1778 2447 1808 2499 in

107 2527 167 2581 Dei
177 2546 303 2600 prorsus
322 2529 437 2599 diffidit
456 2538 482 2585 et
493 2530 563 2584 solta
575 2529 715 2584 bominum
726 2529 817 2583 verbis
829 2529 945 2582 credis!
970 2527 1027 2580 mci
1050 2527 1346 2582 commemorationem.
1387 2526 1492 2582 Contra
1515 2527 1592 2584 illam
1610 2528 1713 2585 Christi
1730 2529 1807 2588 insti·

107 2614 145 2668 At
162 2623 273 2684 quanta
291 2623 330 2670 est
348 2616 404 2670 ista
422 2615 593 2670 abominatio
612 2623 639 2670 et
656 2616 768 2685 negatio
786 2616 847 2669 Dei
863 2615 943 2668 ιιιιὶι·
970 2613 1106 2669 tutionem
1132 2631 1189 2669 uon
1213 2613 1298 2670 debet
1323 2614 1415 2670 audiri
1438 2615 1613 2672 ratiocinatio
1631 2616 1753 2672 humana
1772 2619 1807 2674 de

107 2701 193 2756 ursit
208 2719 281 2772 qaae
300 2702 471 2757 idololatria
488 2711 546 2756 tum
559 2721 619 2773 par
633 2720 691 2757 esse
699 2709 791 2773 potest
806 2710 872 2757 tuac
886 2708 944 2755 tam
970 2700 1192 2757 concomitantia.
1231 2709 1256 2758 5.
1278 2700 1307 2756 si
1326 2700 1416 2757 dicas:
1437 2702 1650 2758 concomitantia
1669 2710 1759 2758 exstat
1776 2704 1806 2759 in

108 2788 262 2860 religiosas
291 2790 466 2844 obedientiae
504 2807 572 2860 orgo
601 2789 751 2844 conciiium
783 2788 945 2842 hominum?
970 2785 1025 2842 Dei
1055 2788 1155 2857 verbo,
1184 2787 1301 2858 proinde
1329 2803 1386 2842 non
1413 2794 1455 2843 est
1481 2788 1649 2860 principium
1678 2789 1808 2861 rationis;

108 2892 198 2931 scau
214 2876 315 2948 potius
339 2876 443 2930 millies
461 2877 554 2931 morit
576 2894 666 2930 noane
682 2876 776 2946 potius
792 2893 877 2929 unam
895 2883 945 2929 aut
970 2874 1209 2944 respondendum:
1246 2874 1282 2929 ad
1312 2881 1507 2946 argumentum
1536 2874 1721 2949 theologicum
1751 2895 1807 2934 non

108 2961 217 3017 sudam
232 2963 353 3032 speciem
373 2964 502 3033 accipere
523 2964 653 3032 deberes,
677 2981 762 3033 quam
779 2963 809 3016 in
827 2961 944 3017 taliub
970 2958 1059 3015 solum
1076 2961 1226 3032 requiritur
1242 2959 1344 3016 veritas
1364 2960 1502 3038 principii,
1522 2962 1572 3016 scd
1588 2963 1672 3019 etiam
1684 2963 1809 3037 legitima

109 3047 232 3104 Mic
254 3055 312 3103 tam
331 3049 474 3120 sacrilega
497 3057 523 3103 at
546 3050 694 3119 apostasia
706 3049 780 3119 fidei
798 3050 945 3119 comitere!
971 3047 1096 3117 ejusdem
1115 3047 1280 3118 applicatio,
1305 3051 1338 3102 ιιι
1360 3047 1494 3118 exemplis
1513 3048 1742 3120 quamplurimis
1762 3051 1808 3108 de·

109 3141 158 3193 etc.
197 3134 337 3207 Loquitur
363 3151 429 3207 ergo
454 3135 595 3191 Lutherus
619 3151 654 3190 er
674 3134 823 3207 hypothesi
848 3135 944 3190 adver·
971 3133 1117 3188 monstrari
1149 3140 1250 3205 potest
1301 3133 1405 3190 Verum
1437 3137 1481 3188 est
1511 3134 1693 3205 principium,
1730 3138 1807 3211 quod

108 3222 249 3291 sariorum,
268 3220 292 3276 si
310 3221 466 3276 communio
490 3221 542 3276 sub
562 3228 680 3293 utraque
697 3222 790 3292 specie
808 3227 880 3276 esset
899 3237 943 3277 res
970 3218 1096 3275 Christus
1123 3219 1226 3276 habeat
1255 3237 1351 3276 verum
1381 3225 1410 3275 et
1435 3219 1562 3276 naturale
1586 3237 1687 3293 corpus
1707 3223 1807 3280 >huma-

108 3306 270 3379 adiaphora,
290 3324 309 3362 a
324 3307 442 3364 concilio
460 3314 554 3363 autem
572 3307 769 3362 obtruderetur
787 3313 819 3363 ut
838 3306 943 3378 simpli·
971 3324 1049 3376 num,
1075 3307 1124 3363 sed
1142 3306 1240 3380 vitiose
1260 3322 1294 3361 ex
1311 3322 1344 3360 eo
1362 3304 1493 3375 insertur,
1517 3305 1593 3377 quod
1612 3323 1712 3379 corpus
1729 3308 1807 3366 Chri·

108 3391 175 3451 riter
189 3394 374 3462 necessaria,
397 3402 464 3449 tunc
481 3393 565 3449 malle
582 3410 612 3449 se
632 3411 665 3450 er
682 3393 812 3449 libertate
830 3393 944 3450 Christi·
970 3392 1007 3448 sti
1030 3408 1086 3447 non
1109 3392 1146 3447 sit
1174 3409 1305 3464 praesens
1325 3392 1354 3446 iu
1375 3409 1456 3447 esem
1474 3408 1574 3457 coena;
1595 3391 1658 3450 ideo
1675 3393 1740 3449 talis
1757 3412 1807 3469 ap·

108 3497 160 3539 una
176 3498 236 3538 una
254 3480 301 3537 vel
318 3487 418 3537 neuma
434 3481 491 3549 uti,
514 3498 598 3552 quam
615 3481 701 3536 talem
718 3480 876 3536 absolutam
894 3498 942 3552 po·
969 3478 1082 3549 plicatio
1105 3478 1180 3534 illius
1206 3477 1335 3551 principii
1362 3478 1400 3533 ad
1423 3478 1648 3535 ratiocinationes
1670 3479 1806 3537 humanas

107 3566 413 3627 manutenentia
432 3566 619 3623 sueconcilio
639 3566 770 3623 tribuere.
806 3565 945 3640 Loquitur
971 3565 1141 3620 seductrices
1164 3564 1303 3635 rejicitur,
1327 3565 1454 3638 quamvis
1476 3565 1644 3638 principium
1662 3566 1753 3638 ipsum
1771 3567 1808 3622 sit

106 3657 273 3729 comparate
310 3655 421 3728 siquis
441 3655 552 3712 concilii
578 3655 772 3711 auctoritatem
791 3655 945 3727 praeferret
969 3650 1156 3725 theologicum
1186 3656 1215 3706 et
1246 3649 1376 3707 immotae
1405 3651 1538 3708 veritafis.
1587 3650 1622 3707 Id
1651 3651 1743 3726 ipsum
1770 3654 1807 3711 do

107 3741 273 3801 institutiom
292 3741 405 3812 Christi,
422 3747 576 3814 praestaret
592 3758 676 3797 unam
693 3747 743 3798 aut
762 3739 868 3796 nullam
883 3758 943 3813 spe·
970 3738 1184 3794 concomitantia
1224 3737 1351 3794 dicimus.
1409 3736 1514 3796 Verum
1552 3745 1596 3794 est
1630 3739 1806 3813 principium,

108 3831 175 3889 aas
192 3831 336 3904 mcipere,
362 3847 445 3902 quam
468 3829 498 3885 in
517 3830 566 3885 tali
584 3828 745 3886 obedientia
762 3828 899 3901 saedlega
915 3835 944 3884 et
970 3824 1046 3897 quod
1068 3824 1171 3881 Christi
1195 3842 1297 3898 corpus
1315 3844 1371 3881 non
1390 3825 1426 3880 sit
1443 3825 1504 3880 sine
1522 3825 1673 3897 sanguiue,
1698 3827 1747 3882 sed
1766 3829 1806 3882 vi·

108 3917 246 3992 apostada
261 3915 328 3972 fidei
348 3916 482 3988 accipere.
969 3912 1040 3967 tiose
1066 3928 1099 3968 ex
1123 3928 1157 3968 eo
1181 3911 1315 3977 infertur,
1343 3911 1419 3983 quod
1437 3912 1594 3967 communio
1614 3913 1666 3968 sub
1687 3919 1807 3986 unaque

63 4029 69 4043 ·
141 4010 182 4063 tr.
214 4004 284 4076 Cap.
313 4008 356 4059 21.
400 4001 525 4060 Probare
552 4001 674 4058 instituit
701 4002 943 4058 concomitantiam
969 3997 1063 4071 specie
1089 4016 1145 4054 non
1163 3999 1200 4054 sit
1218 3997 1388 4068 necessaria,
1417 3997 1552 4069 quiahoc
1571 4015 1742 4071 consequeus
1762 4016 1805 4057 re·

63 4074 249 4168 :anguinis
275 4109 339 4147 cum
363 4109 478 4163 corpore
503 4091 533 4144 in
557 4106 630 4161 pane
656 4097 684 4145 et
700 4091 943 4145 concomitantiam
968 4090 1078 4159 pugnat
1102 4085 1270 4141 institutioni
1295 4084 1413 4154 Christi,
1437 4083 1500 4141 ideo
1520 4085 1584 4141 talis
1604 4086 1754 4158 applicatio
1772 4090 1804 4145 il·

63 4176 228 4264 ssaorporis
252 4196 317 4234 cum
336 4176 519 4249 sanguinein
537 4175 638 4246 caliee,
663 4174 716 4231 hoc
734 4181 791 4247 est,
811 4182 843 4232 ut
857 4176 944 4233 habet
968 4173 1022 4229 lius
1058 4172 1187 4246 principii
1224 4173 1320 4229 itidem
1349 4173 1386 4228 ad
1414 4172 1639 4230 mtiocinationes
1667 4174 1804 4233 humanas

63 4278 93 4314 ss
110 4264 250 4341 ιπιγραιιὴ
273 4263 388 4335 capitis,
414 4272 501 4318 totam
521 4264 662 4319 Christum
679 4280 739 4318 ιιιι
756 4263 806 4316 sab
823 4271 942 4333 utraque
968 4261 1138 4318 seductrices
1161 4261 1258 4316 merito
1284 4260 1416 4332 rejicitur.
1458 4269 1483 4317 o.
1501 4258 1531 4315 Si
1559 4259 1632 4315 enim
1653 4261 1750 4318 liceret
1770 4281 1804 4320 eo

63 4328 207 4424 ¹stupetis,
224 4359 257 4408 ut
273 4351 408 4419 obducat,
425 4350 590 4422 sanguinem
611 4349 693 4405 etiam
712 4349 742 4404 in
761 4366 833 4420 pane
852 4349 942 4421 accipi
968 4347 1050 4402 modo
1075 4365 1125 4418 pro
1150 4353 1243 4402 nostro
1265 4347 1379 4404 arbitrio
1404 4353 1503 4403 contra
1527 4345 1630 4402 Christi
1654 4349 1803 4406 institutio·

63 4425 139 4512 ,Η
153 4439 271 4512 proinde
289 4455 346 4494 non
366 4455 427 4494 esse
445 4437 642 4504 necessarium,
661 4444 693 4491 ut
706 4437 812 4508 species
824 4442 943 4509 utraque
969 4455 1032 4494 nem
1056 4434 1261 4509 argumentari,
1287 4441 1382 4506 posset
1401 4439 1491 4490 totum
1508 4433 1694 4491 eucharistiae
1713 4453 1803 4492 sacra

112 4525 327 4584 ineneharistia
352 4524 514 4596 accipiatur.
558 4524 727 4595 Responsio:
758 4530 780 4580 1.
798 4523 942 4579 Bellarmi-
969 4531 1092 4580 mentum
1124 4541 1180 4580 uno
1217 4522 1323 4592 impetu
1355 4521 1451 4577 everti.
1502 4522 1640 4591 Quotquot
1670 4524 1805 4593 baptisati

113 4629 159 4670 uus
175 4614 206 4669 in
223 4611 407 4669 antecedente
425 4611 570 4684 probando
589 4616 663 4665 totus
683 4616 742 4677 ιιι,
766 4627 829 4665 cum
847 4627 942 4666 conse-
967 4620 1041 4677 sunt,
1062 4611 1201 4668 ctristum
1220 4610 1381 4676 induerunt,
1400 4605 1463 4663 Gal.
1483 4613 1506 4677 3,
1525 4624 1551 4662 s.
1571 4613 1613 4664 27.
1632 4617 1660 4663 et
1678 4611 1804 4666 Christus

113 4699 248 4771 quantiam
270 4698 389 4771 probare
411 4697 532 4753 deberet.
575 4696 664 4753 Nemo
694 4703 818 4752 nostrum
848 4703 941 4770 negat,
967 4716 1019 4769 por
1036 4700 1120 4763 tidem
1139 4695 1247 4750 habitat
1266 4695 1297 4748 in
1313 4694 1446 4749 cordibus
1463 4695 1577 4762 nostris,
1594 4695 1666 4766 Eph
1686 4704 1710 4761 3,
1724 4714 1749 4753 v.
1763 4703 1802 4755 lt.

114 4781 259 4855 mmmm,
278 4785 439 4857 ubicunque
457 4784 550 4851 adest,
568 4788 658 4838 totum
675 4783 785 4851 adesse,
804 4783 942 4854 siquidem
968 4786 1038 4841 illud
1068 4784 1193 4840 habitare
1223 4781 1337 4853 respicit
1365 4781 1552 4852 praesentiam
1583 4783 1697 4854 gratiae¹
1738 4783 1804 4838 Jam

115 4870 171 4928 auio
188 4871 342 4944 personalis
358 4870 476 4927 duarum
495 4876 657 4924 naturarum
674 4876 717 4925 est
734 4868 942 4940 indissolubilis,
969 4890 1033 4928 vero
1052 4870 1211 4941 ubicunque
1230 4868 1356 4925 Christus
1374 4885 1506 4939 praesens
1520 4876 1571 4938 est,
1584 4875 1658 4924 totus
1671 4876 1702 4923 ut
1719 4871 1804 4926 osir-

116 4958 213 5015 ttdex
231 4958 286 5014 hoc
305 4957 442 5031 principio
462 4956 683 5012 communionem
703 4956 755 5011 suh
775 4974 831 5011 una
851 4955 942 5027 specie
968 4968 1082 5032 eponae
1107 4974 1238 5029 praesens
1257 4961 1313 5025 est;
1338 4954 1402 5010 hinc
1417 4956 1500 5026 juxta
1519 4955 1639 5010 medium
1657 4957 1804 5014 terminum

116 5043 218 5114 mbsri
235 5060 318 5117 posse
336 5061 479 5117 negamus.
510 5042 672 5111 Hesshusio,
692 5042 895 5098 Hamelmanno
915 5051 944 5099 et
969 5044 1129 5103 Bellarmini
1158 5050 1264 5114 promte
1291 5040 1387 5096 inferri
1416 5050 1523 5113 posset,
1556 5058 1687 5112 quorsum
1718 5043 1805 5115 igitur

63 5156 65 5163 ·
116 5125 219 5204 Illyrico
241 5131 341 5187 tribuit
360 5131 473 5202 quidem
491 5128 691 5197 Bellarmiuus,
713 5130 788 5201 quod
806 5129 943 5186 concomi·
969 5152 1040 5205 0pus
1065 5131 1118 5187 erit
1139 5128 1329 5186 eucharistia?
1356 5126 1412 5183 Sed
1437 5127 1571 5183 modestia
1595 5134 1623 5182 et
1641 5128 1804 5201 simplicitas
1916 5139 1922 5150 ·

116 5218 223 5275 ttnh'am
247 5223 344 5290 aperte
361 5212 541 5288 negauerint,
565 5214 614 5269 sed
633 5215 701 5270 facit
718 5216 787 5280 ipsis
804 5216 943 5287 injuriam,
970 5219 1129 5277 Christiana
1150 5216 1370 5284 institutionem,
1406 5215 1607 5270 ordinationem
1630 5223 1659 5272 et
1681 5218 1805 5274 volunta·

115 5316 284 5379 nequaquam
302 5304 374 5359 enim
392 5303 555 5375 simpliciter
572 5308 685 5374 negant,
703 5307 791 5357 totum
804 5303 944 5358 Christum
969 5314 1026 5363 tem
1051 5303 1154 5359 Christi
1178 5299 1306 5358 omnibus
1324 5300 1461 5356 humanae
1478 5300 1593 5355 rationis
1612 5305 1729 5374 argutiis
1748 5306 1805 5361 lon—

64 5388 168 5450 Μαι
190 5392 246 5448 sub
266 5395 386 5464 utraque
405 5390 514 5462 specie,
540 5390 590 5445 sed
607 5388 798 5444 sacramentali
815 5408 943 5460 praesen·
970 5391 1082 5464 gissime
1098 5389 1229 5461 praefert.
1265 5396 1288 5445 7.
1307 5387 1337 5444 si
1356 5392 1510 5458 propterea,
1529 5385 1596 5457 quia
1615 5388 1741 5446 Christus
1753 5393 1806 5449 sub

114 5476 148 5535 ιι
170 5478 338 5552 sanguinem
362 5474 463 5534 Christi
490 5477 542 5531 sub
565 5493 638 5549 pane
662 5492 722 5531 esse
747 5483 864 5548 negant,
892 5477 945 5534 hoc
970 5485 1088 5550 utraque
1119 5477 1209 5548 specie
1238 5480 1314 5530 totus
1343 5480 1397 5541 est,
1428 5472 1613 5543 judicandum
1639 5476 1806 5534 institutioni

113 5568 159 5634 ot,
175 5571 283 5639 negem
299 5563 440 5620 mediante
457 5579 531 5634 pane
547 5560 783 5620 sacramentaliter
796 5559 855 5619 bibi
866 5562 944 5620 Chri·
970 5565 1099 5624 satisfieri
1133 5561 1193 5618 sola
1222 5559 1361 5619 benedicti
1390 5557 1472 5630 panis
1503 5561 1731 5634 manducatione,
1757 5579 1807 5621 eur

158 5659 261 5705 oswal
274 5658 323 5701 uo.
340 5658 364 5701 ι.
1394 5714 1396 5718 q
1459 5670 1474 5726 4
