4004 6022
270 201 315 263 ,96
873 182 997 253 LOCUS
1013 184 1219 251 uouemus
1236 184 1380 252 PRfflUS

248 365 359 411 ,νοω
377 365 441 407 oum
458 346 543 407 Patre
563 354 592 405 et
609 343 715 420 Spiritu
732 363 753 402 a
772 342 866 419 Deus,
890 347 954 405 ideo
972 365 1111 421 quascun-
1136 350 1201 418 puis
1231 367 1312 404 mens.
1356 347 1438 415 Quod
1466 365 1531 405 rere
1558 348 1587 404 in
1607 347 1698 420 prima
1714 362 1815 420 coena,
1843 363 1921 422 quae
1938 352 1981 407 est

275 453 332 509 que
347 434 422 506 salt,
439 433 550 491 ordinat
567 451 601 503 ac
619 433 752 500 instituit,
773 450 807 491 ea
825 433 909 491 etiam
926 441 1068 505 praestare
1084 441 1112 489 et
1137 435 1250 507 regula,
1278 435 1367 492 forma
1400 441 1429 493 et
1465 434 1606 509 exemplar
1641 434 1811 508 reliquarum
1843 434 1981 505 omnium,

275 521 388 579 eiicere
412 518 513 593 potest
556 519 675 576 ”aaa
699 524 772 575 cont
791 520 983 578 Selneccerum
1000 536 1028 592 p.
1050 525 1110 576 115:
1137 521 1362 578 manducandum
1388 538 1421 578 sc
1447 521 1600 578 bibendum
1624 520 1750 578 Christus
1769 521 1847 578 dedit
1866 530 1980 593 aposto-

277 609 477 665 Concludimas
504 624 585 675 erpo,
617 605 757 661 Christum
782 624 838 660 noa
858 609 941 662 modo
960 607 1049 675 nolle,
1068 623 1110 659 ve·
1136 606 1184 673 lis,
1213 607 1283 662 illud
1310 609 1402 664 adhuc
1430 607 1514 665 hodie
1539 609 1569 664 in
1596 608 1780 664 eucharistiae
1799 607 1978 665 administra·

257 711 339 755 ‚nem
355 695 440 749 etiam
455 711 512 749 noo
527 709 612 764 posse
632 693 704 749 celle
723 710 824 764 corpus
837 693 915 748 illud
925 712 1005 748 mam
1017 710 1111 748 verum
1136 693 1211 749 tione
1228 694 1412 750 manducatur
1429 701 1458 751 et
1476 693 1582 751 bibitur
1599 695 1626 748 vi
1646 695 1842 767 ordinationis,
1867 693 1979 751 institu-

260 789 302 844 ‚et
326 786 515 856 naplppcmov
536 779 632 834 mettis
651 779 735 834 οἰοιοῖ
753 778 785 833 s'a
802 780 873 834 locis
890 781 921 832 in
940 798 992 834 eru
1008 796 1110 834 coenae
1136 779 1219 834 tionis
1239 787 1267 837 et
1282 781 1424 837 mandati:
1445 783 1508 836 Hoc
1522 783 1621 848 facite.
1657 781 1733 853 Ergo
1753 798 1854 852 corpus
1872 790 1903 837 et
1916 798 1980 837 san·

275 868 383 924 sistere.
426 865 558 921 Danaens
586 869 673 921 contr.
702 865 795 922 Chem
818 884 846 937 p.
872 872 940 922 443:
968 868 1060 921 Deum
1079 866 1112 919 id
1136 867 1200 938 guis
1220 866 1324 922 Christi
1343 885 1416 932 rere,
1436 868 1548 923 realiter
1567 874 1595 924 et
1612 866 1832 924 substantialiter
1850 868 1880 922 in
1898 882 1981 924 saera

274 956 373 1020 facere
401 971 458 1007 noa
478 970 581 1024 posce,
609 960 640 1006 ut
664 969 767 1023 corpus
793 951 901 1008 Christi
916 971 1010 1008 cenem
1030 953 1068 1007 ait
1081 953 1110 1005 s'n
1137 968 1223 1007 coena
1255 960 1320 1008 sunt
1348 953 1515 1026 praesentia
1564 953 1593 1010 si
1624 953 1768 1011 obvertere
1799 953 1905 1022 velint,
1944 970 1979 1009 ex

272 1041 405 1110 pleribus
435 1039 515 1094 locis.
561 1038 643 1094 Mart
674 1038 704 1093 in
735 1038 801 1097 dial.
834 1038 853 1092 f.
883 1045 942 1096 568.
978 1037 1111 1095 simlerus
1137 1036 1353 1094 manducatione
1368 1046 1396 1095 et
1415 1039 1550 1095 bibitione
1568 1057 1624 1095 non
1641 1056 1723 1113 posse
1740 1040 1844 1096 realem
1864 1048 1894 1095 et
1912 1040 1979 1095 suh·

275 1132 363 1184 contr.
385 1124 447 1183 Jac.
463 1125 554 1181 Andr.
573 1144 602 1197 p.
622 1132 663 1182 55.
681 1124 810 1197 'ligurini
830 1132 902 1181 cont
922 1124 998 1182 Test.
1016 1125 1110 1181 Brent.
1137 1124 1295 1179 stantialem
1338 1126 1524 1196 praesentiam
1567 1126 1672 1191 evinci,
1714 1132 1862 1198 propterea
1901 1126 1978 1198 quod

275 1213 296 1269 i.
320 1217 361 1271 94.
388 1211 465 1267 Besa
489 1210 519 1266 in
541 1210 605 1269 coll
629 1210 731 1284 Momp.
754 1229 782 1283 p.
806 1213 882 1268 33)*
928 1211 958 1267 Si
985 1210 1111 1267 Christus
1138 1209 1316 1265 manducatio
1336 1217 1364 1267 et
1383 1210 1481 1267 bibitio
1499 1211 1659 1284 spiritualis,
1677 1229 1748 1286 quae
1766 1210 1799 1269 fit
1817 1210 1978 1268 fidecoelos

179 1313 203 1356 x.
217 1312 265 1357 tar.
275 1306 349 1357 esset
365 1298 457 1355 nudus
474 1303 584 1353 tantum
601 1297 682 1355 homo
700 1305 729 1355 et
745 1297 877 1354 voluntas
894 1304 922 1353 et
939 1297 1058 1354 facultas
1070 1298 1110 1353 di·
1137 1296 1314 1365 subvolante,
1334 1297 1517 1370 intelligenda
1533 1299 1642 1369 reniat3
1661 1296 1812 1371 repetenda
1830 1303 1897 1353 sunt
1915 1298 1979 1353 t’un·

275 1384 376 1443 stincte
404 1384 551 1456 probanda
574 1391 680 1450 essent,
705 1384 756 1440 sed
779 1401 842 1440 cum
866 1384 981 1439 sitnon
1003 1389 1110 1441 tantum
1138 1383 1268 1439 demente
1284 1384 1410 1457 superius
1428 1384 1567 1455 exposita,
1596 1385 1698 1457 quibus
1719 1385 1749 1440 τὸ
1768 1385 1852 1459 ῥητὸν
1869 1384 1899 1440 in
1917 1402 1979 1441 rer·

273 1471 365 1541 homo,
383 1471 434 1528 sed
451 1476 479 1527 et
496 1487 578 1527 verus
596 1486 630 1525 ac
647 1469 821 1542 omnipotens
838 1470 920 1536 deus,
938 1470 1002 1526 ideo
1020 1470 1111 1542 posita
1136 1469 1179 1525 bis
1208 1469 1292 1541 hujus
1317 1470 1475 1527 testamenti
1507 1471 1681 1527 retinendum
1710 1488 1770 1528 esse
1792 1472 1976 1530 ostendimus.

273 1565 304 1615 ct
331 1556 451 1630 probata
480 1556 624 1612 voluntate
653 1555 746 1611 statim
776 1555 889 1627 ponitur
916 1573 950 1612 ac
977 1546 1111 1627 probatur
1137 1562 1161 1611 2.
1186 1556 1266 1621 Quod
1293 1573 1393 1628 corpus
1413 1557 1443 1611 in
1461 1573 1510 1612 ara
1527 1558 1618 1612 crucis
1635 1574 1686 1630 pro
1705 1556 1785 1613 nobis
1803 1557 1915 1628 datum,
1943 1558 1976 1613 il·

273 1647 337 1717 ipsa
357 1643 445 1710 actio,
472 1643 537 1699 inde
557 1642 641 1699 etiarn
663 1645 795 1714 majorem
821 1643 1037 1714 propositionem
1054 1659 1110 1697 non
1136 1641 1186 1697 lud
1210 1643 1240 1699 in
1262 1659 1341 1699 saera
1365 1659 1452 1699 coena
1475 1659 1606 1715 praesens
1632 1649 1675 1699 est
1698 1651 1727 1701 et
1749 1644 1977 1700 manducandum

273 1730 452 1789 formavimus
479 1729 533 1786 hoc
561 1729 658 1799 modo,
692 1729 828 1802 quidquid
852 1728 979 1786 Christus
1004 1729 1066 1784 vult
1082 1735 1112 1785 et
1135 1730 1214 1786 nohis
1231 1729 1314 1786 datur
1329 1730 1412 1801 juxta
1429 1730 1609 1787 msertionem
1627 1730 1713 1802 ipsius
1732 1728 1853 1786 Christi:
1876 1730 1975 1799 Edita,

273 1824 379 1889 potest,
408 1815 479 1871 illud
501 1816 585 1873 etiam
609 1823 746 1887 praestat,
768 1834 831 1871 oum
853 1833 934 1872 omne
957 1815 1111 1888 quodvult
1135 1818 1186 1871 hoc
1211 1824 1252 1870 eat
1276 1834 1379 1887 corpus
1403 1835 1506 1887 meam,
1531 1819 1609 1887 quod
1621 1834 1678 1886 pro
1694 1816 1773 1873 vobis
1787 1818 1882 1873 dctssr.
1915 1808 1975 1883 'eni

274 1904 359 1961 etiam
382 1903 484 1975 possit,
507 1902 537 1957 id
554 1901 579 1959 si
595 1908 729 1975 negatum
747 1910 813 1959 eant
830 1903 995 1970 adversarii,
1020 1903 1109 1975 ipsam
1135 1903 1248 1975 sangnis
1278 1904 1306 1957 in
1337 1919 1386 1958 ara
1412 1904 1502 1957 crucis
1530 1903 1559 1957 in
1588 1903 1776 1959 remissionem
1797 1909 1977 1973 peccatorum

274 1989 331 2054 Dei
355 1987 583 2061 omnipotentiam
604 1995 732 2060 proterve
750 1995 861 2061 negant.
897 1988 1021 2064 aenou
1039 1986 1110 2044 falso
1135 1997 1289 2045 nostrorum
1314 1989 1419 2044 effusus
1445 1996 1500 2059 est,
1526 1990 1574 2045 ille
1591 1990 1621 2043 in
1638 2006 1718 2044 sacra
1737 2006 1825 2045 coena
1842 2005 1977 2060 praesens

274 2074 357 2133 nohis
381 2075 506 2133 tribuant
527 2074 690 2144 adversarii,
716 2091 768 2130 nos
792 2091 810 2131 a
832 2074 886 2129 Dei
910 2075 1110 2146 omnipotentia
1136 2084 1178 2132 est
1204 2082 1232 2133 et
1259 2074 1398 2130 bibendus
1426 2075 1507 2130 nobis
1533 2074 1616 2129 datur
1636 2077 1717 2146 juxta
1738 2074 1866 2145 ejusdem
1886 2092 1977 2131 asser·

274 2162 317 2219 ita
340 2162 417 2218 unde
441 2179 475 2217 ac
498 2160 584 2217 crude
605 2161 806 2235 argumentari:
842 2160 919 2216 Deus
942 2167 1035 2232 potest
1052 2158 1109 2216 eifi·
1136 2165 1251 2219 tionem:
1277 2162 1386 2231 Bibitc,
1415 2162 1468 2216 tec
1487 2169 1528 2216 eat
1542 2163 1659 2230 scapeia
1676 2178 1764 2226 mea,
1789 2164 1841 2230 pai
1855 2180 1912 2232 pro
1929 2181 1977 2217 oo·

275 2265 356 2316 ome,
377 2254 410 2305 ut
426 2265 527 2320 corpus
544 2246 649 2305 Christi
667 2264 732 2303 rere
752 2254 781 2303 et
796 2246 908 2302 realiter
925 2264 1057 2318 praesens
1074 2247 1111 2302 sit
1137 2251 1177 2302 bia
1208 2250 1363 2319 effunditur
1396 2250 1426 2301 io
1454 2249 1646 2302 remissionem
1670 2256 1861 2317 peccatorum.
1910 2249 1977 2305 Jam

274 2338 305 2393 iu
327 2352 423 2395 coena.
458 2335 534 2408 Ergo
556 2350 621 2390 rere
645 2349 776 2405 praeseus
797 2339 846 2389 est.
881 2331 922 2387 At
934 2333 1046 2404 ipsimet
1062 2349 1109 2389 no·
1135 2350 1200 2389 vero
1232 2351 1288 2391 non
1319 2334 1457 2405 typicum,
1489 2351 1545 2388 non
1573 2332 1764 2405 figurativum,
1791 2333 1842 2390 sed
1868 2350 1978 2404 rernm,

274 2424 379 2495 rimus,
406 2424 498 2481 Deum
520 2420 610 2479 multa
633 2437 729 2493 posse,
758 2437 830 2493 quae
852 2425 946 2475 tamen
965 2435 1017 2475 nec
1033 2418 1110 2490 facit,
1135 2422 1210 2476 reale
1236 2427 1266 2476 et
1292 2419 1476 2476 substantiale
1501 2419 1604 2475 Christi
1631 2436 1732 2491 corpus
1757 2420 1787 2473 in
1810 2437 1862 2477 ara
1882 2420 1975 2477 (rucis

274 2527 327 2569 nee
343 2509 405 2566 vult
422 2508 524 2574 faeere,
544 2509 609 2570 θεὸς
629 2505 720 2562 πάντα
737 2505 791 2562 ὅσα
809 2510 895 2574 θέλει,
908 2505 1033 2571 δύναται,
1058 2503 1110 2576 οὐχ
1136 2524 1186 2578 pro
1205 2507 1284 2564 nobis
1303 2508 1413 2577 detum3
1432 2523 1488 2562 non
1504 2507 1631 2577 typicus,
1650 2523 1706 2563 nou
1723 2505 1903 2579 figurativus,
1922 2507 1974 2562 sed

275 2597 343 2653 dou-
356 2597 389 2652 dl
409 2596 539 2662 δύναται,
565 2598 643 2649 θέλει
660 2595 702 2649 ait
717 2593 908 2649 Damascenus
926 2592 976 2649 lib.
998 2599 1020 2650 1.
1038 2592 1109 2650 orth.
1136 2611 1231 2664 rerum,
1255 2595 1337 2649 realis
1361 2601 1390 2650 et
1413 2592 1603 2649 substantialis
1623 2591 1724 2647 Christi
1742 2592 1856 2664 sangnis
1873 2593 1904 2647 in
1922 2610 1973 2648 ara

275 2682 325 2739 od.
349 2697 411 2754 cap.
437 2681 488 2737 ult.
527 2680 603 2751 Ergo
625 2697 681 2735 non
699 2680 734 2734 ab
751 2680 951 2750 omnipotentia
967 2678 1036 2745 Dei,
1060 2680 1110 2735 sed
1136 2683 1225 2736 crucis
1250 2700 1300 2753 pro
1327 2678 1407 2736 nobis
1437 2676 1541 2735 effusus
1567 2685 1618 2736 est.
1663 2676 1739 2750 Ergo
1761 2696 1818 2734 non
1843 2681 1971 2752 typicum
1996 2701 2002 2728 ⁴

277 2768 459 2825 aroluntete
483 2765 586 2822 Christi
607 2766 637 2820 in
658 2764 749 2821 verbis
774 2764 955 2821 institutionis
980 2782 1111 2838 expressa
1136 2774 1164 2825 et
1192 2768 1385 2840 figurativum,
1416 2767 1465 2822 sed
1495 2784 1606 2836 rerum,
1636 2765 1710 2821 reale
1735 2771 1765 2821 et
1788 2766 1971 2823 substantiale

243 2909 246 2917 ,
276 2859 516 2926 argumentamur,
539 2851 614 2924 quod
632 2848 759 2906 Christus
776 2850 898 2921 corporis
917 2857 946 2907 et
965 2852 1109 2925 sanguinis
1137 2856 1241 2911 Christi
1267 2871 1367 2927 corpus
1392 2855 1422 2911 in
1440 2871 1520 2909 sacra
1536 2871 1623 2911 coena
1639 2869 1770 2925 praesens
1788 2859 1831 2910 est
1849 2861 1878 2910 et
1894 2871 1972 2910 man·

276 2940 321 2999 aui
345 2937 531 3011 praesentiam
551 2938 581 2993 iu
596 2952 676 2992 sacra
691 2951 778 2992 coena
795 2937 965 2994 ordinaverit
981 2955 1016 2994 ac
1032 2938 1109 2993 insti-
1137 2941 1296 2996 ducendum
1318 2940 1398 2995 nobis
1424 2940 1520 3009 daturi
1544 2956 1600 2995 non
1622 2940 1749 3012 typicus,
1772 2957 1828 2997 non
1846 2939 1972 3015 figurati·

276 3027 376 3093 matt,
403 3042 468 3083 curn
498 3041 565 3081 aero
596 3023 702 3094 omnia,
732 3039 805 3095 quae
826 3023 887 3079 vult
907 3040 943 3081 ac
964 3024 1110 3096 promittit,
1136 3046 1197 3097 vus,
1215 3028 1264 3084 sed
1281 3043 1372 3097 verus,
1391 3027 1472 3082 realis
1492 3033 1521 3083 et
1539 3024 1728 3082 substantialis
1742 3025 1971 3101 Christisanguis

273 3120 419 3189 praestare
440 3110 542 3184 possit,
566 3110 631 3166 ideo
653 3110 689 3165 de
706 3102 908 3181 complemento
925 3111 1110 3168 dubitandum
1136 3114 1166 3170 in
1193 3130 1273 3171 sacra
1295 3130 1382 3168 coena
1403 3128 1534 3183 praesens
1556 3119 1599 3169 est
1617 3128 1651 3166 ac
1668 3110 1806 3168 bibendus
1825 3102 1907 3189 nobis
1924 3112 1973 3169 da·

276 3219 333 3260 nou
356 3216 418 3258 esse
442 3197 569 3254 dicimus.
605 3200 630 3252 ³.
649 3194 733 3263 Quod
749 3192 781 3251 roi
799 3197 901 3265 teipsa
920 3197 976 3253 sint
992 3197 1109 3255 duorum
1135 3208 1190 3258 tur.
1232 3199 1261 3257 Si
1285 3200 1428 3255 obvertere
1452 3198 1541 3254 velint
1559 3198 1589 3252 τὸ
1607 3197 1684 3268 quod
1701 3198 1895 3270 exponendum
1912 3216 1974 3256 esse

276 3302 417 3365 generum,
435 3292 468 3342 ut
484 3282 659 3355 exposuimus
675 3283 706 3338 in
723 3287 803 3339 tract
820 3282 856 3339 de
873 3283 954 3342 elect.
973 3289 1002 3341 et
1018 3301 1111 3357 repro·
1136 3304 1187 3359 per
1209 3293 1362 3357 praetenue,
1388 3282 1540 3357 repetenda
1563 3290 1628 3340 suut
1652 3283 1837 3341 fundamenta
1855 3289 1905 3343 τοῦ
1923 3287 1973 3363 pp·

275 3374 336 3434 hat.
357 3371 387 3451 ὅ.
410 3379 452 3430 ib.
475 3369 613 3445 quaedam
636 3368 697 3425 vult
717 3367 797 3426 Deus
814 3369 944 3428 absolute
961 3376 990 3428 et
1006 3370 1110 3445 simpli·
1139 3379 1194 3430 ιοῦ.
1237 3380 1260 3431 3.
1279 3372 1399 3445 Sanguis
1424 3372 1490 3427 nori
1511 3370 1684 3442 testamenti,
1706 3371 1758 3427 hoc
1782 3379 1825 3427 est
1841 3370 1891 3428 ille
1909 3390 1972 3437 san·

275 3463 356 3531 aiter,
381 3457 520 3534 quaedam
541 3473 608 3513 aero
625 3461 703 3513 certa
718 3456 892 3529 conditione,
919 3458 949 3512 in
966 3459 1111 3530 posteriori
1137 3461 1215 3534 guis,
1241 3477 1296 3532 quo
1313 3475 1416 3514 novum
1432 3462 1628 3514 testamentum
1645 3456 1782 3512 sancitum
1801 3464 1844 3513 est
1860 3465 1890 3514 et
1907 3475 1973 3515 con·

277 3551 333 3607 sair
354 3549 478 3616 belmeis
501 3560 603 3616 genere
621 3560 639 3598 a
658 3541 802 3599 voluntate
819 3543 856 3599 ad
871 3543 1003 3601 effectum
1020 3545 1112 3617 ipsum
1137 3547 1289 3614 firmatum,
1316 3553 1359 3603 est
1379 3563 1475 3611 verus,
1498 3544 1580 3600 realis
1603 3550 1632 3599 et
1655 3543 1847 3603 substantialis
1869 3540 1973 3617 Christi

277 3653 334 3692 non
352 3633 420 3691 licet
434 3630 599 3704 procedere,
624 3628 673 3684 sed
691 3632 801 3685 tantum
817 3628 848 3683 in
864 3628 963 3701 priori,
981 3629 1018 3686 ad
1036 3630 1112 3703 quod
1138 3632 1262 3706 nngub.
1321 3632 1363 3690 Ut
1395 3632 1467 3688 enim
1499 3637 1578 3687 vetus
1607 3636 1802 3687 testamentum
1836 3629 1974 3705 sanguine

277 3738 343 3780 cum
363 3734 460 3777 morae
484 3733 589 3775 coenae
610 3714 748 3772 institutio
768 3715 921 3787 pertineat,
951 3715 987 3773 de
1008 3718 1112 3789 maiore
1133 3721 1317 3792 juvencorum
1332 3719 1437 3791 typico,
1455 3718 1495 3773 ita
1514 3733 1616 3773 novum
1634 3732 1700 3771 vero
1715 3714 1817 3772 Christi
1835 3714 1973 3789 sangnine

277 3807 460 3885 nulla-restat
477 3803 625 3861 dubitatio.
1137 3807 1274 3862 sancitum
1296 3812 1338 3861 est
1361 3812 1390 3861 et
1414 3803 1620 3872 confirmatum,
1643 3808 1677 3858 ut
1701 3802 1782 3859 docet
1798 3803 1917 3875 epistola
1935 3805 1972 3859 ad

138 3900 234 4015 ‚m
312 3898 374 3952 loo.
393 3891 599 3949 Constituamus
616 3894 709 3945 autem
726 3887 871 3945 distinctas
886 3893 1112 3961 argumentorum
1137 3893 1281 3949 Hebraeos
1316 3899 1347 3962 9,
1376 3911 1401 3948 r.
1433 3897 1472 3948 12.
1515 3888 1581 3946 dam
1607 3905 1672 3945 vero
1697 3886 1822 3946 Christus
1845 3896 1971 3963 testatur,

198 4010 208 4019 ·-
225 3980 397 4056 -fflolassss,
426 3977 528 4051 quibus
548 3976 681 4033 minorem
704 3975 862 4047 argumenti
888 3975 975 4031 nostri
1001 3975 1113 4031 demon·
1137 3980 1301 4053 sangninem
1328 3977 1393 4034 nori
1420 3976 1578 4034 testamenti
1611 3976 1641 4033 in
1666 3992 1747 4033 saera
1775 3993 1864 4033 coena
1890 3977 1972 4034 nohis

134 4024 259 4147 ‘m3
279 4076 406 4127 mus.
452 4065 574 4121 Primam
613 4061 731 4117 classem
771 4060 932 4134 suppeditat
966 4058 1113 4119 Dominica
1138 4065 1290 4123 bibendum
1315 4065 1382 4120 dari.
1426 4064 1502 4136 Ergo
1520 4080 1611 4133 serus,
1630 4062 1713 4118 realis
1732 4069 1761 4118 et
1778 4060 1971 4129 substantialis

149 4116 236 4175 ’ψ
270 4154 424 4213 institutio
446 4149 542 4209 Verba
558 4165 655 4206 sacrae
672 4164 776 4205 coenae
792 4150 861 4203 κατὰ
879 4147 969 4223 ῥητὸν,
986 4148 1112 4205 insensu
1137 4151 1239 4209 Christi
1261 4151 1375 4224 sangnis
1401 4151 1430 4204 in
1453 4166 1534 4205 sacra
1557 4166 1644 4207 coena
1668 4148 1749 4206 nohis
1767 4148 1905 4207 bibendus
1923 4151 1971 4207 da·

149 4168 381 4375 Queat
399 4244 429 4296 et
446 4238 558 4311 proprio
577 4235 742 4307 accipienda
761 4241 839 4301 suut,
861 4240 895 4291 ut
910 4235 1037 4306 superins
1058 4236 1113 4291 init
1138 4246 1190 4296 tur.
1231 4238 1302 4294 Cum
1327 4236 1438 4308 Moyses
1461 4236 1598 4309 sanguine
1610 4237 1793 4308 iuvencorum
1809 4236 1906 4309 typico
1922 4255 1972 4309 po·

254 4329 408 4386 .-ericmm.
447 4322 537 4397 Atqrd
562 4339 595 4379 eo
618 4321 701 4377 modo
721 4337 755 4377 ac
774 4337 858 4377 sensu
875 4326 993 4392 accepta
1009 4320 1111 4377 realem
1136 4324 1234 4397 pulum
1252 4324 1437 4395 adspergeret,
1455 4321 1538 4377 dixit:
1556 4323 1731 4393 Εοεαοοοὲο
1743 4324 1881 4391 foederis,
1893 4326 1971 4395 qnod

150 4378 244 4473 tt'ts
271 4421 309 4473 :st
327 4411 538 4471 numanam
559 4409 682 4479 corpses
703 4413 732 4465 at
749 4406 894 4480 inguim
913 4406 1016 4463 curae
1033 4424 1112 4479 pra·
1132 4410 1245 4482 papea
1267 4411 1394 4466 roseae
1418 4410 1558 4463 aoracum
1579 4409 1667 4468 axau
1687 4416 1733 4475 as,
1758 4426 1785 4467 v.
1804 4415 1829 4467 s.
1863 4408 1920 4466 aar
1941 4412 1969 4466 in

150 4488 261 4584 ,wil
279 4499 399 4561 ndum
417 4496 555 4565 inferunt,
579 4494 655 4568 quod
667 4495 708 4549 sic
726 4493 911 4559 ostendimus:
939 4499 963 4550 t.
981 4493 1016 4555 Id
1036 4494 1112 4567 quod
1136 4496 1344 4554 confirmatione
1367 4501 1396 4552 et
1417 4496 1604 4569 applicatione
1627 4495 1873 4561 noritestamenti
1892 4496 1970 4553 Chri·

149 4588 231 4627 Μ’*
272 4588 310 4647 in
336 4601 415 4643 sacra
445 4599 533 4641 coena
561 4580 786 4637 manducandum
810 4596 845 4636 ao
861 4579 1013 4636 hibendum
1031 4579 1111 4636 nohis
1137 4590 1197 4639 stus
1213 4601 1269 4640 non
1288 4584 1421 4656 typicum,
1440 4584 1489 4639 sed
1508 4602 1589 4641 sunm
1603 4581 1764 4655 sangumem
1780 4582 1970 4642 nobishiben·

149 4634 371 4743 ἔποψ,
387 4670 459 4729 illud
475 4685 548 4740 rere,
567 4667 678 4725 rechter
693 4684 728 4723 ao
746 4665 965 4723 substantialiter
980 4684 1112 4738 praesens
1137 4671 1204 4728 dnm
1221 4671 1321 4743 tradit,
1347 4670 1465 4743 ideoque
1483 4665 1814 4731 romulam-foederatam
1831 4671 1862 4729 in
1880 4668 1917 4729 V.
1935 4672 1968 4727 T.

150 4740 249 4782 ''⁸¹⁰¹''
278 4767 338 4833 ast,
364 4757 430 4832 qnia
457 4757 542 4827 λῆψις
565 4754 595 4810 in
614 4752 827 4810 manducatione
846 4752 1030 4811 cohibitione
1048 4771 1111 4809 oon·
1137 4763 1298 4829 usurpatam
1323 4756 1440 4829 adjaces
1467 4758 1639 4817 differentiae
1662 4769 1747 4808 cansa
1766 4755 1877 4813 duabus
1896 4758 1969 4817 roci·

239 4894 242 4899 .
272 4850 380 4907 sistens
402 4840 587 4917 praerequirit
609 4837 703 4910 δόσιν,
729 4845 843 4912 propter
860 4845 986 4905 mutuam
1002 4839 1111 4895 relatio·
1137 4844 1190 4901 bus
1217 4849 1309 4911 (meua
1336 4851 1365 4903 et
1390 4846 1472 4917 aovi)
1499 4847 1536 4904 ad
1551 4858 1653 4903 norum
1671 4839 1769 4897 foedus
1789 4861 1840 4899 suo
1856 4846 1969 4917 proprio

238 4960 241 4966 ·
277 4952 355 5001 Ml
383 4930 462 4992 δόσις
487 4927 672 5002 pmmequirit
693 4943 788 4983 reram
810 4926 1005 4998 praesentiam.
1046 4926 1112 4983 Jam
1137 4931 1274 5004 sanguine
1301 4931 1437 4988 sancitum
1463 4932 1595 5007 applicat.
1638 4933 1662 4984 t
1688 4926 1797 4985 Novum
1820 4935 1968 4988 mammen

277 5039 345 5080 mo
366 5021 450 5093 im
478 5014 567 5089 spen
594 5012 696 5071 eneae
725 5014 832 5071 vassu
863 5021 893 5070 a
918 4989 1197 5093 omnpenasltum
1213 5035 1269 5073 nou
1286 5017 1405 5089 mma
1421 5018 1507 5077 sese
1522 5012 1615 5078 mer,
1632 5015 1759 5073 ameum
1776 5022 1803 5069 a
1818 5016 1968 5087 emam

278 5107 459 5165 amonem
484 5103 515 5159 iu
537 5117 617 5159 sacra
638 5117 726 5157 coena
752 5116 807 5157 non
832 5099 921 5155 solnm
944 5100 1042 5172 panis,
1060 5101 1296 5177 sed2seturorem
1315 5104 1463 5175 brumam,
1480 5102 1531 5159 ssd
1547 5099 1637 5171 ipsam
1653 5098 1761 5168 εἰκόνα,
1783 5101 1968 5159 seruantem

237 5216 241 5223 ·
277 5193 363 5250 etiarn
387 5189 594 5265 eorpusipsius
615 5184 694 5243 nohis
711 5186 937 5244 manducandum
954 5185 1051 5257 datur,
1075 5180 1163 5283 stiae
1189 5205 1349 5261 supernam
1371 5206 1466 5247 rm
1488 5184 1653 5256 honinem,
1688 5186 1791 5245 Coloss.
1819 5191 1852 5256 2,
1875 5207 1901 5246 r.
1927 5197 1967 5248 17.

237 5324 243 5333 .
278 5279 392 5351 quidem
412 5281 540 5351 porrecto
563 5291 637 5347 pane
656 5272 803 5329 benedicto
822 5272 934 5329 dicebat
949 5273 987 5328 ad
1002 5275 1222 5349 aposmiHsbr.
1248 5283 1294 5348 le,
1322 5295 1349 5336 s.
1378 5284 1399 5333 t.
1423 5272 1483 5345 (ubi
1503 5286 1554 5341 per
1578 5268 1674 5330 futura
1690 5272 1764 5331 bona
1778 5288 1834 5329 non
1850 5285 1968 5347 possunt

240 5362 333 5421 -.ios=
348 5366 494 5436 strepeto,-
505 5361 648 5429 amaa,
665 5360 718 5415 boc
734 5367 776 5413 ast
794 5375 897 5431 corpiss
914 5375 1014 5419 mum.
1045 5354 1125 5459 Por-fl
1136 5361 1255 5438 intelligi
1266 5361 1411 5427 ¹hanelieia
1431 5353 1569 5433 panionia
1589 5363 1618 5415 et
1643 5359 1737 5415 mortis
1754 5356 1871 5439 Christi,
1895 5360 1967 5438 qaae

236 5496 243 5523 ,
271 5456 357 5513 mie
371 5450 519 5511 benedicto
536 5444 764 5511 ulieediashat:
787 5445 896 5535 Rebilo,
918 5446 970 5515 boo
988 5454 1029 5505 est
1046 5448 1265 5513 am-tiidelshus
1287 5446 1433 5523 omnaque
1454 5440 1613 5505 wenti
1634 5449 1700 5501 eunt
1722 5447 1893 5519 communia,
1916 5451 1965 5508 sed
