4004 6022
262 193 323 269 tle
816 182 938 251 tiociis
954 178 1157 250 uouemus
1174 181 1372 253 SECUNDUS

261 360 303 406 tot
316 351 510 415 funestissima
527 349 603 406 bella
620 348 747 420 conjecit,
769 367 803 404 aa
814 347 842 403 si
854 366 910 403 non
921 350 1007 404 etiam
1018 347 1093 403 hosti
1103 345 1106 456 Ι
1118 347 1228 415 capitur
1238 347 1343 416 jurare
1360 345 1482 400 ahmam
1501 344 1532 399 in
1549 359 1682 414 mansam
1702 349 1894 412 comptarum,
1912 335 1948 396 iu

262 445 331 490 esset
349 439 424 507 ficies
446 439 595 491 remanda.
632 436 674 494 Ut
698 443 790 491 autem
813 434 935 506 pontifex
959 432 1283 516 perjurio-,tellipendm
1311 432 1338 484 si
1364 439 1463 501 postea
1489 430 1639 500 placuerit.
1683 430 1723 483 Et
1750 447 1769 482 a
1793 428 1947 483 latronibus

262 540 323 578 rum
341 531 443 590 auctor,
463 523 504 577 ita
521 522 641 592 episcopi
658 522 745 592 ipsius
763 520 816 576 hac
833 522 863 575 in
879 538 910 578 re
921 521 1033 592 egregie
1044 536 1092 590 pa·
1103 520 1106 594 l
1117 518 1329 588 ecrnpreheasue
1350 518 1502 586 iurauerit,
1525 534 1555 570 se
1570 524 1672 586 postea
1690 518 1830 570 datumm
1848 522 1949 569 centua

262 609 382 664 trissant.
416 608 554 664 Titulares
578 609 651 662 enim
673 608 714 663 illi
731 608 868 679 episcopi,
894 607 942 678 qui
960 606 997 660 ad
1014 601 1232 676 pere-'aurecs,
1253 613 1283 658 ut
1307 605 1455 672 liberetur,
1478 611 1503 657 et
1528 604 1675 672 aequivoce
1686 603 1814 671 jurans,
1839 603 1909 654 inter
1924 619 1948 656 se

262 695 372 766 gsinum
389 695 509 766 aliquem
527 695 715 765 episcopatum
733 694 909 763 ordinantur,
928 694 1039 763 jurant,
1063 708 1092 746 se
1118 691 1227 754 dicens,
1245 691 1273 743 si
1284 698 1386 759 postea
1403 689 1533 760 libuerit,
1552 698 1618 743 tunc
1637 707 1694 742 noa
1711 697 1823 742 tanaus·
1840 687 1949 741 ecleerc.

262 800 295 838 eo
318 782 519 852 quamprimum
542 780 714 851 profecturos
739 787 768 835 et
792 780 866 834 illius
889 779 940 835 loci
968 778 1092 834 homines
1119 775 1203 830 Sica
1221 777 1334 829 custode
1352 776 1490 844 injuriose
1508 777 1647 844 detentus,
1673 783 1704 828 ut
1722 775 1895 840 dimittatur,
1906 774 1950 841 ju·

262 883 448 935 conversuros,
468 883 531 922 mox
550 873 642 921 tamen
662 865 699 920 ab
718 865 766 920 illo
780 867 938 935 juramento
956 882 1006 936 per
1024 881 1092 934 pon·
1103 857 1106 890 ²
1117 880 1193 926 rans,
1212 880 1241 916 se
1259 863 1417 916 rediturum
1430 870 1542 931 postea,
1553 870 1648 931 potest
1665 862 1709 914 uti
1727 861 1951 930 aequivocatione

261 950 363 1008 uficem
386 953 576 1009 absolvuntur.
615 952 784 1008 Recensetur
808 951 855 1007 ille
876 951 953 1006 lusus
975 951 1004 1006 in
1020 950 1092 1006 libro
1118 957 1143 1003 et
1158 966 1215 1003 nors
1227 957 1333 1002 tenetm
1347 949 1451 1005 redire.
1477 946 1603 1002 Molanus
1615 953 1695 1002 tract.
1709 953 1733 1003 2.
1754 964 1776 1003 c.
1790 955 1817 1003 t.
1830 944 1951 1002 couci&

262 1039 311 1109 qui
326 1040 448 1095 confluet
468 1055 567 1095 musas
583 1039 702 1095 recusati
714 1038 823 1094 concilii
837 1037 992 1093 Tridentini
1003 1056 1031 1108 p.
1044 1043 1092 1093 38:
1120 1034 1154 1089 st
1171 1035 1232 1104 qsiis
1251 1053 1270 1088 a
1286 1035 1453 1102 maqistratu
1468 1035 1662 1103 interrcqetur,
1678 1052 1745 1087 num
1765 1034 1892 1087 accurit
1908 1039 1951 1085 aut

265 1126 318 1179 libi
335 1127 463 1181 ordinati
479 1135 556 1192 suat,
577 1127 717 1194 festinant
734 1143 766 1180 ec
784 1142 878 1178 cernis
897 1125 1004 1181 sedulo.
1045 1123 1093 1178 Ve·
1118 1121 1243 1174 audierit
1259 1121 1372 1174 recusam
1391 1121 1421 1174 in
1439 1122 1502 1175 ioco
1521 1121 1572 1174 hoc
1588 1121 1631 1174 ael
1652 1121 1714 1188 illo,
1726 1127 1826 1189 potest
1844 1136 1952 1189 respos-

260 1230 324 1268 rum
349 1213 399 1265 ubi
420 1214 462 1267 ad
480 1213 605 1282 primum
627 1220 677 1265 aut
702 1214 854 1266 secundam
878 1211 1004 1279 lapidem
1024 1229 1093 1280 pro·
1119 1211 1203 1262 clere:
1231 1210 1307 1276 quod
1333 1226 1402 1275 rica,
1428 1207 1483 1261 imo
1510 1215 1535 1261 et
1559 1208 1675 1277 jurare,
1702 1225 1764 1261 cum
1788 1224 1848 1259 aon
1871 1224 1904 1259 ea
1921 1207 1952 1259 dc

261 1299 353 1366 pressi
367 1307 444 1366 eunt,
468 1306 617 1352 camirruat
633 1299 673 1352 eis
691 1298 849 1362 tabellarii,
867 1298 917 1366 qui
932 1298 1056 1367 afferunt
1074 1315 1093 1350 a
1119 1312 1207 1347 causa
1230 1295 1269 1346 ibi
1290 1293 1340 1362 sit,
1364 1303 1394 1347 ut
1412 1294 1511 1363 judici
1531 1292 1564 1346 ia
1583 1293 1706 1362 aperiat.
1742 1291 1900 1363 Gregorius
1920 1291 1952 1347 de

261 1386 319 1447 fide
337 1384 512 1454 dian'seimis
532 1385 593 1453 ejus
612 1385 668 1438 loci
685 1385 839 1439 hominibus
852 1383 953 1437 literas
966 1384 1093 1437 indican-
1119 1379 1250 1435 Valentia
1267 1387 1332 1434 torn.
1352 1384 1376 1435 3.
1394 1397 1422 1449 p.
1444 1383 1517 1434 1346.
1536 1379 1779 1449 aequivocationes
1798 1378 1861 1433 illas
1878 1384 1952 1432 vocet

262 1478 311 1539 tes,
327 1488 386 1524 rem
405 1487 465 1524 esse
477 1470 566 1539 plane
585 1469 785 1539 impossibilem
804 1477 830 1523 et
850 1469 1095 1538 eatremipericuli
1115 1467 1282 1535 prudentem
1308 1465 1506 1533 defensionem.
1547 1463 1683 1519 Martium
1708 1464 1882 1536 Aspilcueta
1903 1463 1952 1520 Na

257 1557 467 1625 plenissimam,
492 1573 576 1624 quam
599 1563 710 1610 tentent.
749 1556 825 1619 Quid
851 1574 916 1623 erqo
936 1556 1096 1609 cothurnati
1119 1568 1215 1607 varrus
1231 1552 1308 1621 dicit,
1327 1569 1377 1606 eas
1392 1553 1515 1617 fundari
1531 1553 1561 1605 in
1579 1552 1688 1619 insipni
1705 1552 1757 1607 illc
1769 1555 1854 1618 sacto
1866 1551 1952 1607 stau

261 1643 310 1697 illi
338 1661 373 1696 ac
402 1642 513 1695 mitrati
535 1650 632 1712 patres
657 1644 688 1697 in
711 1651 770 1696 tam
795 1643 941 1712 inopinata
964 1642 1094 1710 tristique
1120 1638 1200 1706 circi,
1218 1639 1292 1710 quod
1309 1638 1409 1693 recitat
1426 1637 1457 1692 in
1476 1655 1500 1693 c.
1520 1638 1657 1693 humanae
1676 1653 1758 1693 eures
1780 1654 1804 1692 c.
1827 1643 1870 1695 22.
1889 1657 1915 1709 q.
1932 1644 1953 1693 ⁵.

262 1746 330 1783 casu
355 1730 506 1793 facerent!
540 1729 669 1782 Redeum
695 1727 745 1782 tati
769 1729 926 1782 conturbati
947 1730 1038 1781 denuc
1055 1728 1096 1780 ad
1120 1741 1145 1779 c.
1166 1729 1190 1781 2.
1211 1741 1285 1780 uum.
1306 1730 1344 1780 ll.
1364 1741 1390 1795 p.
1406 1728 1465 1780 348.
1485 1729 1514 1777 el
1531 1723 1561 1779 in
1581 1723 1699 1778 manual
1717 1724 1839 1779 confess.
1857 1728 1953 1779 tom-³.

262 1815 468 1872 sanctissimum
491 1822 619 1884 patrem,
649 1815 698 1882 qui
727 1814 853 1869 omuibus
876 1814 1094 1884 difficultatibus
1120 1828 1143 1866 c.
1168 1816 1206 1867 12.
1232 1830 1257 1865 n
1281 1816 1305 1867 8.
1329 1829 1357 1881 p.
1377 1816 1420 1867 te.
1439 1817 1493 1866 etc.
1529 1809 1692 1866 Sacerdotes
1711 1810 1953 1881 Wisbycensesiu

258 1911 399 1971 promtum
426 1903 579 1955 remedium
607 1904 643 1955 cle
668 1920 722 1956 sua
746 1903 894 1971 potestatis
916 1902 1095 1970 plenitudine
1119 1896 1199 1966 epist
1224 1896 1263 1950 sd
1287 1895 1461 1951 Catholicum
1488 1895 1674 1951 Genercsum:
1701 1899 1762 1950 Ars
1787 1904 1829 1950 est
1853 1903 1954 1951 nostra

262 2004 399 2057 sacroque
417 1989 537 2041 omnium
547 1988 655 2057 jurium
666 1988 772 2042 scrinio
779 1987 905 2057 pectoris
917 1988 1022 2057 afferre
1032 1996 1093 2056 pct-
1119 2002 1182 2037 rum
1198 1983 1392 2051 Jesuitarum,
1419 1991 1450 2036 ut
1466 1984 1495 2037 in
1510 1984 1678 2053 juramentis
1695 1981 1755 2036 sciis
1775 1983 1954 2051 maqistratus

263 2081 313 2130 eet.
349 2075 501 2143 Eapcnunt
523 2074 616 2128 tristes
640 2075 755 2128 incurva
778 2075 883 2128 ceruice
897 2074 1095 2143 praeclarissi·
1120 2070 1258 2140 illudant,
1282 2087 1343 2123 cum
1362 2088 1381 2123 a
1399 2069 1611 2138 maqietratibus
1628 2072 1792 2139 quaeritur,
1819 2071 1898 2124 Esse
1913 2086 1953 2122 sa·

264 2177 338 2212 mam
360 2161 644 2229 suamvoluntatem,
667 2160 885 2229 pulcherrimum
910 2169 1039 2214 conatum
1060 2178 1095 2214 aa
1121 2158 1239 2211 cados!
1285 2165 1343 2210 tum
1370 2158 1513 2211 sacerdoti
1543 2156 1637 2210 licebit
1663 2156 1817 2228 (inquiunt)
1844 2173 1953 2226 respon·

264 2245 395 2313 iterium
418 2254 573 2314 acceptum
578 2266 591 2310 ,·
616 2254 755 2315 eapcrmm
779 2262 901 2315 quoque,
927 2249 997 2316 quid
1024 2263 1094 2299 ccm-
1121 2245 1204 2297 dere:
1223 2260 1280 2297 nou
1296 2261 1357 2297 sum
1374 2244 1450 2312 talis,
1468 2245 1521 2297 sed
1530 2242 1871 2296 addilahacinteaticne
1885 2244 1956 2296 intas

258 2331 387 2400 pararint
409 2333 445 2384 de
463 2330 602 2400 periculis
626 2339 652 2385 et
678 2332 903 2401 imputribilitate
927 2334 986 2402 rei,-
1025 2333 1094 2387 alle·
1121 2331 1151 2382 in
1176 2331 1270 2385 aniano
1294 2337 1440 2399 concepta,
1473 2347 1529 2384 non
1552 2345 1599 2382 cre
1616 2329 1749 2399 maleta,
1782 2328 1897 2398 qualem
1916 2345 1953 2381 me

262 2425 330 2485 parit
359 2417 444 2485 lepea,
477 2419 554 2486 quod
576 2420 617 2471 cd
640 2418 825 2487 impossibilia
849 2437 927 2473 ruma
948 2419 1095 2487 obliquae,
1121 2433 1179 2470 esse
1198 2417 1309 2486 cupitis,
1327 2425 1376 2470 aut
1393 2432 1507 2470 narrem
1525 2417 1583 2484 tibi,
1602 2423 1651 2470 cut
1668 2415 1784 2485 aliqsss'd
1799 2416 1954 2470 sinuleeic

262 2505 356 2571 sicqsw
380 2504 492 2556 tandem
509 2504 642 2571 pontifici
658 2506 845 2573 persuadent,
873 2515 905 2559 ut
921 2525 940 2559 a
957 2506 1095 2575 praestito
1120 2502 1163 2556 En
1190 2502 1373 2574 perjuriorum
1402 2502 1528 2558 doctores
1557 2510 1586 2557 et
1609 2507 1742 2557 auctores.
1785 2505 1802 2555 l
1830 2502 1955 2556 Honorio

259 2589 424 2659 juramento
447 2590 525 2658 ipsos
542 2589 677 2643 absoluat.
712 2590 754 2644 Ex
773 2608 828 2660 quo
846 2598 976 2662 apparet.
1003 2592 1094 2646 titula·
1121 2589 1216 2643 dioinc
1233 2590 1341 2643 nomini
1356 2590 1529 2643 solummedo
1549 2589 1637 2642 debiti
1654 2589 1695 2642 ad
1706 2596 1859 2642 creaturas
1870 2597 1953 2642 mans·

264 2692 309 2731 res
336 2674 397 2729 illos
424 2674 567 2745 episcopos
595 2676 713 2731 scientes
740 2693 774 2731 ec
799 2678 922 2733 volentes
943 2679 1095 2749 perjurium
1120 2677 1199 2731 latio.
1245 2677 1276 2731 ln
1302 2674 1469 2746 juramentis
1498 2673 1672 2746 magistratui
1698 2676 1880 2744 pmmmudis
1905 2692 1956 2733 nou

266 2759 442 2829 committere,
456 2760 553 2830 jurant
564 2759 646 2827 enim,
665 2777 695 2816 se
706 2760 835 2829 lecturos,
848 2763 922 2832 quod
934 2764 963 2818 in
975 2764 1096 2818 animum
1121 2764 1204 2818 solius
1222 2763 1284 2833 Dei,
1305 2763 1354 2818 sed
1374 2763 1457 2819 etiam
1475 2763 1587 2818 nomina
1603 2771 1767 2818 sanctorum
1785 2774 1956 2820 mortuom

159 2857 206 2903 m
219 2859 251 2904 ta
265 2863 408 2916 nunquam
428 2846 499 2900 serio
519 2855 690 2916 receperunt.
724 2846 820 2903 Refert
837 2849 950 2904 Flacius
968 2850 996 2905 in
1014 2850 1096 2908 reiut.
1121 2858 1297 2920 usurpantur,
1318 2866 1374 2921 qua
1391 2849 1498 2904 ratione
1517 2848 1626 2904 divinus
1645 2848 1732 2904 honor
1747 2850 1806 2905 illis
1817 2851 1954 2916 tribuitur¹

264 2931 365 2988 invect.
388 2932 475 2986 Bruni
498 2951 527 3003 p.
553 2938 594 2988 38.
618 2951 710 2988 omnes
736 2936 913 2990 maimundus
940 2947 989 2991 aut
1005 2939 1096 2992 sacris
1121 2935 1195 3007 quod
1220 2937 1389 3006 pejerantem
1408 2937 1508 3006 punire
1526 2935 1640 3006 possint
1678 2935 1876 2993 comessiones
1893 2954 1954 3010 pec·

265 3019 421 3073 initiandos
453 3018 611 3071 scaneinari
639 3018 719 3074 initia
744 3023 780 3075 ab
804 3024 934 3092 episcopo
961 3032 1010 3077 aut
1034 3025 1096 3093 ejus
1120 3029 1243 3077 catarum
1268 3038 1324 3077 non
1351 3022 1439 3077 solum
1466 3022 1541 3091 Deo,
1568 3023 1617 3078 sed
1646 3022 1729 3077 ctiam
1758 3024 1882 3079 Mariae
1903 3026 1954 3079 eis*

264 3106 454 3175 suffraqaneo.
482 3105 571 3159 Facto
589 3107 713 3159 examine
724 3109 910 3176 prcqreditur
924 3110 1097 3164 examinator
1119 3108 1187 3176 pini,
1205 3109 1321 3177 capeliis,
1340 3109 1490 3178 apostolis,
1515 3110 1684 3177 martyribus
1701 3117 1728 3162 et
1745 3111 1876 3165 omnibus
1893 3130 1953 3166 sas·

264 3193 306 3245 ad
322 3192 414 3246 alima
430 3199 456 3245 et
472 3192 727 3259 communierat,
745 3211 839 3248 cinnae
855 3195 921 3250 illos
939 3195 1095 3250 initiandos
1121 3195 1171 3248 etia
1197 3194 1311 3249 iaciunt
1354 3194 1517 3250 Defendunt
1539 3194 1706 3266 baptismum
1730 3195 1826 3261 illurn,
1856 3200 1905 3270 qui
1925 3196 1955 3254 fii

264 3294 323 3332 esse
343 3279 458 3332 idoneas
477 3287 582 3347 aetate,
606 3280 726 3333 moribus
743 3289 769 3334 et
785 3282 916 3346 scientia,
932 3301 993 3336 cum
1006 3284 1095 3354 pleri·
1120 3282 1151 3336 ia
1175 3282 1286 3336 nomiae
1316 3282 1415 3335 Patris
1442 3290 1468 3335 et
1498 3282 1573 3337 Filii
1604 3290 1631 3334 et
1654 3282 1781 3351 Spiritus
1809 3283 1843 3342 8.
1872 3293 1899 3340 et
1919 3285 1953 3344 B.

264 3380 317 3433 que
341 3365 424 3418 etiam
446 3365 654 3420 Eroemorteste
674 3367 730 3420 sint
750 3368 946 3437 iadoch'ssimi,
973 3370 1096 3424 moribus
1120 3368 1237 3421 Marsae
1269 3368 1396 3436 cirqinis.
1449 3366 1545 3423 Guido
1577 3367 1606 3421 in
1635 3368 1767 3439 manipul.
1797 3377 1954 3427 curatorum

264 3450 472 3518 corruptissimi
490 3458 516 3503 et
534 3467 618 3520 saepe
631 3452 715 3505 etiam
728 3462 820 3507 aetate
832 3455 925 3509 adhuc
936 3455 1094 3510 immatura.
1119 3471 1144 3507 o.
1164 3458 1189 3510 3.
1218 3453 1347 3509 costerus
1366 3454 1396 3508 in
1413 3454 1523 3526 apolog.
1546 3462 1565 3511 Ι.
1578 3461 1675 3510 contm
1688 3452 1844 3511 Gomarm
1857 3476 1885 3528 p.
1898 3464 1952 3516 231.

264 3533 311 3591 Sic
340 3551 407 3606 ergo
437 3537 637 3592 examinatores
664 3537 704 3591 illi
730 3539 864 3608 pontificii
891 3541 985 3597 lucelli
1011 3559 1095 3598 causa
1119 3541 1294 3596 *resecant
1323 3542 1437 3611 insuper
1467 3548 1564 3598 conus
1591 3541 1744 3597 secundum
1774 3552 1952 3616 praeceptum

265 3621 382 3676 scientes
405 3624 579 3678 accolentes
597 3624 722 3693 pejerare
740 3643 796 3680 nou
813 3626 984 3682 erubescunt.
1022 3631 1094 3685 Hae·
1119 3627 1256 3694 docendo,
1276 3644 1370 3698 preces
1389 3629 1499 3700 ignotas
1517 3629 1581 3699 plus
1599 3644 1683 3698 saepe
1703 3629 1797 3686 valere
1815 3632 1855 3686 ad
1874 3632 1952 3688 dero·

263 3707 351 3761 retice
377 3723 434 3760 non
451 3724 511 3762 esse
529 3710 692 3763 servandam
710 3710 794 3765 iidem
814 3713 897 3767 etiam
911 3715 1093 3783 jurejurando
1117 3714 1220 3768 tionem
1245 3721 1273 3768 et
1297 3714 1361 3785 plus
1385 3714 1476 3770 lacere
1502 3714 1538 3769 ad
1564 3713 1786 3770 aedificationem
1807 3733 1896 3788 quam
1912 3734 1952 3774 co

263 3791 450 3848 confirmatam
473 3794 586 3863 docent,
610 3802 641 3849 nt
660 3797 752 3865 praxis
776 3797 805 3851 in
822 3800 939 3854 coneilio
958 3800 1092 3857 Constan·
1118 3800 1218 3870 gnitas.
1249 3799 1517 3871 Aegio-Remenses
1536 3800 1565 3855 in
1585 3806 1607 3857 l.
1627 3801 1688 3857 cor.
1710 3807 1751 3870 14,
1769 3820 1796 3856 v.
1819 3809 1867 3858 1³:
1890 3806 1950 3860 Nos

262 3879 344 3934 tiensi
365 3879 499 3943 ostendit,
523 3896 578 3951 qua
600 3881 708 3937 renone
726 3882 825 3938 iterum
845 3886 1026 3955 perjuriorum
1044 3906 1091 3943 su·
1118 3888 1286 3951 dubitamus,
1305 3887 1372 3955 quin
1388 3888 1452 3940 Dec
1469 3887 1506 3939 sit
1524 3887 1634 3955 arctius
1654 3895 1679 3940 et
1697 3889 1951 3944 conducibiliusis

262 3974 351 4020 atores
368 3964 447 4022 flunt.
483 3965 607 4036 Exigunt
624 3984 642 4023 a
661 3969 803 4024 monachis
822 3976 850 4024 et
869 3972 1033 4027 monialibus
1046 3975 1091 4044 ju·
1118 3973 1241 4026 omnibus
1276 3974 1485 4027 necessitatibus
1521 3981 1548 4026 et
1585 3974 1762 4028 conuentibus
1793 3977 1844 4030 sui
1872 3978 1950 4032 totius

261 4058 428 4117 ramentum,
452 4068 506 4123 quo
532 4070 562 4108 se
585 4054 622 4108 ad
647 4063 809 4125 perpetuam
829 4057 1024 4114 annuntiem
1045 4060 1091 4115 ob·
1120 4060 1277 4114 Christiani
1296 4061 1401 4130 populi
1421 4061 1541 4129 precari
1565 4062 1596 4114 in
1620 4062 1719 4129 linquo
1735 4064 1849 4118 Latim
1873 4082 1951 4136 quase

262 4137 410 4209 stringant,
435 4156 498 4193 cum
519 4155 556 4193 ne
580 4140 741 4195 millesimus
765 4142 877 4215 quidem
895 4144 999 4200 axillis
1019 4147 1091 4203 dono
1118 4147 1147 4199 ia
1163 4147 1288 4213 culpari,
1307 4147 1374 4200 licet
1393 4147 1582 4216 unusquisque
1598 4147 1628 4201 in
1642 4149 1821 4218 particulari
1838 4168 1896 4205 acu
1913 4152 1949 4206 is·

262 4224 315 4279 isto
340 4224 376 4278 sit
392 4224 550 4279 instructus.
585 4225 695 4280 Doceat
713 4228 984 4297 aequivocationibus
1004 4233 1044 4287 uti
1062 4234 1091 4288 in
1118 4232 1236 4301 telliqat,
1253 4234 1323 4301 quid
1339 4232 1481 4302 loquatur,
1500 4240 1593 4285 tamen
1603 4233 1723 4303 planum
1736 4243 1785 4305 est,
1803 4238 1881 4292 tales
1887 4254 1949 4309 pre·

259 4309 432 4378 juramentis,
449 4310 501 4365 boc
519 4318 561 4366 est
580 4319 666 4369 artem
685 4314 799 4383 perjurii
811 4315 982 4385 profitentur.
1011 4318 1091 4376 Tole-
1118 4337 1161 4372 ces
1184 4337 1239 4372 aon
1257 4320 1363 4373 arincre
1382 4338 1443 4372 cum
1460 4319 1652 4375 consolatione
1670 4321 1804 4390 spiritus,
1829 4343 1888 4379 nan
1906 4324 1950 4379 mi·

262 4404 307 4450 tus
331 4396 378 4451 lib.
398 4404 421 4452 4.
440 4396 476 4452 de
491 4396 616 4454 instruct.
635 4400 739 4454 sacerd.
757 4418 781 4456 a.
801 4407 848 4458 et:
872 4405 994 4458 Tenetur
1010 4408 1090 4462 laamc
1117 4423 1185 4460 nore
1208 4423 1269 4458 cum
1294 4405 1400 4469 taedia,
1428 4424 1483 4461 aon
1506 4408 1611 4462 minori
1630 4409 1776 4462 deuotione
1793 4418 1822 4464 et
1843 4413 1950 4483 affecta,

263 4483 417 4552 aliquando
436 4485 585 4537 secundum
604 4493 718 4538 mentem
735 4486 857 4541 aliorum
868 4491 982 4560 jurare,
1001 4494 1034 4545 id
1051 4502 1091 4547 est
1117 4493 1173 4545 imc
1201 4492 1315 4560 saepius
1344 4491 1449 4558 mcq'cri
1476 4493 1539 4550 heri
1559 4510 1642 4561 quom
1665 4494 1740 4548 alios
1766 4495 1852 4561 illas,
1882 4513 1950 4569 qaas

261 4571 306 4624 uti
326 4570 472 4623 verinum
494 4570 697 4639 siqnisicaticne
721 4575 872 4642 communi,
892 4579 1019 4644 quamuis
1035 4596 1091 4633 non
1111 4580 1185 4647 fiunt
1213 4579 1312 4646 linqua
1338 4585 1411 4632 ncta.
1448 4576 1561 4648 Pugnat
1587 4581 1639 4634 hoc
1670 4596 1733 4634 cum
1764 4586 1785 4636 l.
1819 4582 1884 4641 Cor.
1912 4590 1949 4654 ll,

261 4671 370 4724 semper
395 4663 523 4709 teneatur
551 4658 592 4709 ad
617 4657 682 4724 hoc,
709 4659 760 4711 scd
785 4659 940 4728 aliquando
965 4664 1029 4718 licet
1050 4668 1093 4720 uti
1117 4683 1142 4718 v.
1168 4670 1191 4721 2.
1217 4680 1305 4735 usque
1324 4668 1365 4720 20.
1403 4662 1468 4718 Huc
1493 4663 1566 4719 refer
1582 4664 1652 4719 illud
1670 4665 1779 4721 Asorii:
1818 4669 1882 4724 Pro
1907 4670 1950 4727 ob·

260 4743 488 4813 aequivocatione
512 4749 537 4796 et
557 4743 687 4812 decipere
704 4746 875 4811 audientem,
901 4767 958 4803 non
975 4768 1091 4823 semper,
1116 4755 1217 4806 atinate
1241 4751 1327 4804 malis
1354 4759 1379 4803 ct
1406 4750 1551 4805 eaelermie
1578 4755 1718 4806 mansium
1746 4762 1802 4818 est,
1842 4765 1873 4811 at
1895 4774 1950 4827 pro

259 4832 311 4884 scd
334 4831 447 4899 quando
466 4829 558 4897 judea
583 4839 683 4883 cantra
701 4832 845 4900 justitiam
862 4838 932 4904 petit
944 4838 1089 4906 juramen·
1115 4837 1265 4892 haereticis
1290 4845 1317 4891 et
1340 4837 1524 4891 schismaticis
1549 4854 1605 4890 non
1623 4847 1663 4892 est
1681 4839 1839 4907 orandum,
1862 4841 1910 4900 lib.
1922 4849 1950 4900 q,

259 4926 330 4985 tum,
357 4917 422 4971 licet
447 4917 490 4970 uti
517 4917 742 4985 aequivocatione
768 4929 793 4974 et
811 4923 916 4991 jurare
939 4929 1089 4980 secundum
1116 4925 1200 4980 instit.
1217 4929 1293 4981 c.3l.
1311 4919 1339 4997 ξ.
1359 4921 1443 4978 Sexto
1455 4923 1605 4993 quaeritur.
1627 4923 1730 4979 Contra
1743 4926 1846 4983 illim.
1857 4933 1883 4991 2.
1891 4946 1917 4983 r.
1928 4934 1951 4987 1.

258 5022 338 5057 mmm
355 5010 479 5072 mentem,
498 5011 594 5056 contra
611 5013 726 5058 mentem
737 5007 856 5074 judicis,
873 5017 902 5061 at
916 5019 988 5079 puta
1006 5030 1089 5081 msce-
1116 5015 1201 5066 Orata
1218 5029 1276 5081 pro
1292 5012 1520 5081 persequentibus
1537 5010 1635 5066 Matth.
1655 5019 1679 5081 5,
1699 5029 1726 5067 v.
1747 5019 1788 5069 lt.
1824 5015 1950 5072 Christus

258 5089 333 5144 renti
345 5090 450 5159 judici,
466 5089 597 5153 fecistine
616 5090 711 5144 ittnat
734 5095 916 5162 respondeat:
941 5115 995 5150 non
1015 5100 1089 5166 feci,
1115 5117 1165 5170 pro
1190 5098 1306 5153 inimicis
1329 5098 1417 5152 oravit
1441 5097 1509 5152 Luc.
1531 5103 1578 5167 2³,
1598 5114 1624 5150 r.
1643 5103 1684 5154 et.
1710 5104 1740 5153 at
1764 5100 1837 5156 nulli
1861 5103 1949 5175 magis

258 5177 442 5245 intelliqendc
460 5177 533 5229 inter
551 5193 589 5244 se,
607 5184 637 5229 ut
654 5178 748 5231 dicam
767 5181 825 5249 tibi,
840 5181 945 5234 celhoa
956 5191 1089 5254 tempore,
1114 5186 1206 5240 hostes
1229 5192 1257 5240 et
1280 5183 1383 5238 inimici
1402 5183 1535 5239 ecclesiae
1555 5200 1638 5254 quam
1655 5184 1840 5241 haeretici.”
1878 5193 1949 5247 Cos·

257 5261 302 5314 cel
319 5263 389 5330 quid
408 5261 510 5316 simile.
533 5262 573 5314 Et
585 5262 613 5315 si
628 5263 795 5317 cirucorem
802 5275 890 5335 petat,
907 5286 945 5322 an
956 5271 993 5322 sit
1006 5271 1088 5324 adul·
1113 5281 1159 5325 tra
1182 5272 1292 5325 tertium
1306 5280 1491 5340 praeceptum
1509 5269 1587 5341 viget
1605 5271 1634 5325 in
1652 5279 1771 5341 papatu:
1794 5278 1818 5330 1.
1839 5277 1951 5332 sabbati
1960 5280 1993 5330 nl

258 5355 331 5415 tera,
356 5348 411 5400 ista
429 5351 719 5419 responderepctcst,
744 5367 799 5404 ncn
815 5369 889 5416 euni,
913 5358 1088 5422 quantumuis
1109 5358 1294 5428 profanatio,
1331 5374 1421 5427 neque
1453 5356 1526 5412 enim
1555 5355 1804 5415 sanctificationem
1841 5363 1950 5420 sabbat

257 5448 350 5497 uerum
365 5434 464 5510 suerit,
482 5434 676 5510 intelliqendc,
695 5444 724 5489 ut
741 5436 793 5490 tibi
809 5439 936 5498 revelem.
972 5440 1020 5498 Sic
1036 5443 1087 5514 qui
1114 5443 1284 5500 constituunt
1306 5442 1336 5498 in
1361 5441 1439 5499 verbi
1462 5441 1575 5512 auditu,
1601 5441 1734 5518 lechone,
1760 5446 1949 5523 meditatione,
