4004 6022
794 287 1140 348 nneacarconm.
1760 304 1816 364 15,

125 440 270 495 &basius
293 441 324 494 iu
349 441 536 509 explicatione
555 436 836 513 incanescant.
855 451 882 498 et
900 446 955 495 Lu·
984 441 1001 495 t·
1020 442 1204 515 εὐλογοῦμεν,
1234 447 1351 500 calicem
1375 447 1586 512 benedictionis,
1610 453 1657 503 cui
1681 452 1819 506 benedici·
1832 466 1881 510 list:
1896 472 1936 512 ru

123 527 171 581 uni
185 529 252 590 fers
269 544 365 581 omnes
381 529 522 596 fatentur,
552 527 696 582 Christum
719 545 894 584 consecrasse
911 545 957 582 eu-
985 547 1055 597 mus,
1074 530 1141 585 bina
1158 531 1466 602 sutoytarrepetitione
1483 539 1510 590 et
1525 533 1628 590 Christi
1648 540 1677 590 et
1696 542 1818 593 noemam
1831 523 1927 614 m„

121 613 285 667 sturmium
301 614 392 666 uerbis
409 613 485 667 iuss:
511 614 573 667 Hoc
590 621 630 667 cst
650 632 752 683 corpus
770 632 872 682 meum,
896 615 956 669 eine
984 615 1204 673 benedictionem
1228 619 1395 689 complexus.
1436 620 1675 685 Quemadmodum
1692 622 1818 678 Chmstus
1832 624 1920 669 sunnin

120 701 184 754 ates
200 700 343 768 precibus.
384 702 510 754 Tansstss'
520 703 591 755 essin
603 701 784 756 Innocentius
795 702 857 756 III.
869 702 918 757 lib.
931 706 956 757 l.
983 701 1114 775 baptismi
1139 705 1311 760 institutione
1335 714 1363 760 et
1388 707 1563 777 susceptione
1589 708 1617 761 in
1637 709 1749 781 proprio
1768 726 1818 766 suo
1831 677 1951 768 iiitisisi‘

121 788 153 839 stc
178 787 321 855 mysteria
340 788 444 841 suusne
459 804 521 856 cup.
541 791 566 842 6.
586 788 717 857 opinatus
740 789 790 855 sit,
818 789 957 842 Chm'stsun
983 804 1098 859 corpore
1122 790 1305 845 sanctificavit
1328 808 1429 862 aquas,
1452 796 1485 846 ut
1505 793 1532 846 in
1551 811 1604 849 usu
1624 794 1819 852 sacrmentali
1832 782 1874 819 ’ω’

120 871 206 927 cuuis
225 873 317 927 verbu
334 890 526 936 consecrasse,
552 874 585 927 id
601 881 692 927 tumen
713 875 896 928 communiter
915 889 957 927 re·
969 895 971 940 ι
983 874 1040 929 sint
1066 873 1164 930 efficax
1189 893 1324 947 organum
1349 893 1382 931 ac
1406 876 1526 932 medium
1549 879 1766 950 regenerationis
1786 898 1819 936 ac

63 958 184 1020 -lltielli
208 958 281 1012 solet
308 959 398 1030 (atqui
424 959 562 1014 sententia
588 959 705 1015 Romani
735 959 874 1029 pontificis
900 977 955 1014 non
985 961 1184 1027 renovationis3
1216 963 1255 1016 ita
1281 980 1392 1034 quoqne
1421 962 1532 1032 adleyta
1557 967 1766 1021 sacramentalis
1790 967 1819 1022 in

119 1044 157 1100 ita
181 1045 367 1100 communiter
390 1046 480 1102 refelli
499 1046 580 1115 solet)
605 1055 631 1100 ct
649 1047 709 1116 ipsc
728 1047 802 1100 idern
821 1048 957 1100 Innocen-
985 1045 1157 1101 institutione
1191 1063 1286 1102 sacrae
1316 1064 1418 1103 coenae
1451 1050 1534 1105 semel
1563 1050 1672 1121 prolata
1703 1069 1759 1107 non
1791 1053 1818 1107 in

118 1131 170 1185 tius
194 1132 226 1184 in
250 1131 379 1200 epistolis
405 1132 674 1202 carnutensem.
696 1149 760 1187 cum
777 1131 904 1187 Marthae
922 1135 957 1187 de
984 1133 1083 1201 prima¹
1101 1138 1207 1188 tantum
1234 1150 1336 1195 coena,
1366 1134 1415 1188 sed
1445 1135 1527 1190 etiem
1559 1136 1587 1190 in
1617 1143 1713 1192 nostra
1729 1138 1821 1194 adhuc

118 1216 303 1272 celebratione
327 1218 479 1272 missarum
509 1218 648 1287 cdmiun,
679 1218 834 1272 Dominum
863 1235 957 1273 cosue-
984 1215 1066 1272 hodie
1090 1217 1190 1274 efficax
1209 1229 1267 1282 est,
1293 1225 1324 1272 ut
1342 1222 1553 1291 externapaais
1571 1222 1673 1277 etvini
1694 1224 1821 1294 symbola

118 1321 210 1357 arcese
228 1303 291 1359 iliis
307 1305 411 1368 αανὸία,
429 1321 503 1373 quus
520 1305 552 1358 in
572 1304 716 1374 manuelis
735 1305 872 1359 habentur
892 1305 957 1371 (imo
984 1303 1041 1357 sint
1064 1304 1186 1375 corporis
1209 1311 1237 1360 et
1260 1306 1404 1376 sauguinis
1430 1307 1472 1360 sni
1494 1307 1678 1363 distribuendi
1703 1315 1731 1364 et
1750 1309 1820 1365 acci·

117 1406 181 1444 vero
204 1389 243 1444 ad
268 1389 444 1445 inditionem
471 1389 574 1446 ibidem
591 1389 709 1446 recurrit
727 1394 756 1445 et
774 1407 808 1445 ex
826 1389 875 1444 illa
892 1390 957 1445 sciri
984 1389 1078 1459 piendi
1098 1390 1197 1444 media.
1232 1390 1313 1446 Hauc
1331 1390 1462 1462 εὐλογίαν
1479 1391 1583 1448 Christi
1600 1393 1821 1465 nostrasiloytp

116 1475 231 1539 merit,
248 1474 349 1545 quihus
367 1475 459 1531 ambis
477 1475 603 1532 Christus
622 1476 651 1530 in
670 1476 878 1532 consecratione
897 1476 956 1531 fne-
984 1475 1149 1544 repetimus,
1170 1476 1281 1547 quando
1307 1478 1335 1531 ιό
1357 1477 1490 1549 ποτήριον
1508 1479 1554 1544 τῆς
1570 1477 1711 1549 εὐλογίας,
1736 1496 1819 1551 pocu-

117 1561 153 1616 rit
171 1563 260 1628 usus).
297 1561 373 1614 Sane
391 1561 489 1625 mdiu,
506 1561 606 1632 inquit,
625 1569 682 1616 tarn
701 1565 737 1617 de
754 1564 854 1631 verbis,
873 1579 957 1631 gisam
983 1561 1045 1616 lum¹
1066 1561 1150 1628 illud,
1175 1562 1219 1615 cui
1246 1561 1372 1618 Christus
1392 1566 1452 1634 jam
1468 1570 1533 1619 ante
1550 1566 1577 1617 in
1597 1566 1702 1635 primae
1718 1583 1821 1621 menas

118 1649 152 1701 dc
188 1647 278 1712 factis
315 1647 475 1701 Dominicis
514 1648 668 1702 invenimus
704 1650 741 1701 ab
778 1649 957 1717 ecunpelistis
984 1647 1222 1703 administratione
1240 1648 1383 1704 benedixit
1402 1656 1431 1702 et
1451 1666 1483 1703 ex
1502 1666 1559 1720 qua
1577 1650 1769 1706 benedictione
1791 1652 1820 1707 in

117 1733 237 1798 ααιίιεα,
269 1749 341 1803 punc
370 1735 496 1803 apostoli
522 1735 566 1788 ccl
597 1736 771 1804 supplevisse
804 1735 888 1788 uerbo
913 1735 957 1788 uel
984 1738 1108 1787 nostrum
1143 1734 1225 1788 etiarn
1262 1734 1391 1804 poculum
1420 1734 1632 1789 eucharisticum
1663 1736 1821 1791 benedictio

116 1821 197 1884 facto
230 1819 384 1888 messius
412 1820 559 1888 kpuntur,
597 1818 646 1875 ubi
677 1819 767 1875 obiter
795 1820 956 1889 notandum,
984 1817 1140 1888 descendit,
1164 1818 1277 1890 qnando
1301 1820 1437 1890 (inquam)
1454 1821 1584 1891 pocrrlum
1603 1821 1672 1876 illud
1691 1821 1820 1892 εὐλογοῦ-

116 1904 326 1973 Bellarminum,
347 1905 388 1959 nti
407 1905 492 1960 etiam
503 1904 636 1960 morium
655 1906 702 1962 lib.
716 1912 740 1962 2.
760 1906 845 1963 instit.
861 1905 956 1962 moral.
981 1923 1049 1976 μιν,
1070 1904 1122 1959 hoc
1141 1914 1183 1960 est
1201 1904 1380 1974 εὐλογοῦντες
1397 1905 1650 1980 κατασκευάζομεν,
1679 1914 1712 1962 nt
1732 1907 1819 1965 Occu·

116 2009 140 2048 c.
151 1997 176 2047 e.
195 1989 332 2046 mendacii
351 2007 470 2062 arguere
483 1990 638 2060 Costernm,
656 1994 704 2064 qui
716 1999 788 2063 part.
805 1999 828 2049 3,
844 1994 954 2065 apolog.
984 1990 1090 2044 menius
1108 1992 1236 2061 explicat,
1254 1990 1403 2066 ἁγιάζομεν
1422 1997 1469 2046 sut
1489 1995 1686 2063 ααθιεροῡμιν,
1703 1994 1820 2065 proinde

116 2095 141 2134 c.
160 2082 185 2132 6.
205 2075 344 2146 disputat,
369 2076 563 2132 Innocentium
580 2077 634 2132 111.
652 2077 812 2148 pontificem
828 2081 955 2150 nuspiam
983 2076 1109 2131 recitatio
1127 2078 1273 2132 verbomm
1292 2094 1394 2134 coenae
1412 2080 1545 2149 requisita
1563 2080 1693 2135 mandato
1709 2079 1819 2147 Christi,

118 2163 171 2218 hoc
195 2177 333 2228 asserem,
358 2162 434 2234 qnod
460 2161 586 2217 Christus
610 2163 672 2217 aliis
696 2164 788 2218 verbis
815 2182 956 2220 consecra·
983 2163 1034 2216 hoc
1052 2165 1161 2231 sucitc,
1188 2179 1243 2217 non
1273 2181 1306 2219 eo
1330 2164 1417 2218 solum
1447 2170 1571 2234 spectat,
1604 2171 1636 2219 nt
1661 2166 1818 2221 auditorum

119 2248 191 2303 verit
208 2265 292 2319 quam
309 2248 366 2316 his,
385 2247 438 2304 hoc
457 2256 499 2304 est
517 2267 617 2320 corpus
634 2267 734 2305 meum.
983 2248 1052 2301 tides
1081 2249 1116 2301 de
1145 2249 1302 2303 substantie
1327 2256 1356 2303 et
1371 2249 1465 2304 fructu
1484 2249 1568 2320 hujus
1585 2251 1750 2305 sacramenti
1768 2268 1819 2321 per

61 2356 80 2388 s·
156 2341 213 2391 149.
249 2334 378 2390 Ceterum
394 2352 457 2391 curn
477 2334 603 2391 Christus
623 2336 652 2390 in
670 2335 843 2392 institutione
861 2353 956 2391 sacrae
983 2334 1067 2389 verba
1083 2334 1241 2389 testamenti
1258 2335 1358 2389 Christi
1376 2335 1520 2402 excitetur,
1537 2335 1715 2391 confirmetur
1729 2336 1819 2391 etob-

61 2407 95 2492 ξι.
119 2436 223 2476 coenae
241 2436 370 2492 expresse
384 2421 501 2491 jubeat,
523 2421 553 2475 in
571 2422 697 2492 ejusdem
718 2422 957 2476 administratione
983 2420 1122 2490 signetur,
1155 2420 1203 2475 sed
1232 2420 1316 2475 etiarn
1342 2427 1374 2474 nt
1401 2427 1513 2475 externa
1533 2420 1662 2491 symbola
1684 2421 1766 2492 panis
1790 2429 1819 2476 et

61 2501 169 2595 'mnes
198 2506 251 2563 hoc
276 2506 383 2576 facere,
412 2507 487 2578 quod
515 2507 576 2578 ipse
600 2507 679 2573 tecit,
714 2525 746 2563 ex
772 2524 805 2562 eo
823 2509 956 2578 sequitur,
983 2506 1039 2564 vini
1061 2506 1098 2561 ab
1125 2524 1177 2560 usu
1199 2506 1308 2577 vulgari
1328 2514 1456 2578 separata
1476 2507 1513 2561 ad
1533 2525 1613 2561 usum
1633 2514 1817 2564 sacramenta·

61 2614 92 2646 αι.
120 2594 196 2668 qnod
223 2593 340 2648 ministri
366 2593 499 2649 ecclesiae
523 2610 630 2648 sacram
655 2611 767 2649 coenam
791 2594 955 2649 celebraturi
983 2593 1036 2647 lem
1056 2610 1089 2647 ae
1109 2609 1217 2647 sacrum
1237 2593 1422 2660 destinentur,
1445 2593 1655 2649 sanctificentur
1670 2610 1704 2648 ac
1722 2609 1816 2650 conse·

118 2680 204 2736 verba
232 2679 414 2734 institutionis
439 2686 580 2750 repetere,
610 2697 712 2750 panem
740 2686 768 2734 et
791 2680 885 2735 vinum
904 2681 956 2736 hoc
982 2685 1101 2748 crentur,
1119 2686 1151 2734 ut
1168 2697 1232 2734 cam
1250 2678 1292 2734 his
1310 2697 1410 2751 corpus
1427 2685 1456 2734 et
1473 2680 1587 2751 sangnis
1602 2679 1714 2736 Domini
1726 2680 1817 2735 diatri-

119 2767 201 2822 modo
230 2781 391 2821 consecrare
426 2772 454 2820 et
489 2765 756 2821 communicantibus
791 2766 955 2822 distribuere
983 2764 1111 2835 buantur,
1130 2766 1312 2821 exhibeantur
1329 2772 1358 2822 et
1377 2772 1527 2821 sumantur.

118 2852 246 2908 debeant
281 2850 400 2916 Quando
425 2851 512 2923 igitur
528 2851 653 2907 minister
671 2851 758 2907 rerba
774 2852 956 2907 institutionis
1021 2859 1074 2907 151.
1110 2853 1187 2908 Haec
1220 2852 1403 2909 eucharistiae
1436 2854 1608 2908 consecratio
1640 2860 1660 2909 1.
1688 2869 1745 2909 non
1774 2859 1856 2910 estx.
1869 2867 1916 2911 stt.

117 2938 280 2994 Dominicae
305 2937 407 3007 repetit
432 2936 585 3007 iisdemque
609 2953 709 3008 panem
732 2943 761 2993 et
777 2938 871 2993 vinum
889 2955 953 2993 con-
983 2940 1091 3008 magica
1118 2940 1255 3010 quaedam
1284 2940 1436 2996 incantatio
1462 2941 1489 2993 vi
1507 2942 1654 2996 verborum
1678 2946 1816 2997 certorum
1829 2930 1893 2980 ΨΜ
1907 2931 1931 2969 ’‘

118 3031 207 3082 secret
235 3040 270 3078 ac
294 3022 561 3079 communicantibus
593 3023 748 3094 distribuit,
788 3031 856 3080 tunc
886 3025 954 3079 haec
982 3023 1164 3079 essentialiter
1187 3032 1374 3080 transmutans
1393 3043 1493 3097 panem
1514 3028 1542 3081 in
1558 3043 1659 3097 corpus
1677 3033 1706 3082 et
1722 3024 1816 3081 vinnm
1828 2980 1946 3072 inimi

118 3110 307 3183 pronuntiatio
330 3126 385 3164 non
404 3117 445 3164 est
466 3109 598 3165 historica
615 3110 705 3164 solum
723 3112 853 3181 repetitio
872 3111 954 3175 illins,
981 3110 1010 3163 in
1045 3111 1209 3182 sanguinem
1245 3111 1362 3180 Christi,
1399 3112 1472 3166 sicut
1500 3110 1648 3166 sacrificuli
1676 3111 1816 3167 Pontificii
1828 3092 1943 3176 {iffniii

118 3200 193 3271 quod
222 3197 348 3253 Christus
374 3197 456 3261 fecit,
487 3213 543 3267 qno
568 3197 650 3252 modo
673 3197 702 3250 in
720 3196 898 3251 concionibus
918 3196 954 3250 ad
982 3196 1104 3267 fingimt,
1137 3197 1212 3267 quod
1240 3204 1354 3268 propter
1383 3213 1507 3252 rasumm
1539 3205 1568 3251 et
1598 3197 1756 3275 unctionem
1787 3196 1816 3250 vi

118 3285 251 3357 populum
272 3283 408 3339 habendis
433 3283 539 3338 isthaec
565 3282 651 3339 rerba
671 3282 758 3352 repeti
775 3283 877 3347 solent,
905 3283 955 3338 sed
981 3284 1095 3339 canonis
1126 3288 1154 3338 et
1185 3283 1344 3338 intentionis
1375 3282 1404 3336 in
1432 3282 1488 3337 fide
1518 3282 1652 3337 ecclesiae
1677 3298 1710 3337 ex
1733 3298 1817 3352 opere

119 3372 244 3428 minister
266 3369 401 3427 ecclcsiae
428 3369 481 3424 hac
499 3369 604 3424 solenni
621 3368 786 3439 repetitione
808 3369 956 3424 institutio·
982 3371 1096 3439 operato
1121 3368 1269 3423 conficiant
1287 3373 1490 3422 sacramentnm
1510 3374 1538 3422 et
1556 3373 1670 3421 externa
1687 3367 1816 3437 symbola

120 3458 161 3513 ais
181 3464 202 3514 1.
219 3456 331 3528 publice
349 3455 504 3526 profitetur,
523 3456 598 3526 quod
617 3454 834 3510 sanctisssimum
853 3453 955 3508 Christi
982 3455 1010 3508 in
1032 3471 1133 3524 corpus
1155 3461 1183 3510 et
1200 3453 1363 3524 sanguinem
1382 3453 1483 3508 Christi
1504 3452 1687 3508 essentialiter
1703 3468 1816 3510 conver

119 3549 313 3600 testamentum
327 3543 410 3612 juxta
424 3541 511 3612 ipsius
526 3539 736 3608 institutionem,
755 3540 955 3595 ordinationem
982 3547 1050 3595 tant.
1086 3539 1196 3594 *ruins
1214 3540 1324 3610 magiae
1339 3538 1499 3594 Pontificios
1511 3537 1663 3594 Lutherani
1675 3546 1817 3608 accusant,

120 3648 151 3687 ac
168 3631 330 3686 mandatnm
349 3628 489 3683 celebrare
511 3628 586 3697 velit,
605 3644 638 3682 ae
657 3627 774 3698 proinde
792 3625 868 3697 quod
887 3627 957 3681 nolit
983 3645 1037 3680 non
1062 3626 1174 3697 quidem
1203 3626 1277 3697 quod
1304 3625 1398 3697 aliquo
1422 3626 1503 3679 modo
1525 3624 1611 3680 verba
1636 3624 1816 3682 institutionis

120 3718 226 3788 privato
243 3714 367 3779 arbitrio,
386 3714 436 3769 sed
456 3720 489 3769 nt
507 3731 672 3769 oeconomus
689 3716 884 3782 mycterismos
898 3715 957 3768 Dei
982 3730 999 3766 a
1031 3712 1173 3768 sacerdote
1204 3712 1321 3768 recitata
1351 3728 1462 3768 causam
1493 3716 1618 3767 merant
1644 3712 1819 3783 praesentiae

120 3822 208 3877 agere.
253 3809 278 3858 2.
296 3802 358 3856 Hac
383 3801 445 3871 ipsa
466 3800 575 3856 actione
598 3807 710 3871 separat
732 3806 847 3856 externa
877 3801 956 3869 panis
983 3799 1204 3865 sacramentalis,
1227 3799 1276 3853 sed
1296 3799 1371 3869 quod
1394 3815 1427 3853 cx
1444 3797 1554 3852 illomm
1573 3798 1710 3853 sententia
1729 3815 1818 3855 saoer·

120 3898 148 3948 et
169 3890 227 3945 vini
249 3887 377 3958 symbola
394 3903 412 3941 a
429 3888 567 3942 communi
585 3893 613 3942 et
630 3887 739 3958 vulgari
757 3904 825 3956 usu,
851 3894 883 3943 ut
901 3904 955 3943 non
982 3887 1033 3939 dos
1057 3886 1084 3939 vi
1109 3892 1137 3939 et
1162 3891 1299 3956 potestate
1324 3884 1462 3954 spirituali
1484 3899 1535 3954 per
1556 3889 1758 3939 sacramentum
1775 3901 1817 3940 or-

120 3978 237 4049 amplins
255 3976 312 4030 sint
328 3975 419 4029 nudus
436 3975 517 4044 panis
535 3989 569 4029 ac
588 3973 694 4028 nudum
712 3973 822 4042 vinum,
843 3975 892 4029 sed
913 3991 954 4029 or·
983 3973 1056 4027 dinis
1073 3972 1181 4027 animae
1203 3971 1289 4042 ipsius
1310 3971 1377 4025 data
1396 3978 1424 4025 et
1443 3987 1493 4041 per
1509 3969 1696 4025 characterem
1714 3969 1817 4027 indele-

120 4081 202 4137 gana,
220 4060 346 4135 ὀχήματα
363 4077 398 4115 ac
416 4060 517 4123 media,
534 4077 584 4130 per
601 4077 672 4130 quae
691 4059 872 4115 distribuatur
889 4078 954 4116 caro
984 4060 1067 4114 bilem
1091 4058 1202 4129 signata
1222 4057 1369 4112 intendens
1387 4057 1542 4112 necessario
1559 4056 1587 4109 in
1607 4057 1699 4127 specie
1719 4057 1817 4113 eucha-

120 4158 148 4207 et
175 4148 290 4220 sanguis
317 4146 428 4203 Christi.
474 4152 498 4201 3.
517 4145 594 4202 Serio
611 4149 755 4216 precatur,
781 4153 813 4200 nt
829 4146 955 4201 Christus
983 4146 1090 4200 ristiam
1121 4143 1271 4210 conficere,
1301 4143 1393 4198 verbis
1421 4142 1645 4207 consecratoria,
1674 4160 1745 4214 qnae
1767 4161 1818 4214 per

120 4236 146 4290 vi
175 4233 365 4307 promissionis
396 4249 462 4287 suae
491 4232 520 4285 in
551 4230 604 4284 hac
628 4230 821 4286 sacramentali
846 4233 954 4287 achone
984 4231 1095 4285 modum
1114 4246 1214 4285 causae
1234 4229 1448 4283 instrumentalis
1465 4235 1560 4284 creata
1578 4229 1699 4300 quadam
1716 4229 1818 4284 virtute

120 4337 263 4393 praesens,
292 4318 408 4388 ipsemet
435 4316 622 4371 mediantibus
645 4315 721 4370 hisee
744 4318 863 4371 externis
882 4335 956 4388 sym·
983 4318 1216 4373 consecrationem
1242 4313 1379 4378 efficiant,
1405 4332 1505 4385 panem
1532 4315 1561 4369 in
1587 4332 1687 4387 corpus
1714 4315 1818 4370 Christi
1845 4336 1847 4341 ⁴

120 4407 191 4463 bolis
217 4421 319 4476 eorpus
344 4409 373 4458 et
396 4402 560 4473 sanguinem
583 4418 662 4458 suum
690 4403 957 4457 communicantibus
983 4409 1149 4459 transmutet
1168 4407 1196 4456 et
1213 4407 1369 4466 consumi,
1392 4400 1432 4455 its
1450 4407 1481 4455 ut
1498 4401 1713 4457 consecrationis
1730 4402 1817 4455 virtus

121 4494 277 4550 distribuat.
323 4497 348 4546 4.
379 4490 524 4553 Testatur,
561 4491 636 4562 quod
666 4490 693 4544 vi
721 4490 902 4545 ordinationis
924 4507 957 4545 ac
984 4490 1085 4560 partim
1108 4489 1145 4542 sit
1169 4488 1197 4542 in
1219 4486 1374 4550 sacerdote,
1400 4487 1501 4557 partim
1519 4487 1548 4540 in
1563 4486 1654 4541 verbis
1675 4502 1817 4543 consecra·

120 4578 297 4637 institutionis
328 4575 430 4630 Christi
457 4575 564 4631 veracis
590 4593 624 4631 ac
654 4575 849 4646 omnipotentis
877 4575 957 4646 panis
983 4575 1066 4630 tionis
1084 4574 1243 4644 prolana*
1282 4579 1306 4629 2.
1327 4573 1385 4628 Nec
1405 4580 1447 4628 est
1464 4572 1597 4628 historica
1614 4578 1722 4627 tantum
1740 4573 1818 4628 insti·

120 4665 281 4724 iamdictus
318 4662 355 4715 sit
390 4661 603 4717 communicatio
637 4662 759 4732 corporis
796 4667 825 4715 et
860 4661 956 4716 vinum
984 4660 1099 4714 tutionis
1122 4659 1262 4730 repetitio,
1286 4659 1358 4713 elcut
1375 4657 1529 4712 Calviniani
1550 4658 1739 4713 recitationem
1758 4675 1817 4714 ver·

118 4750 297 4810 tamdictum
344 4748 382 4802 sit
425 4748 638 4804 communicatio
683 4747 826 4820 sanguinis
861 4747 957 4818 ipsius,
983 4746 1081 4800 borum
1098 4744 1277 4800 institutionis
1296 4743 1512 4814 parvifaciunt,
1534 4743 1669 4813 (Buaerus
1688 4743 1817 4800 inctt.

121 4844 144 4894 5.
171 4834 302 4892 Graviter
330 4833 447 4905 proinde
470 4836 565 4886 monet
587 4850 681 4888 omnes
704 4834 742 4889 ad
773 4833 957 4889 eucharistiae
982 4831 1091 4896 Matth.)
1116 4831 1288 4901 eandemque
1310 4831 1347 4885 ad
1365 4828 1497 4901 populum
1516 4830 1615 4886 saltem
1635 4829 1818 4901 dirigendam,

119 4927 322 4978 sacramentum
351 4933 527 4980 secamuros,
558 4923 589 4972 nt
615 4916 698 4973 fidem
724 4919 846 4975 habeant
865 4920 957 4975 verbis
982 4935 1158 4990 nequaquam
1177 4936 1241 4974 vero
1262 4917 1297 4972 ed
1318 4923 1491 4973 externorum
1510 4915 1698 4987 symbolorum
1716 4916 1817 4971 sancti·

120 5007 222 5065 Christi
249 5011 346 5062 contm
376 5019 472 5059 omnes
503 5001 680 5073 obstreperae
711 5004 824 5060 rahonis
849 5012 957 5061 conna-
982 5004 1139 5059 ficationem
1156 5009 1282 5074 spectare
1293 5009 1420 5058 asserunt
1438 5002 1524 5069 (Calr.
1538 5002 1586 5056 lib.
1598 5009 1623 5057 4.
1639 5001 1725 5058 instit.
1737 5019 1761 5059 c.
1777 5009 1817 5062 17.

120 5096 253 5151 dicdoncs
275 5100 361 5164 utque
381 5091 409 5144 in
428 5104 494 5143 vere
512 5088 695 5158 poenitentia,
724 5091 830 5147 sincero
851 5092 906 5148 Dei
924 5092 957 5146 ti·
985 5088 1012 5166 ξ.
1047 5093 1100 5156 39.)
1148 5096 1172 5145 3.
1206 5089 1260 5144 Sed
1286 5096 1328 5145 est
1355 5088 1455 5144 efficax
1480 5088 1632 5160 ἀγιασμός,
1662 5106 1717 5161 quo
1737 5092 1819 5162 juxta

121 5199 210 5246 more,
239 5179 335 5236 debita
358 5175 512 5234 reverentia
533 5180 562 5230 et
583 5175 654 5230 serio
678 5177 764 5232 vitam
791 5179 958 5234 emendandi
984 5176 1160 5240 mandatum,
1186 5176 1386 5233 ordinationem
1402 5183 1430 5232 et
1449 5175 1649 5231 institutionem
1669 5175 1771 5232 Christi
1785 5195 1819 5233 ex

122 5268 262 5340 proposito
287 5264 436 5333 accedant,
461 5262 577 5333 perinde
601 5267 633 5315 nt
657 5261 692 5316 de
717 5261 807 5319 verbis
828 5263 957 5335 baptismi
983 5263 1074 5334 prima
1097 5277 1185 5318 coena
1209 5262 1393 5318 sanctificatio
1417 5262 1445 5316 in
1465 5267 1588 5316 noenum
1604 5277 1719 5318 coenam
1739 5264 1818 5334 qnasi

121 5355 241 5409 diximus
262 5356 373 5408 aaut.
392 5349 516 5421 proxime
532 5346 660 5418 praeced.
680 5351 705 5412 t.
728 5352 769 5402 79.
984 5349 1125 5405 derivatm
1141 5353 1170 5403 et
1189 5354 1304 5403 externa
1322 5348 1457 5404 elementa
1475 5346 1511 5401 ad
1530 5363 1609 5402 usam
1621 5347 1696 5404 hunc
1709 5364 1819 5404 sacrum

61 5445 101 5528 ὦ*
160 5445 216 5495 lto.
241 5436 394 5509 Apostolus
414 5442 436 5492 1.
454 5433 516 5490 Cor.
536 5438 582 5496 10,
602 5448 628 5487 v.
650 5435 690 5486 16.
709 5432 840 5501 poculum
857 5436 958 5490 eucha—
984 5434 1171 5499 destinuntur,
1196 5442 1229 5489 nt
1251 5452 1314 5490 cum
1338 5434 1382 5489 his
1404 5448 1505 5504 corpus
1527 5438 1556 5489 et
1578 5434 1690 5505 augins
1716 5433 1819 5488 Christi

61 5549 85 5581 α-
122 5526 247 5582 amcam
274 5527 403 5580 notanter
433 5525 516 5578 vocat
540 5515 572 5572 ui
594 5515 727 5588 ποτήριον
751 5519 799 5585 τῆς
822 5519 957 5591 eutcytuc,
983 5520 1193 5577 distribuantur.
1246 5520 1309 5577 Non
1343 5514 1456 5589 quidem
1486 5518 1633 5575 tribuimus
1662 5519 1819 5576 recitationi
