4004 6022
217 286 276 343 ur
799 275 921 358 nocua
939 270 1144 334 uouemus
1163 277 1304 336 ramus
1367 243 1371 251 ’

209 448 316 502 parere
327 432 475 502 prophetie
488 431 638 500 fipurarit,
655 431 720 501 ipro
739 431 862 486 Domino
882 431 934 485 lsoe
952 448 1049 486 euera-
1077 430 1133 485 rim
1154 432 1260 492 faciant
1282 433 1311 488 in
1334 433 1471 490 vocabulo
1495 439 1620 491 naturae.
1655 434 1795 490 Conimbr.
1820 434 1869 489 lib.
1889 441 1913 492 ι.

112 525 133 566 ⁴·
146 526 191 576 05·
214 527 336 574 arentum
357 526 456 588 poetea
478 519 706 587 interpretaturo.
750 525 773 573 4.
795 517 953 588 Cyprianus
970 535 1049 573 serm.
1075 517 1157 590 pbys.
1183 518 1269 574 Arist.
1293 537 1317 574 c.
1343 527 1364 576 l.
1384 537 1411 590 q.
1434 526 1457 576 l.-
1472 511 1586 584 notant',
1612 521 1777 575 uocabulum
1793 529 1914 576 ammas

113 577 195 626 ΡΜ
214 605 251 660 de
267 621 354 660 coena
370 603 494 658 Domini:
527 605 616 658 Pane
633 604 692 673 ieta,
711 622 790 673 quem
807 605 947 658 Domitiae
964 604 1049 656 draci·
1075 606 1240 660 nanceium
1259 607 1417 673 arentiam,
1445 608 1498 659 aed
1517 614 1543 658 et
1559 606 1706 660 nautales
1722 606 1768 660 rei
1781 607 1913 676 proprie-

210 693 291 762 puiir
315 692 493 761 porripebat,
521 708 576 743 non
603 691 712 758 effipie,
736 694 789 744 esd
806 699 910 744 natura
928 698 1049 744 mutatu
1076 699 1148 745 tatae
1171 700 1284 760 notare,
1307 700 1334 745 et
1352 693 1466 760 meando
1488 709 1545 759 pro
1562 692 1607 745 rei
1623 691 1785 760 quidditate
1803 710 1854 746 eeu
1873 711 1913 747 ee·
1927 697 1997 738 12⁸⁹

214 778 415 846 omnipotentio
439 777 515 829 uerbi
530 777 631 843 sactae
655 785 696 830 eet
715 795 791 833 earo.
827 776 1049 848 Respondemusg
1076 778 1166 830 acedia
1192 777 1326 846 ponitur,-
1362 785 1427 830 tunc
1458 777 1641 830 nihilominue
1673 778 1732 831 tale
1762 778 1914 833 de‘aerimea

214 880 270 919 non
293 863 359 917 satis
384 866 507 930 constat,
534 877 570 916 an
591 862 749 935 Cyprianus
770 863 844 918 illius
862 864 995 918 sei-monia
1014 864 1050 916 eit
1075 863 1149 916 inter
1167 863 1329 931 erientiam,
1347 863 1533 932 quidditatem
1551 869 1577 916 et
1588 870 1721 916 amaram
1733 864 1913 927 intercedere,

214 954 323 1011 auctor,
351 947 425 1019 quod
448 965 504 1002 non
527 949 616 1003 solum
640 949 808 1004 Pammeliue
834 956 862 1004 et
888 948 983 1005 Sixtus
1002 949 1049 1002 Se·
1076 951 1154 1018 quod
1166 950 1285 1004 euronio
1301 951 1431 1020 importet
1444 950 1571 1003 ardirsem
1583 951 1626 1002 ad
1635 951 1850 1021 erserei,eujue
1864 959 1913 1016 eet,

133 1039 138 1046 '
214 1032 305 1088 nausia
340 1033 388 1087 lib.
424 1041 449 1088 l.
469 1034 610 1104 biblioth,
640 1035 690 1089 sed
721 1040 749 1090 et
775 1036 960 1090 Bellarminus
989 1036 1049 1106 ipse
1077 1037 1223 1105 quidditae
1235 1038 1277 1089 ad
1287 1037 1484 1103 definitionem,
1497 1053 1562 1105 qua,
1582 1036 1653 1105 quid
1664 1037 1768 1101 rectit,
1789 1037 1913 1106 amplice-

215 1125 310 1189 aperta
327 1125 412 1190 negat
431 1119 479 1176 lib.
499 1125 523 1175 2.
543 1120 579 1175 de
598 1121 707 1177 eucher.
726 1138 750 1175 c.
769 1127 794 1178 9.
818 1118 845 1195 ξ.
864 1121 970 1175 Exstat
1001 1120 1050 1175 vi·
1077 1129 1135 1182 tur,
1155 1129 1258 1174 notura
1278 1123 1319 1173 ad
1338 1121 1536 1189 operationem.
1571 1120 1690 1185 Quando
1710 1121 1797 1193 igitur
1816 1128 1913 1178 auctor

215 1202 328 1260 dumus
352 1211 461 1272 tamen,
489 1207 556 1277 quid
583 1208 612 1260 in
634 1208 682 1263 illo
700 1223 824 1263 sermone
844 1207 959 1262 subsidii
976 1207 1050 1261 inve-
1078 1207 1150 1262 illius
1170 1208 1303 1263 sermonis
1322 1207 1399 1277 dicit,
1417 1225 1522 1277 ponem
1538 1215 1643 1262 natura
1660 1216 1807 1278 mutatum,
1831 1208 1860 1263 id
1881 1227 1912 1265 ex

214 1293 293 1348 uiant
315 1293 632 1350 uanasubetantiatores.
676 1293 823 1350 Praecedit
848 1294 875 1348 in
892 1292 983 1347 rerbie
1000 1292 1050 1346 bu·
1078 1294 1306 1348 antecedentibus
1331 1300 1360 1348 et
1383 1294 1616 1365 consequentibus
1643 1294 1684 1348 sic
1710 1295 1913 1366 explicandum,

210 1381 259 1450 J‘ns
278 1380 421 1436 sermonis:
447 1381 522 1434 Ante
551 1381 636 1434 uerba
657 1381 735 1434 eiius
754 1380 805 1433 iile
823 1379 974 1434 commrmis
992 1381 1050 1448 (pa-
1079 1380 1153 1450 quod
1178 1379 1252 1434 ultra
1268 1380 1409 1434 naturalea
1429 1380 1612 1451 proprietates
1628 1386 1742 1435 erectus
1760 1381 1797 1435 sit
1812 1398 1914 1454 corpus

213 1465 268 1534 uis)
297 1474 405 1520 tentum
429 1467 581 1521 nutriendo
609 1467 725 1536 corpori
750 1467 910 1521 commodae
936 1473 998 1518 erat
1025 1472 1051 1517 et
1079 1465 1181 1521 Christi
1211 1465 1382 1535 symbolum,
1408 1482 1458 1536 per
1484 1467 1565 1536 panis
1589 1472 1718 1522 naturam
1741 1483 1798 1521 non
1826 1466 1913 1538 ipsam

213 1553 288 1607 ritae
308 1555 468 1622 corporata
485 1554 640 1607 subsidium
656 1553 846 1621 ministrabat,
873 1555 925 1606 red
944 1568 977 1605 ea
996 1569 1050 1620 quo
1078 1551 1157 1622 panis
1179 1551 1377 1619 substantiam,
1406 1551 1456 1605 sed
1483 1567 1582 1606 noram
1600 1568 1635 1606 ac
1653 1551 1824 1623 singularem
1844 1553 1915 1624 ejus·

214 1658 234 1693 a
250 1641 376 1694 Domino
394 1640 498 1692 dictum
517 1647 571 1693 en:
600 1641 652 1694 boc
672 1641 763 1704 facite
781 1640 812 1693 in
830 1656 919 1692 meam
937 1655 1051 1692 cerame·
1079 1638 1141 1692 dem
1165 1637 1375 1708 proprietatem,
1405 1637 1568 1710 qualitatem
1593 1655 1628 1692 aa
1652 1638 1840 1696 conditionem
1866 1655 1915 1696 sau

214 1727 409 1794 mutationem,
435 1727 504 1779 iraec
529 1733 569 1778 eat
586 1743 654 1779 coro
674 1742 737 1779 mea
760 1734 785 1778 et
806 1725 852 1778 bie
876 1732 918 1778 eat
935 1725 1052 1794 tanqum
1078 1727 1181 1778 statum
1202 1729 1230 1778 et
1246 1740 1327 1777 usum
1344 1724 1581 1793 supernaturalem
1601 1723 1745 1792 intellexit,
1776 1725 1914 1796 quomodo

215 1828 305 1880 messe,
333 1813 548 1880 quotiescumque
574 1813 618 1866 tie
642 1812 734 1864 verbu
759 1819 784 1864 et
806 1811 859 1863 tac
884 1812 941 1875 fide
960 1818 1052 1862 actum
1078 1808 1244 1863 vocabulum
1261 1814 1377 1864 naturae
1395 1809 1527 1865 in‘sacris
1545 1817 1573 1865 et
1591 1811 1715 1883 profanis
1734 1809 1915 1882 scriptoribus

214 1905 262 1966 est,
276 1897 365 1967 panio
382 1897 435 1950 iste
455 1896 649 1950 mbrtantiolie
667 1905 694 1950 et
711 1897 787 1951 colia
804 1897 993 1950 benedictione
1010 1915 1052 1952 eo
1079 1911 1161 1965 saepe
1194 1911 1245 1966 pro
1274 1895 1454 1967 qualitatibus
1481 1903 1510 1951 et
1537 1895 1726 1952 accidentibus
1755 1903 1914 1972 usurpatur,

214 1983 292 2037 ianm
314 1990 444 2036 remotae
471 1984 512 2036 ad
540 1982 625 2036 totiue
644 1984 765 2037 hominia
780 1983 866 2036 uitam
883 1982 1054 2051 niuemque
1078 1982 1150 2038 sicut
1166 1988 1267 2037 natura
1288 1981 1411 2037 humana
1424 2000 1475 2053 per
1492 1987 1639 2053 peccatum
1659 1981 1760 2037 dicitur
1778 1999 1840 2038 essa
1857 2000 1914 2039 cor·

210 2068 340 2139 proficit,
367 2069 452 2122 timui
471 2069 703 2122 medicamentum
724 2077 750 2122 et
768 2069 978 2137 holocaustum,-
1002 2068 1051 2124 ubi
1078 2073 1169 2138 rupta,
1188 2073 1217 2122 et
1234 2074 1258 2124 2.
1276 2067 1351 2124 Petr.
1374 2074 1402 2137 l,
1420 2086 1446 2123 v.
1465 2075 1495 2124 l:
1524 2069 1648 2122 Divinae
1665 2075 1785 2122 manae
1802 2087 1914 2124 coneor-

216 2155 345 2226 obserra,
371 2171 470 2226 panem
489 2155 631 2222 benedici,
649 2155 818 2225 consecrari,
835 2173 892 2211 non
910 2155 1051 2210 transsub·
1079 2163 1119 2209 tea
1140 2155 1216 2219 sacti
1238 2156 1377 2222 dicimur,
1405 2170 1470 2209 cum
1496 2160 1580 2208 antea
1597 2170 1719 2209 essemus
1737 2162 1844 2209 notura
1861 2155 1916 2218 filii

215 2241 356 2308 stantiari3
382 2241 450 2296 item
470 2242 654 2297 substantiam
673 2243 860 2314 symbolorum
878 2248 1052 2297 externorum
1079 2241 1140 2294 irae
1164 2239 1265 2310 Ephee.
1284 2246 1315 2310 2,
1337 2259 1363 2293 r.
1384 2244 1408 2294 ³.
1427 2246 1459 2294 ut
1475 2255 1576 2310 panem
1593 2256 1650 2294 non
1668 2238 1775 2311 effigie,
1799 2240 1851 2295 ssd
1868 2258 1915 2296 na

215 2342 271 2382 non
287 2329 401 2396 mutari,
426 2344 537 2383 manere
557 2329 658 2401 cuique
676 2347 755 2384 suam
773 2328 896 2400 eorporis
913 2328 1051 2384 nutriendi
1078 2332 1142 2380 tura
1166 2327 1267 2382 mutari
1293 2326 1364 2380 nihil
1392 2325 1469 2380 aliud
1494 2325 1530 2381 sit
1553 2341 1637 2398 quarn
1661 2342 1763 2396 panem
1782 2326 1811 2381 in
1829 2327 1915 2398 priori

216 2413 360 2483 virtutem,
382 2415 501 2470 alendae
524 2416 632 2471 animae
655 2417 773 2488 gratiam
796 2433 830 2471 ex
854 2415 938 2470 verbo
958 2431 1051 2484 super·
1079 2412 1190 2484 quidem
1219 2413 1338 2468 essentia
1367 2417 1396 2467 et
1428 2413 1523 2466 torma-
1547 2416 1660 2467 externa
1687 2429 1798 2468 manere
1829 2413 1914 2485 (quod

215 2500 317 2555 venire.
352 2500 414 2555 Vox
434 2517 501 2572 ergo
519 2511 639 2556 naturum
653 2520 709 2557 non
728 2502 812 2556 debet
828 2501 900 2555 sumi
919 2516 970 2571 pro
988 2499 1051 2554 sub·
1079 2500 1224 2563 irenaeus,
1244 2499 1444 2567 Theodoretue,
1463 2497 1591 2553 Gelasius
1610 2497 1704 2552 etalii
1722 2515 1755 2553 ex
1774 2498 1914 2554 veteribus

215 2585 331 2648 stantia,
358 2586 407 2640 sed
434 2605 485 2657 pro
514 2605 567 2641 usu
588 2594 617 2642 et
637 2588 747 2643 virtute.
790 2586 837 2642 Sic
861 2588 890 2640 in
913 2586 1051 2656 baptismo
1079 2585 1223 2640 manifeste
1241 2588 1385 2653 aruerunt),
1404 2589 1532 2639 naturam
1550 2590 1643 2638 tamen
1662 2584 1790 2653 priorem,
1808 2587 1911 2656 quaad

215 2677 317 2727 natura
338 2678 434 2725 nostra
456 2679 594 2742 mutatur,
621 2690 712 2744 neque
737 2672 810 2727 euim
829 2671 947 2742 amplius
967 2671 1048 2744 φύσει
1077 2672 1207 2727 alendum
1233 2669 1424 2726 tantummodo
1448 2662 1548 2740 corpus
1574 2669 1628 2724 fuit
1647 2668 1829 2739 destinatum,
1855 2688 1912 2727 non

216 2774 311 2812 sumus
337 2755 388 2810 filii
406 2755 477 2821 irae,
504 2757 554 2812 sed
577 2758 719 2813 reddimur
736 2757 790 2812 Dei
806 2758 856 2812 filii
875 2775 908 2813 ex
925 2757 986 2813 Deo
1003 2776 1050 2830 ge
1077 2756 1196 2828 amplius
1219 2772 1343 2824 manere,
1365 2772 1428 2822 cum
1453 2773 1534 2809 usum
1560 2756 1643 2826 longe
1660 2755 1760 2822 alium,
1782 2756 1912 2814 videlieet

161 2851 163 2855 ’
188 2833 279 2911 ‘nita
304 2847 443 2895 ettamen
464 2842 560 2897 eadem
578 2849 672 2898 manet
689 2844 852 2899 substantia
887 2843 987 2898 ”Vox
1002 2860 1049 2897 ne·
1077 2842 1310 2910 sacramentalem,
1334 2840 1443 2896 habeat
1479 2841 1508 2896 si
1527 2842 1695 2896 Bellarmino
1712 2841 1781 2898 baec
1799 2860 1911 2914 respon-

214 2934 293 2983 turae
318 2927 453 2997 accipitur
479 2945 529 2998 pro
553 2929 593 2983 rei
619 2928 797 2999 proprietate.
840 2929 949 2984 Natura
970 2930 1050 3000 panis
1077 2928 1119 2982 sio
1141 2933 1238 2982 nostra
1254 2944 1309 2982 non
1329 2926 1478 2996 satisfacit,
1499 2927 1664 2997 opponimus
1680 2927 1724 2996 ei,
1746 2929 1822 3000 quod
1841 2929 1912 3001 ipse

215 3019 260 3070 est
277 3013 388 3078 nutrire,
404 3014 473 3084 buia
489 3013 536 3068 hic
554 3022 597 3070 est
613 3032 679 3070 usus
697 3016 757 3086 ejus
774 3015 938 3070 ordinarius.
966 3016 1050 3070 Panis
1076 3020 1134 3070 met
1151 3013 1198 3068 lib.
1218 3019 1242 3069 2.
1263 3014 1298 3068 de
1317 3013 1427 3068 sachar.
1447 3030 1471 3069 c.
1491 3018 1531 3068 tt.
1548 3012 1688 3084 disputet,
1705 3031 1763 3084 per
1779 3024 1913 3071 maram

215 3116 283 3172 argo
309 3104 433 3155 mutatur
455 3106 567 3165 natura,
594 3119 657 3157 eum
678 3118 735 3156 non
756 3101 877 3172 amplius
897 3101 1051 3158 anamim
1076 3103 1161 3172 panis
1187 3119 1243 3156 non
1265 3102 1477 3172 intellipendom
1500 3118 1559 3155 esre
1582 3101 1721 3156 internam
1741 3103 1830 3173 pani'e
1851 3104 1913 3159 aub-

215 3186 245 3241 in
275 3201 355 3241 usum
384 3202 496 3242 mensae
525 3187 694 3255 communis,
724 3187 760 3242 ob
786 3203 870 3259 quem
899 3187 989 3243 factus
1017 3205 1050 3244 ae
1077 3189 1222 3256 atentiam,
1250 3190 1302 3242 red
1328 3189 1489 3242 exteriorem
1515 3196 1648 3243 naturam
1677 3196 1703 3243 et
1721 3188 1913 3259 proprietates

214 3280 397 3344 praeparatur
415 3272 479 3343 fuit,
498 3273 547 3328 sed
566 3273 672 3344 potenti
691 3273 854 3329 Dominicue
871 3273 1050 3329 institutionis
1077 3275 1270 3329 accidentium.
1315 3280 1339 3329 5.
1362 3273 1482 3344 cyrillus
1504 3273 1642 3330 Hierosol.
1667 3274 1771 3331 catech.
1798 3282 1823 3332 l.
1851 3292 1912 3347 my·
1925 3280 1945 3321 ἀ

215 3358 300 3415 verbo
319 3359 355 3413 ad
375 3376 436 3415 eam
458 3360 622 3431 dignitatem
643 3359 779 3424 elevetur,
806 3367 838 3414 ut
861 3361 897 3414 ait
920 3360 1050 3426 medium,
1077 3368 1164 3432 stage
1184 3362 1297 3429 Aquam
1312 3360 1432 3414 mutauit
1451 3359 1481 3412 in
1499 3360 1602 3428 uinum,
1621 3368 1648 3414 et
1665 3379 1720 3415 non
1734 3361 1788 3414 erit
1800 3361 1914 3432 dipnue,
1926 3333 1997 3432 iiii?

215 3462 265 3516 per
292 3446 366 3516 quod
399 3446 501 3500 Christi
526 3463 627 3517 corpus
655 3445 735 3501 nobie
762 3446 985 3501 manducandum
1003 3447 1049 3502 da·
1078 3448 1124 3500 cui
1149 3448 1311 3515 medemur,
1335 3448 1413 3514 quod
1431 3448 1524 3501 uinum
1542 3446 1573 3498 in
1591 3447 1755 3515 conquinem
1773 3455 1913 3501 monmu-

215 3533 306 3586 tur.**
341 3531 430 3586 Paulo
447 3537 511 3601 post
531 3533 668 3605 sequitur:
691 3531 771 3585 Sicut
790 3533 820 3586 in
833 3550 959 3602 perrona
973 3534 1051 3588 curi·
1077 3535 1168 3587 terit!
1198 3534 1245 3586 En
1264 3533 1371 3587 realem
1390 3533 1585 3597 mutationem,
1611 3532 1701 3603 inquit
1720 3532 1914 3591 Bellarnrinus.

215 3617 255 3670 eti
278 3618 437 3670 humanitas
472 3618 621 3672 uidebatur
647 3627 673 3671 et
694 3619 799 3672 latebat
827 3620 981 3688 divinitae,
1008 3621 1051 3674 ita
1077 3619 1115 3674 Et
1130 3618 1214 3689 paulo
1231 3617 1318 3674 infra:
1350 3618 1406 3673 sno
1424 3618 1516 3688 epeeie
1530 3617 1618 3686 ponit
1638 3619 1724 3672 datter
1742 3619 1794 3672 tibi
1812 3638 1915 3690 eorpuoe

215 3710 392 3756 sacramento
426 3704 533 3757 oieibili
567 3704 653 3775 (quod
682 3705 839 3760 necessario
867 3706 902 3760 de
931 3706 1051 3761 externit
1078 3705 1269 3774 etsubapecie
1287 3704 1347 3758 vini
1364 3707 1450 3759 datur
1469 3704 1521 3757 tibi
1537 3705 1661 3771 sanquis.
1689 3705 1737 3759 En
1755 3706 1916 3761 accidentia

216 3787 362 3859 symbolis,
387 3795 505 3859 paueat
523 3789 600 3854 rino,
620 3789 796 3862 intelligitur)
814 3792 998 3861 ineffabiliter
1022 3810 1052 3846 ee
1073 3792 1172 3860 panii,
1192 3808 1263 3861 quoe
1282 3799 1434 3860 remanent,
1454 3790 1544 3862 inquit
1561 3789 1754 3845 Bellarminua.
1781 3791 1819 3847 Et
1830 3793 1915 3864 paulo

215 3873 314 3928 diuina
333 3874 443 3939 infudit
465 3877 601 3944 carentia,
624 3884 654 3929 ut
673 3885 743 3930 emet
760 3877 895 3945 relipioni
910 3878 988 3931 circo
1005 3896 1050 3932 aa·
1077 3877 1164 3932 inira:
1191 3878 1254 3932 Hoc
1277 3878 1367 3931 aciem
1392 3884 1417 3930 et
1435 3895 1494 3945 pro
1516 3877 1671 3931 certiaeimo
1693 3877 1796 3932 tatem
1810 3897 1915 3949 panem

105 4000 108 4005 -
214 3968 358 4015 momenta
377 3961 495 4016 deuotio.
532 3961 572 4017 As
589 3979 655 4016 num
670 3961 793 4017 humana
809 3969 909 4019 natura
920 3980 1052 4019 conversa
1077 3965 1163 4031 leuno,
1182 3963 1233 4033 qui
1247 3971 1364 4018 uocatur
1383 3982 1402 4016 a
1421 3963 1514 4026 nobis,
1531 3981 1587 4015 non
1607 3980 1665 4017 eece
1680 3981 1799 4034 panem,
1817 3967 1912 4020 etiam·

215 4046 244 4102 iu
263 4046 417 4103 deitatem?
433 4064 500 4101 num
517 4049 675 4120 praesentia
687 4048 839 4104 divinitatis
850 4049 1050 4106 humanitatem
1077 4051 1104 4104 ei
1122 4058 1220 4120 quatur
1240 4067 1343 4119 panem
1362 4064 1420 4102 crac
1437 4048 1547 4102 sentiat.
1585 4050 1632 4101 En
1651 4047 1752 4119 (inquit
1770 4050 1913 4108 Bellarmi-

214 4133 243 4188 in
266 4133 375 4188 Christo
398 4133 553 4189 absumsit?
583 4135 760 4205 Explicamus
784 4152 851 4207 ergo
870 4135 975 4191 dietum
996 4134 1050 4208 Cy·
1076 4139 1139 4204 nus)
1162 4136 1317 4190 absentiam
1341 4134 1512 4188 mtbawntiae
1530 4135 1616 4202 ponit
1635 4143 1761 4189 mouente
1778 4138 1874 4192 colore
1889 4147 1914 4193 et

214 4219 303 4292 priani
328 4236 361 4274 ex
379 4219 521 4276 Ambrosii
540 4220 612 4275 libro
632 4221 667 4275 de
684 4220 718 4275 iis
737 4221 785 4292 qui
805 4220 951 4276 initiantur
967 4228 1049 4294 myst.
1076 4238 1179 4291 copore
1202 4230 1228 4274 et
1251 4223 1376 4290 proinde
1399 4221 1537 4287 intentam
1563 4222 1912 4280 uaneeutnoosiotionem.
1928 4232 1951 4269 Χ·
1994 4238 1999 4262 ·

213 4322 236 4362 c.
256 4312 288 4362 ιιι
313 4307 380 4360 Non
397 4323 520 4373 oonoeeo
539 4324 617 4359 mum
635 4315 767 4375 amarae,
791 4311 843 4362 red
859 4308 1049 4363 exceltentiam
1076 4307 1299 4379 Respondemua:
1326 4306 1443 4361 mutatio
1468 4305 1517 4359 illa
1541 4306 1622 4376 panis
1642 4306 1671 4361 in
1689 4305 1792 4362 Christi
1810 4325 1913 4380 eorpus

213 4393 332 4462 cratiae,
352 4391 438 4446 *aubi
457 4392 581 4463 loquitur
600 4392 636 4448 de
652 4392 800 4463 baptismo,
820 4394 850 4449 in
870 4412 926 4465 quo
945 4395 1050 4451 nullam
1077 4401 1120 4453 eet
1145 4393 1365 4461 sacramentalis,
1393 4409 1449 4447 non
1469 4392 1639 4459 essentialis,
1663 4398 1736 4448 teste
1756 4392 1869 4451 Gelasio
1886 4403 1915 4449 et

212 4477 272 4534 fieri
309 4494 399 4548 aquae
436 4477 647 4534 substantialem
687 4478 868 4536 mutationem
900 4481 1049 4537 adversarii
1076 4483 1260 4538 Theodoreto.
1296 4481 1355 4536 Nec
1373 4479 1494 4551 cyrillus
1513 4479 1589 4542 dicit,
1606 4480 1709 4534 nudam
1727 4481 1848 4550 speciem
1864 4482 1913 4536 ad-

213 4564 423 4634 mecedem&
441 4571 469 4620 et
489 4565 804 4637 exBedainEpiphan.
819 4566 1049 4638 inhom.hyem.:
1076 4586 1150 4633 ease,
1179 4568 1254 4640 quod
1281 4567 1379 4621 volunt
1405 4565 1553 4621 Pontificii.
1597 4566 1626 4623 si
1642 4566 1709 4622 licet
1727 4584 1760 4620 ex
1778 4567 1914 4624 vocabulo
1984 4633 1985 4637 ,

213 4650 303 4706 Panic
331 4659 357 4706 et
383 4652 443 4704 uini
467 4658 572 4705 noima
598 4652 629 4704 in
654 4661 860 4706 remanentem
879 4654 1007 4722 eorporie
1024 4663 1050 4709 st
1076 4654 1177 4726 speciei
1199 4652 1330 4725 colligere
1356 4651 1529 4706 substantiae
1554 4652 1786 4723 deperditionem,
1816 4654 1914 4710 eodem

161 4764 165 4769 ·
212 4737 359 4806 mpuinie
383 4735 492 4792 Obrieti
516 4737 657 4807 ineffabili
682 4737 807 4806 Spiritui
828 4740 1050 4809 rancu'yicatione
1076 4741 1159 4796 modo
1183 4756 1217 4794 ex
1239 4737 1375 4793 vocabulo
1400 4737 1501 4808 speciei
1524 4738 1620 4794 licebit
1641 4738 1772 4809 colligere
1796 4739 1913 4795 aliorum

214 4827 394 4894 damnemur,
411 4827 444 4878 ut
464 4823 501 4878 sit
519 4840 625 4889 sensus,
641 4825 727 4893 ponis
744 4833 850 4878 notura
866 4834 1003 4896 mmmm,
1020 4827 1049 4881 id
1076 4824 1260 4883 accidentium
1279 4823 1464 4888 amissionem,
1484 4841 1547 4879 cum
1565 4831 1658 4880 tamen
1673 4823 1851 4881 maurentius
1862 4825 1914 4881 111.

213 4913 258 4964 est
285 4910 359 4966 ultra
375 4916 505 4966 naturam
522 4915 551 4965 et
569 4909 709 4965 naturales
727 4910 912 4981 proprietates
929 4921 1050 4982 erectus,
1075 4913 1138 4968 libr.
1166 4919 1192 4967 ι.
1218 4911 1255 4966 de
1279 4916 1361 4981 myst.
1388 4909 1488 4966 misaac
1511 4928 1536 4968 o.
1561 4917 1585 4967 9.
1607 4910 1770 4965 nouaclum
1789 4912 1915 4968 acciden-

214 5000 245 5050 ut
268 4996 305 5050 sit
329 5001 459 5051 κοινωνία
480 4995 603 5066 corporis
622 4995 733 5051 Christi.
769 4996 917 5053 Concludit
934 4997 1049 5070 Cypria·
1076 4999 1159 5064 talea,
1182 5013 1276 5052 rerum
1299 4995 1383 5051 etiam
1407 4997 1547 5052 naturales
1573 4996 1758 5067 proprietates
1774 5014 1916 5054 remanere

212 5097 266 5134 nna
290 5081 367 5136 illurn
394 5098 561 5138 sermonem:
599 5082 680 5135 Haec
708 5085 816 5152 quatiet
843 5086 965 5155 opimus,
994 5104 1051 5142 non
1077 5084 1252 5156 pronuntiet,
1281 5082 1411 5138 videlicet
1438 5085 1626 5152 pensitatem,
1656 5100 1728 5151 quae
1757 5088 1915 5140 eausrando

214 5167 310 5220 dentes
338 5171 380 5222 ad
407 5169 592 5222 mordendum
614 5168 755 5238 acuimus,
784 5172 837 5223 ssd
858 5171 915 5235 tide
939 5171 1050 5226 eincsra
1075 5171 1183 5236 famem
1200 5169 1322 5238 erpellit,
1341 5176 1367 5223 et
1381 5169 1531 5236 ciuitatem,
1550 5183 1622 5237 orme
1635 5169 1767 5224 satiando
1781 5171 1858 5224 eitim
1872 5188 1915 5225 ett-

208 5269 315 5322 ponem
336 5263 461 5308 emotum
480 5254 643 5322 nocuimus
665 5261 691 5307 et
706 5254 863 5324 partimur,
893 5258 960 5311 dum
976 5260 1052 5328 quod
1076 5256 1201 5325 ninyus't.
1238 5254 1320 5319 Quod
1339 5260 1438 5311 autent
1449 5253 1552 5325 speciei
1568 5269 1621 5307 vox
1640 5254 1839 5310 nonexeludat
1851 5255 1916 5311 sub-

213 5338 340 5392 divinum
358 5347 383 5391 et
401 5340 551 5394 humanum
562 5348 610 5407 eet,
624 5340 821 5407 distinquimue
834 5349 861 5394 et
876 5358 1050 5412 reparamur,
1077 5340 1209 5397 stantiam
1228 5342 1318 5412 panis,
1335 5347 1447 5412 praeter
1464 5356 1499 5396 ea
1514 5354 1585 5410 quae
1599 5339 1727 5409 superius
1741 5340 1916 5410 adduximus,

213 5425 332 5494 &morse
354 5425 439 5479 simul
465 5433 601 5497 reparata
622 5427 774 5496 junosntee
799 5444 882 5480 unum
907 5429 1001 5482 Deum
1025 5436 1052 5481 et
1077 5426 1224 5484 manifeste
1246 5427 1348 5499 probat
1369 5427 1447 5482 locus
1463 5422 1603 5479 Ambmsii
1623 5424 1669 5481 lib.
1689 5426 1725 5481 de
1743 5426 1778 5481 iis
1795 5430 1843 5498 qui
1863 5428 1914 5484 ini·

212 5511 349 5566 bominem
368 5511 537 5579 confitemur.
572 5512 637 5569 Non
655 5515 697 5568 est
713 5527 789 5582 ergo,
807 5511 882 5582 quod
897 5512 1049 5569 mensarii
1077 5513 1183 5570 tiautur
1200 5520 1279 5585 myst.
1300 5531 1323 5569 e.
1341 5519 1374 5570 ιι
1393 5511 1460 5580 Ipse
1477 5508 1583 5565 clamat
1598 5513 1738 5568 Dominae
1749 5513 1845 5580 Jesru,
1864 5515 1916 5568 boc

938 5677 945 5711 l
