4004 6022
766 189 818 246 nu
834 186 1027 248 masse.
1687 200 1749 258 aaa

55 353 80 405 ut
101 365 137 404 ex
156 347 236 404 Actis
260 344 418 417 apmtolicis
439 348 469 401 et
490 343 606 400 historia
622 342 812 401 ecclesiastica
828 342 884 398 col·
911 343 1037 398 ebibita
1057 342 1204 415 ‚miracula
1227 345 1301 408 (non
1324 344 1398 398 euim
1416 345 1503 399 aliter
1517 349 1685 415 poterunt)
1709 363 1749 401 se·

55 434 153 506 igitur.
192 434 321 489 haraeus
339 431 386 487 lib.
407 436 431 486 2.
450 430 557 485 advers.
575 429 680 486 moras.
696 447 719 488 c.
736 437 776 486 5¹1.
787 448 815 500 p.
828 435 885 484 160.
911 438 990 484 cusos
1014 445 1087 494 esse,
1112 445 1169 499 per
1192 445 1263 498 quos
1286 430 1320 483 id
1342 438 1436 484 aetum
1462 438 1516 495 est,
1542 438 1574 484 ut
1589 432 1751 485 necmmeia

55 521 83 576 ia
102 519 161 575 suis
178 518 351 589 temporibus
368 517 407 571 sic
425 515 538 573 scribit:
568 518 605 570 ln
632 515 741 570 Christi
764 516 885 580 nondne,
911 531 968 567 non
995 522 1084 568 essent
1106 515 1238 585 posterii.
1276 513 1346 568 Cum
1370 515 1444 569 enim
1468 517 1586 570 ecclesia
1610 516 1751 571 catholica

55 608 99 676 pei
121 623 185 659 uere
208 606 289 660 illius
311 611 377 658 eunt
400 602 548 672 discipuli,
574 603 610 656 ab
633 605 696 672 ipso
719 603 885 670 accepientes
909 616 962 669 per
990 607 1078 655 totum
1106 600 1199 654 orbem
1225 600 1333 669 ds'ffstsa
1357 608 1441 669 atque
1461 602 1594 668 semdatu
1619 603 1670 672 eit,
1700 619 1751 656 nec

55 692 172 758 penam
194 692 348 759 perficiunt
375 691 416 742 ad
440 689 573 757 beneficia
599 688 773 757 reliquorum
799 687 884 740 lomi-
910 686 1052 739 miracula
1075 685 1130 739 illa
1153 685 1184 738 in
1209 694 1307 740 nostra
1329 695 1457 756 tempora
1480 689 1588 741 durare
1604 689 1750 756 permissa

55 794 122 845 num,
140 777 375 846 quemadmodum
393 774 583 842 unusquisque
602 774 711 842 accepit
730 775 835 827 donum
849 773 885 826 ab
911 779 983 839 sunt,
1001 787 1035 824 ne
1052 772 1163 825 animus
1181 787 1288 841 sesnper
1305 773 1430 826 visibilia
1449 780 1596 843 quaereret
1615 781 1749 827 eteorum

55 879 90 921 ια.
126 861 193 916 Alii
216 860 290 914 enim
318 861 468 914 &emanas
497 859 647 913 meludunt
668 860 831 928 firmissime
860 865 886 911 et
911 858 1109 912 consuetudine
1128 856 1300 926 sripesceret
1324 875 1411 926 penus
1437 858 1600 925 numanum,
1630 874 1747 926 querum

55 963 126 1016 sere,
149 954 180 1000 ιιι
204 947 289 999 etiam
311 944 475 1013 saepissime
499 945 616 998 credant
634 944 704 1013 ipsi,
728 944 779 1013 qui
794 961 885 998 mnan·
911 942 1033 997 nouitate
1050 944 1202 1011 flapraeit,
1230 958 1302 1013 quae
1326 942 1414 998 verbu
1436 943 1477 997 sic
1503 943 1626 999 declarat
1642 944 1706 1001 libr.
1727 951 1749 1001 l.

55 1033 115 1089 dati
136 1041 201 1086 sunt
220 1049 239 1084 a
255 1030 434 1100 nequissimis
453 1029 613 1099 spiritibus,
638 1037 663 1082 et
679 1028 736 1082 sint
753 1030 783 1083 in
801 1029 885 1082 eccle·
912 1032 1023 1084 remeet.
1044 1045 1067 1081 c.
1091 1032 1135 1082 13:
1167 1027 1266 1081 Verum
1291 1035 1332 1081 eet
1357 1029 1486 1098 quidem,
1506 1046 1563 1082 non
1587 1030 1660 1083 enim
1676 1047 1749 1084 nurse

55 1121 111 1188 tia,-
138 1119 194 1173 alii
220 1125 312 1171 autem
330 1117 475 1170 scientiam
493 1116 595 1169 babent
610 1116 780 1183 futurorum
802 1122 827 1167 et
846 1115 885 1166 ui-
911 1131 1013 1183 usque,
1038 1131 1100 1166 cum
1124 1131 1223 1166 manus
1249 1114 1402 1182 imponitur
1424 1115 1586 1184 baptisatis,
1611 1116 1653 1169 sic
1675 1115 1748 1168 acai-

55 1205 143 1260 sioses
168 1211 194 1257 et
219 1203 358 1257 dictiones
377 1201 578 1272 propheticam
609 1201 665 1256 alii
689 1209 781 1255 aretem
808 1201 885 1254 labo-
909 1201 995 1269 piant
1015 1199 1153 1269 Spiritum
1172 1207 1315 1266 sanctum,
1341 1208 1372 1253 ut
1397 1200 1547 1268 loquantur
1570 1200 1676 1267 linquis
1693 1217 1749 1254 om·

55 1299 147 1345 untes
165 1289 265 1358 aliqua
284 1289 447 1358 infirmitate
462 1304 518 1357 per
534 1306 667 1341 manuum
683 1288 887 1356 impositionem
912 1286 990 1339 mum
1009 1286 1147 1354 pontium,
1175 1292 1223 1338 aut
1246 1303 1319 1338 nunc
1340 1303 1427 1355 usque
1443 1303 1498 1355 per
1516 1287 1643 1340 umbram
1659 1293 1749 1340 trans·

55 1383 152 1431 :want
176 1383 202 1428 et
226 1390 312 1427 sanos
335 1373 493 1427 restituunt.
529 1374 599 1426 Jam
626 1374 710 1427 etiam
736 1380 764 1426 et
785 1373 889 1426 morteri
913 1370 1037 1424 cuntium
1057 1371 1292 1439 praedicatorum
1317 1372 1422 1426 Uirtuti
1440 1379 1578 1425 sanantur
1601 1372 1708 1440 infirmi
1725 1380 1752 1425 et

55 1467 264 1517 maneae-runt
282 1466 307 1512 et
324 1466 543 1528 perseverarunt
562 1458 703 1510 namucum
722 1458 818 1511 multis
838 1476 887 1510 an·
913 1457 941 1510 si
957 1474 1014 1526 qua
1034 1456 1108 1510 talia
1128 1465 1192 1510 tunc
1207 1458 1291 1522 facta
1309 1466 1386 1521 eunt,
1413 1474 1485 1526 meae
1503 1465 1606 1526 postea
1629 1474 1751 1512 cenasse

55 1546 108 1609 ais,
131 1545 249 1614 etquid
267 1545 381 1597 amem!
405 1561 461 1597 non
485 1550 524 1596 est
543 1560 688 1597 numerum
707 1542 802 1596 dicere
819 1561 885 1610 pra-
914 1542 1096 1605 manifestum
1116 1549 1170 1610 eet,
1187 1544 1313 1596 sednon
1330 1544 1371 1596 sic
1388 1543 1584 1611 accipiendum
1602 1551 1656 1611 est,
1675 1546 1752 1612 quod

55 1633 161 1699 aarum,
179 1648 251 1698 quas
267 1646 320 1699 per
337 1628 496 1683 uniuersum
515 1629 649 1682 mundum
661 1628 779 1682 ecclesia
792 1646 810 1681 a
824 1630 887 1682 Deo
915 1628 989 1697 diei,
1014 1635 1045 1680 ut
1070 1645 1143 1680 necne
1168 1628 1199 1680 in
1224 1625 1334 1680 Chresti
1355 1628 1465 1682 nomine
1484 1628 1549 1692 pieri
1564 1628 1648 1682 nulla
1664 1629 1749 1682 mira·

55 1716 192 1786 recipiens
215 1717 245 1769 in
267 1715 378 1768 nominc
398 1713 504 1768 Chresti
521 1713 593 1767 Jesu
610 1713 738 1778 crucifici
755 1731 812 1782 per
828 1714 885 1766 sin·
914 1713 980 1766 cuia
1007 1714 1159 1766 medentur
1185 1719 1238 1767 eto.
1273 1721 1331 1766 tam
1360 1714 1451 1768 multa
1478 1715 1551 1768 enim
1576 1715 1661 1768 etiam
1688 1714 1750 1767 istis

55 1804 130 1868 pulos
148 1803 210 1856 dies
227 1802 258 1855 in
276 1800 488 1870 opitulationem
499 1799 623 1868 pontium
630 1799 753 1866 perlicit.
783 1798 887 1853 Postea
914 1797 1083 1868 temporibus
1102 1799 1189 1868 fiunt,
1215 1807 1246 1852 ut
1263 1816 1313 1852 nec
1331 1800 1427 1853 omnia
1444 1817 1623 1869 capessens,
1640 1817 1691 1853 nec
1708 1818 1750 1866 ea,

55 1905 116 1945 sero
139 1892 250 1956 recepta
273 1885 303 1940 in
328 1884 431 1940 mundo
455 1883 593 1954 evangelii
609 1883 817 1953 praedicatione
838 1884 886 1938 do·
914 1902 987 1954 quae
1004 1883 1204 1955 capnoscimus,
1225 1901 1388 1939 enumerare
1401 1886 1551 1954 possimus.
1587 1884 1749 1956 Chrysoeto·

55 1993 116 2030 snm
139 1972 333 2027 miraculorum
356 1987 413 2024 non
435 1968 491 2023 fuit
513 1975 570 2023 tam
587 1968 732 2041 generale,
757 1969 807 2024 sed
826 1969 886 2040 qui·
914 1989 975 2026 mus
995 1972 1068 2028 hom.
1089 1976 1130 2027 23.
1148 1971 1178 2025 in
1192 1970 1256 2027 Job.
1277 1987 1333 2026 non
1353 1971 1437 2042 longe
1454 1989 1473 2025 a
1489 1971 1592 2041 prinu:
1613 1973 1751 2026 Nonneet

55 2060 167 2117 >nedem
192 2059 327 2113 duntaxat
349 2055 475 2127 personis
498 2073 531 2110 ex
557 2056 650 2127 gratia
677 2055 789 2119 datum,
815 2054 887 2108 sicut
913 2075 986 2112 nunc
1004 2073 1112 2127 qumque
1129 2058 1275 2127 sipnormn
1289 2058 1391 2127 petitio
1409 2058 1574 2112 testantium
1593 2059 1654 2112 esti
1679 2059 1750 2112 Sunt
1763 2071 1811 2114 xn.
1825 2069 1871 2114 tat.

55 2148 85 2202 le
101 2145 239 2215 Gregorio
259 2143 470 2212 'l'haumaturgo
493 2140 529 2195 ob
548 2141 577 2194 id
598 2141 671 2194 dicto
689 2157 885 2196 commemora·
912 2152 1027 2198 sancet
1046 2144 1100 2198 iac
1118 2152 1217 2197 noema
1235 2151 1342 2212 ααιιιια,
1367 2144 1417 2212 qui
1439 2151 1591 2212 mouerant,
1615 2160 1704 2212 quare
1724 2152 1751 2197 et

55 2251 94 2288 ur
118 2232 155 2286 ab
183 2229 306 2286 Eusebio
331 2229 378 2283 lib.
399 2235 424 2285 t.
450 2245 473 2281 c.
494 2233 535 2283 25.
553 2232 582 2281 et
599 2226 770 2297 Hieronymo
788 2227 818 2280 in
834 2227 885 2283 vir.
912 2248 985 2285 nnnc
1002 2232 1086 2300 sipna
1104 2248 1162 2284 non
1178 2232 1270 2294 fiunti
1301 2230 1335 2284 Si
1354 2230 1453 2299 fidelis
1471 2246 1514 2296 es,
1532 2220 1562 2283 ut
1582 2239 1705 2298 oportet,
1724 2232 1752 2284 si

56 2319 147 2375 liustn
186 2315 263 2388 quod
292 2315 396 2368 virtute
428 2313 529 2368 edendi
566 2313 701 2367 miracula
734 2313 886 2367 instructus
914 2315 1057 2370 cbristum
1084 2317 1197 2384 diiipis,
1225 2322 1256 2368 ut
1281 2316 1445 2383 dilipendus
1472 2324 1524 2381 est,
1556 2334 1613 2370 non
1640 2317 1751 2386 indipee

55 2406 140 2461 uerit
176 2402 276 2473 Neque
294 2401 397 2471 passim
417 2400 447 2454 in
464 2398 591 2454 omuibus
612 2397 688 2467 locis,
707 2399 756 2453 sed
777 2399 806 2453 in
825 2399 885 2470 qui·
912 2404 1016 2470 siquis,
1040 2403 1123 2470 siqua
1148 2402 1222 2455 enim
1246 2401 1403 2456 incredulae
1424 2403 1539 2459 dantem
1573 2402 1656 2457 Hom.
1676 2409 1701 2460 6.
1720 2404 1749 2458 in

55 2491 169 2546 raedam
194 2488 331 2542 duntaxat
352 2485 458 2541 fiebant
486 2484 633 2552 miracula,
661 2484 762 2556 quibus
787 2491 885 2556 gentes
919 2496 937 2545 1.
957 2488 1020 2546 Cor.
1044 2493 1110 2543 ante
1128 2486 1215 2542 med:
1243 2488 1282 2540 Et
1306 2494 1373 2540 tinec
1397 2493 1531 2558 (tempore
1555 2489 1751 2560 apostolorum)

55 2578 141 2633 sdhuc
161 2574 320 2630 incredulae
341 2572 377 2626 ad
395 2571 480 2627 iidem
497 2570 688 2639 invitarentur,
708 2570 783 2625 unde
801 2570 886 2624 Euse-
913 2576 1020 2629 utiliter
1030 2575 1134 2640 fiebant
1147 2574 1289 2628 miracssla
1303 2582 1328 2628 et
1342 2590 1416 2628 nunc
1426 2575 1535 2629 utiliter
1548 2594 1604 2630 non
1610 2577 1685 2645 fleant
1697 2581 1749 2632 etc

55 2663 113 2719 bias
133 2662 183 2734 lib.
202 2669 226 2715 5.
243 2659 339 2715 histor.
357 2675 381 2711 c.
401 2663 424 2711 7.
442 2657 553 2712 scribit:
573 2657 676 2711 Statim
687 2664 756 2726 poet
774 2665 886 2725 aposto·
913 2678 967 2730 quo
996 2661 1069 2714 enim
1094 2667 1159 2713 sunt
1184 2660 1383 2726 mandastiora
1409 2669 1435 2714 et
1461 2664 1553 2729 mapie
1580 2663 1750 2729 necmsaria,

55 2751 144 2806 mrum
161 2756 296 2815 tempora,
318 2744 402 2796 ctiam
420 2743 537 2796 Irenaci
553 2751 675 2813 tempore
694 2761 752 2796 non
767 2743 887 2812 passim,
913 2764 985 2816 perae
1009 2747 1095 2814 fiunt,
1122 2753 1200 2800 taneto
1224 2747 1316 2814 mapis
1337 2746 1474 2800 minuitur
1495 2749 1582 2815 fides,
1611 2766 1665 2817 quo
1684 2765 1750 2817 erpo

55 2837 101 2891 red
124 2835 155 2888 in
179 2831 346 2901 quibusdam
367 2831 504 2883 domarat
524 2830 649 2882 ecclesiia
667 2845 702 2882 ea
725 2831 819 2882 adlsuc
832 2847 886 2897 pa
912 2832 1002 2897 fueret
1022 2833 1133 2900 denum
1152 2832 1330 2894 nsanifeetins
1348 2839 1501 2901 osmnsum,
1525 2850 1558 2886 eo
1574 2835 1664 2902 mapis
1682 2835 1753 2900 fidet

55 2931 128 2979 nata
146 2935 213 2987 esse,
232 2922 261 2972 et
277 2915 454 2986 Augustinus
473 2914 521 2969 lib.
541 2920 582 2970 22.
602 2917 637 2968 de
656 2914 723 2969 civit
748 2914 802 2969 Dei
823 2932 847 2971 c.
863 2923 886 2972 8.
912 2935 1016 2973 merces
1038 2919 1190 2975 minuitur,
1219 2917 1302 2972 Hom.
1323 2924 1363 2974 ts.
1387 2919 1480 2988 operis
1505 2918 1628 2991 imperi:
1656 2924 1751 2974 Antea

55 3009 116 3064 ieet
138 3005 246 3076 aliquot
269 3001 403 3056 miracula
427 3018 476 3055 suo
500 3007 624 3072 tempore
643 3001 720 3057 facta
739 3009 888 3066 recenseat,
913 3004 1007 3058 mult's
1046 3004 1138 3058 modes
1174 3005 1384 3072 ostendebatur,
1423 3021 1496 3073 meae
1529 3013 1599 3059 emet
1632 3006 1750 3060 ecclesia

55 3096 88 3150 de
115 3107 200 3148 caeco
227 3087 378 3144 Mediolani
405 3087 478 3141 cuca
500 3086 628 3157 sepulcra
651 3092 803 3156 martyrum
821 3086 886 3141 Pro·
916 3089 1024 3144 Ciristi
1039 3096 1064 3142 et
1085 3105 1157 3158 quae
1176 3090 1335 3158 partilium
1365 3107 1439 3142 nunc
1456 3097 1548 3144 autem
1566 3091 1646 3145 nullo
1664 3093 1749 3144 modo

55 3179 115 3237 tatii
140 3184 168 3232 et
188 3174 314 3230 Gervasii
340 3171 510 3240 illuminato,
540 3171 575 3226 de
593 3172 756 3226 Innocentio
774 3171 887 3226 Cartha·
914 3175 1091 3243 copuoscitur
1119 3174 1274 3229 uolentibus
1304 3190 1484 3243 capnoscerc,
1516 3192 1587 3245 qtae
1616 3176 1653 3229 sit
1680 3193 1748 3229 nera

55 3266 110 3339 gini
141 3280 160 3320 a
189 3261 284 3316 fistula
312 3258 448 3322 liberato,
485 3258 520 3313 de
547 3258 711 3314 Innocentis
736 3259 840 3315 ibidem
869 3276 888 3313 a
915 3261 1023 3317 Christi
1045 3260 1176 3330 sualmis,
1203 3260 1261 3313 nisi
1283 3263 1473 3316 tantummodo
1495 3277 1549 3330 per
1575 3261 1747 3332 Scripturas.

55 3367 153 3409 emero
183 3346 357 3402 mammillas-i
389 3346 425 3398 ad
456 3343 567 3415 signum
597 3344 688 3399 crucis
715 3352 812 3399 curata
834 3353 886 3401 etc.
913 3350 1006 3401 Antea
1032 3362 1090 3417 per
1117 3348 1200 3415 eipna
1227 3346 1478 3416 capnoscebantur,
1506 3347 1556 3416 qui
1582 3355 1664 3402 nant
1688 3349 1749 3402 ueri

55 3449 145 3497 tamen
171 3436 200 3488 in
224 3431 360 3503 principio
382 3430 481 3500 capitis
507 3429 655 3499 distinguit
679 3429 752 3484 inter
777 3435 886 3503 tempus
915 3433 1072 3489 Christiani
1088 3441 1113 3486 et
1130 3434 1180 3501 qui
1188 3432 1285 3500 falsi,
1308 3434 1396 3486 donec
1413 3434 1487 3487 enim
1501 3435 1610 3488 αοαιιιιο
1629 3435 1688 3500 suit
1707 3437 1748 3489 ad

55 3525 129 3592 dlud,
149 3537 205 3593 quo
223 3517 399 3588 evangelium
416 3515 606 3569 nondumfuit
619 3515 647 3568 in
660 3517 886 3587 mundopublice
911 3523 995 3586 fidem
1020 3536 1053 3572 ec
1075 3519 1259 3587 infidelitate,
1278 3520 1412 3586 fecerunt
1434 3520 1517 3588 sipna
1538 3520 1615 3574 serui
1633 3519 1748 3586 warini

55 3614 208 3680 receptum,
234 3613 263 3661 et
283 3604 356 3658 iuter
380 3608 506 3672 tempora
528 3601 682 3671 posteriora
699 3601 837 3672 evangelii
856 3603 886 3656 in
911 3607 979 3675 quia
1008 3605 1090 3675 sipna
1112 3606 1227 3659 divinoe
1252 3605 1408 3658 vocationis
1431 3605 1591 3661 testimonia
1614 3615 1691 3674 sunt,
1716 3617 1747 3661 ut

55 3703 109 3754 toto
126 3692 195 3750 orbe
207 3689 440 3763 praedicationem
455 3693 610 3742 comecuta.
643 3688 758 3741 Possem
773 3689 885 3760 linquit)
907 3691 1136 3760 praedicationis
1152 3691 1257 3746 oeritm
1274 3691 1423 3745 miraculis
1440 3695 1655 3750 commendetur.
1682 3694 1745 3748 Oes-

55 3784 156 3848 dieere,
173 3776 334 3831 neccssaria
351 3776 443 3840 fnisse
460 3775 552 3844 prins,
569 3791 653 3842 quam
662 3776 787 3828 crederet
806 3793 881 3828 mun·
910 3785 989 3831 sante
1017 3787 1110 3830 αιιιαιιι
1134 3778 1278 3832 eorunm
1310 3777 1426 3847 incipiet
1453 3780 1579 3835 seductio
1608 3797 1743 3835 reuocans

55 3872 119 3936 dus,
147 3867 188 3918 ad
206 3864 258 3917 noc
277 3868 308 3916 ut
332 3861 458 3914 crederet
475 3862 603 3916 nonum.
642 3859 771 3929 stisquis
790 3863 884 3914 adbuc
910 3862 1033 3917 homines
1054 3882 1073 3916 a
1095 3864 1152 3926 fide
1176 3865 1216 3917 ad
1238 3864 1448 3934 infidelitatem,
1474 3883 1531 3934 quo
1547 3867 1594 3935 til,
1617 3873 1649 3919 ιιι
1667 3885 1741 3921 nunc

55 3952 195 4025 orodipia,
215 3955 246 4002 ut
264 3950 369 4012 medat,
388 3947 516 4016 inquirit,
534 3964 665 4013 mapsam
682 3955 721 4000 est
740 3948 799 4014 ipse
816 3965 883 4016 pro·
911 3951 1056 4019 sipnorum
1073 3949 1201 4017 operatio
1219 3952 1331 4005 ommno
1349 3951 1462 4004 notua
1478 3953 1531 4016 sit,
1547 3953 1638 4020 mapis
1655 3961 1747 4006 autem

55 4042 168 4110 atpium,
188 4035 239 4104 qui
255 4034 359 4087 mundo
377 4034 504 4086 credente
523 4050 579 4085 non
596 4031 694 4087 credit.
725 4030 802 4087 idam
822 4033 884 4088 libr.
912 4045 937 4089 et
961 4037 1043 4104 apud
1070 4052 1118 4090 eos
1144 4037 1299 4106 inuenitur,
1330 4037 1380 4106 qui
1401 4044 1464 4090 sunt
1485 4037 1560 4102 salsi
1584 4035 1747 4101 C'bmstiani,

55 4130 86 4184 ie
105 4124 189 4181 utilit.
207 4117 337 4175 credendi
355 4135 378 4171 c.
400 4123 445 4174 16:
466 4117 553 4171 Talia
571 4118 710 4171 miracula
729 4117 883 4186 (salutaria)
905 4121 976 4189 fieri
1002 4122 1076 4183 ficta.
1125 4121 1205 4175 Sicut
1231 4131 1322 4177 antem
1347 4123 1450 4178 Petrus
1475 4124 1556 4190 apud
1580 4120 1748 4176 Clementem

55 4217 136 4274 rama
154 4216 218 4263 snut
235 4206 287 4260 illo
307 4213 445 4273 tempore,
464 4221 519 4272 quo
538 4205 619 4256 Deus
637 4204 667 4256 in
685 4220 750 4257 sero
768 4205 885 4272 lamine,
912 4206 1032 4276 soponit,
1051 4207 1224 4261 Antichristo
1243 4209 1326 4262 etiam
1343 4208 1494 4276 plenorum
1512 4208 1656 4276 signam
1666 4207 1747 4273 saci·

55 4294 286 4371 quemadmodum
295 4297 341 4344 sat
349 4298 420 4355 erat,
429 4290 585 4345 bominibus
594 4290 760 4359 apparebat.
784 4289 887 4344 Sancti
912 4296 1048 4348 euenum
1070 4300 1111 4346 est
1135 4294 1235 4347 danda
1255 4301 1392 4363 potestas.
1432 4293 1623 4350 Damascanus
1643 4293 1706 4348 libr.
1726 4297 1748 4348 1.

55 4383 194 4452 laepuidi,
207 4378 338 4433 mundati
350 4376 466 4445 leprosi,
481 4375 604 4429 incessus
617 4374 885 4442 claudiacaecisri·
911 4377 1054 4434 orthodox.
1072 4376 1139 4432 fidei
1156 4394 1181 4435 c.
1200 4383 1230 4432 3:
1248 4376 1326 4447 ἡμεῖς
1340 4377 1408 4450 μήτε
1426 4382 1483 4433 τῶν
1500 4377 1662 4452 θαυμάτων,
1679 4376 1748 4451 pise

55 4490 112 4536 m,
131 4467 229 4522 surdis
246 4463 362 4517 audiisse
379 4469 420 4515 est
437 4461 566 4515 redditus
584 4467 638 4519 etc.
667 4460 715 4515 Sic
735 4462 765 4515 in
781 4469 886 4516 senune
911 4463 942 4518 ιό
970 4465 1016 4532 τῆς
1043 4465 1224 4524 διδασκαλίας
1248 4462 1396 4538 δεξάμενοι
1416 4463 1544 4539 χάρισμα
1568 4470 1621 4522 eto.
1662 4464 1748 4519 Bern-

55 4559 162 4614 em'mas
186 4558 314 4607 seranus
336 4548 499 4602 mortalium
516 4548 614 4602 diuina
633 4548 817 4602 commovebat
836 4565 884 4601 au·
913 4550 1001 4605 hasdo
1027 4550 1114 4605 multa
1135 4548 1269 4604 muscula
1293 4549 1468 4617 tribuuntur,
1496 4550 1547 4606 sed
1570 4550 1594 4604 is
1620 4550 1649 4604 in
1666 4566 1747 4606 serm.

55 4645 176 4700 seruas.
200 4636 266 4700 Cur,
284 4634 384 4705 inquis,
403 4635 461 4689 esta
477 4636 560 4688 modo
578 4636 735 4700 confiunt?
748 4635 816 4703 quia
831 4652 886 4688 non
913 4637 948 4691 de
976 4635 1130 4692 Benedicta
1159 4634 1274 4705 fatetur,
1309 4651 1339 4690 se
1370 4648 1427 4689 non
1453 4635 1573 4692 edidisse
1605 4636 1746 4693 muscula.

55 4734 203 4794 mouerent,
220 4724 278 4776 nisi
294 4722 369 4775 mira
386 4727 484 4776 essent.
515 4720 555 4773 At
566 4720 594 4773 si
605 4721 690 4773 solita
702 4728 799 4789 ment,
812 4721 886 4775 mira
913 4725 992 4778 Licet
1014 4720 1124 4793 (inquit)
1141 4740 1198 4776 non
1215 4722 1346 4776 mamete
1364 4730 1480 4790 nosne,
1496 4723 1652 4777 consolatio
1668 4722 1748 4776 nabet

55 4809 362 4875 sonoesentetcfocta
371 4808 459 4875 ipitur
467 4807 594 4861 sentilla
603 4806 887 4875 opportunissime,ut
913 4828 1017 4880 maeno
1045 4824 1105 4864 esse
1133 4809 1232 4862 debent
1253 4808 1376 4876 patroni
1403 4807 1493 4862 nostri
1520 4808 1668 4863 miranda
1703 4808 1748 4862 Aa

55 4903 96 4957 tis
109 4896 291 4952 mestitudine
307 4894 478 4949 credentium
496 4900 667 4962 conprepato
684 4900 767 4961 atque
780 4909 887 4962 propa-
913 4911 993 4951 serm.
1016 4893 1303 4950 uindicaturus:
1332 4892 1402 4955 Quis
1426 4910 1500 4947 nnnc
1525 4893 1678 4948 Menenia
1694 4894 1748 4961 eji-

55 4995 120 5056 pata
141 4985 172 5039 in
191 4985 268 5051 ipsos
288 4997 378 5035 mores
395 4980 475 5034 utilis
498 4985 705 5034 conuerteretur
722 4955 960 5049 auctoritasicit,
981 4980 1087 5049 linpuie
1104 4979 1230 5048 loquitur
1248 4985 1300 5036 etc.
1334 4978 1467 5035 Tarasins
1484 4980 1515 5034 in
1534 4985 1588 5036 act.
1607 4985 1631 5035 t.
1649 4979 1748 5033 concil.

55 5072 136 5128 Hanc
158 5086 237 5124 suam
260 5067 424 5123 senmntiem
448 5065 488 5121 sic
507 5065 632 5120 declarat
649 5063 712 5119 libr.
737 5068 887 5120 1.reusn
913 5066 1028 5124 Nicaeis
1051 5063 1089 5120 11.
1114 5064 1154 5118 sic
1177 5063 1318 5135 loquitur:
1350 5062 1445 5126 Quare
1472 5072 1585 5119 umeros
1611 5065 1749 5135 insomnes

55 5164 136 5215 ult:
158 5153 381 5221 Haediciquia
392 5159 542 5206 nantanta
553 5151 713 5205 mcomnia
724 5151 816 5215 modo,
832 5168 887 5204 non
912 5153 995 5207 neella
1023 5152 1163 5206 iodurna
1190 5151 1237 5204 die
1265 5151 1351 5204 edunt
1378 5149 1543 5206 minnela!
1576 5152 1747 5220 Respondes

55 5245 129 5316 quia⁴
146 5241 230 5295 nullo
254 5241 325 5308 liunt
352 5239 435 5294 etiam
461 5240 544 5292 modo
571 5238 720 5293 miracula.
760 5236 822 5291 libr.
852 5238 887 5293 de
913 5256 974 5292 cum
994 5236 1137 5306 apostolo,
1156 5235 1299 5296 miracula
1317 5252 1374 5290 non
1392 5236 1569 5290 medemibue
1587 5239 1658 5291 data
1674 5243 1748 5306 sunt,

55 5345 119 5386 sera
144 5326 224 5398 relig.
251 5343 275 5383 c.
304 5332 350 5382 ²5:
381 5326 547 5394 Accepimus
572 5324 697 5392 majores
720 5331 831 5376 nostros
855 5341 887 5378 eo
913 5326 964 5379 scd
990 5322 1153 5378 incredulis.
1188 5319 1341 5392 Gregorius
1364 5319 1458 5377 homil.
1483 5327 1525 5378 29.
1553 5322 1582 5376 in
1608 5322 1746 5394 evangel:

55 5417 161 5487 modu,
186 5429 240 5481 quo
264 5430 285 5466 a
306 5412 464 5467 minutio
487 5413 529 5465 ad
548 5417 664 5464 aetem
680 5410 886 5479 conscenditur,
913 5410 1061 5479 Nunsquid
1076 5409 1186 5474 fratres
1203 5408 1271 5478 mei,
1295 5407 1364 5476 quoia
1386 5408 1442 5462 ista
1459 5407 1544 5478 signa
1561 5426 1618 5463 non
1631 5411 1748 5482 facitu,
