4004 6022
239 336 300 395 ate
806 273 1146 386 mensuramus
1165 326 1365 386 secuunus
1440 306 1444 319 '

238 487 317 555 ptam
340 483 507 554 baptismum
525 483 561 537 ad
581 483 719 554 supplicia
736 489 801 538 sunt
818 484 935 556 abrepti.
971 480 1067 550 Quid?
1081 480 1084 559 1
1099 481 1154 545 oct
1171 497 1237 552 erpo
1256 490 1419 553 receperunt
1437 484 1556 550 verbum,
1575 484 1709 553 baptisati
1727 490 1792 536 eunt
1806 491 1833 536 et
1846 500 1935 554 appo-

239 587 306 624 num
329 570 390 625 illos
417 569 579 642 negabimus
599 586 659 625 esse
682 571 755 625 cives
778 571 933 628 ecclesiae?
946 564 949 571 ’
963 575 994 627 at
1015 569 1069 625 hac
1096 569 1168 623 sitae
1193 577 1257 622 sunt
1281 570 1312 622 in
1339 571 1386 624 die
1412 570 1467 623 illa
1490 571 1602 623 animos
1622 570 1736 623 circiter
1753 570 1812 622 trio
1830 571 1935 623 millia.

239 657 345 712 ratione
370 662 554 728 purpurantes
581 656 647 712 illae
675 675 754 714 rosae
777 676 810 714 ex
835 658 968 714 ecclesiae
990 657 1070 711 horto
1096 654 1319 726 Respondemus:
1335 654 1565 712 l.Catechumeni
1577 655 1673 711 fideles
1687 660 1737 709 ant
1749 662 1814 710 actu
1827 656 1935 710 suntin

241 740 401 810 evellentur,
426 743 522 798 eadem
547 745 631 799 etiam
654 745 760 800 ratione
777 761 795 800 a
812 744 940 815 paradiso
959 740 1071 799 coelesti
1097 740 1226 809 ecclesia,
1250 748 1378 796 autnon
1403 742 1558 802 salvantur.
1580 742 1692 796 tertium
1715 757 1772 795 non
1790 742 1885 806 datur,
1904 749 1937 795 nt

240 826 436 882 excludentur?
476 829 607 900 Veteres,
642 831 689 903 qui
720 830 850 911 baptismi
877 829 1070 885 necessitatem
1097 826 1266 881 ostendimus
1285 827 1419 897 superius,
1440 829 1506 898 quia
1525 835 1603 882 extra
1621 828 1764 883 ecclesiam
1780 828 1937 884 nonhabet

239 917 317 967 unta
334 910 434 970 conatu
452 922 643 988 propugnant,
666 916 835 987 baptismum
855 915 997 986 sanguinis
1016 913 1069 968 illis
1097 913 1188 968 locum
1213 912 1357 968 insertio
1349 930 1378 967 m
1400 913 1540 967 Christum
1560 908 1694 969 ecclesiae
1712 922 1798 985 caput
1819 915 1935 970 donatio

239 998 408 1069 tribuerunt,
435 1016 471 1056 ne
497 1002 534 1057 ab
555 1003 673 1057 eeclesia
696 1008 725 1058 et
747 1003 848 1058 salute·
858 1019 904 1058 eos
923 999 1068 1057 excludere
1096 999 1255 1069 Spiritnss.
1270 999 1518 1056 etsalusaeterna.
1550 998 1580 1054 si
1593 1016 1659 1071 ergo
1674 1001 1935 1058 Bellarminusccn·

239 1092 411 1156 cogerentur.
448 1093 471 1144 8.
489 1087 553 1144 Huc
566 1089 934 1161 pertinentdictareterum.
954 1085 1068 1157 Cypria·
1096 1084 1177 1153 cedit,
1198 1086 1409 1140 catechumenos
1429 1085 1524 1140 fideles
1545 1086 1655 1155 salvari,
1673 1087 1811 1142 concedat
1823 1096 1935 1160 oportet

239 1187 292 1225 nus
312 1173 391 1244 epist.
414 1177 455 1229 ts.
473 1174 509 1228 ad
527 1174 711 1246 lnbajanum:
733 1175 842 1243 Sciant,
861 1174 1069 1228 catechumenos
1097 1187 1143 1226 eos
1156 1187 1215 1227 esse
1227 1176 1292 1226 actu
1301 1172 1330 1225 in
1339 1172 1463 1240 ecclesie,
1474 1172 1829 1244 noninpotentiatantum.
1850 1174 1934 1231 ιιι·

238 1257 306 1312 ellos
332 1260 426 1328 primo
453 1261 590 1329 intepram
615 1263 703 1332 fidem
729 1269 755 1315 st
779 1261 911 1315 ecclesiae
935 1260 1069 1313 annuam
1096 1257 1253 1314 techumeni
1275 1257 1372 1313 fideles
1397 1276 1449 1329 per
1472 1259 1589 1315 verbum
1610 1260 1735 1316 veritatis
1754 1269 1783 1315 et
1802 1260 1889 1316 fidem
1907 1263 1934 1316 in

240 1344 327 1412 (nota)
348 1353 440 1401 tenere
462 1356 487 1402 st
506 1349 548 1417 ed
565 1347 761 1403 debellandum
779 1346 923 1402 diabolum
944 1347 978 1398 de
997 1344 1068 1398 dioi-
1096 1343 1235 1399 Christum
1246 1350 1310 1399 sunt
1326 1345 1505 1412 exDeonati‚
1519 1362 1586 1418 ergo
1600 1347 1690 1401 minus
1701 1355 1777 1403 recte
1789 1348 1935 1404 consuun-

239 1431 284 1486 nis
301 1434 402 1487 casum
421 1451 483 1488 cum
493 1434 582 1504 pleno
600 1443 626 1488 et
642 1435 753 1488 macno
764 1433 823 1487 Dei
829 1432 928 1487 Patris
940 1438 965 1485 st
979 1429 1069 1500 Spiri-
1097 1439 1143 1485 tur
1160 1433 1304 1503 embryoni
1325 1433 1449 1487 nondum
1467 1434 1585 1488 formato
1603 1450 1637 1488 ac
1654 1441 1727 1490 nato.
1756 1436 1933 1492 antsemem

240 1522 284 1570 lus
300 1519 394 1572 tamti
411 1521 565 1588 copatione
578 1523 745 1591 procedere,
776 1521 879 1573 dmnde
896 1535 945 1571 nec
956 1517 1071 1586 privari
1097 1522 1175 1587 patet
1190 1534 1223 1572 ex
1241 1534 1288 1587 eo,
1309 1519 1383 1589 quod
1400 1536 1455 1573 non
1478 1520 1565 1573 solum
1584 1520 1760 1590 baptismatis
1779 1538 1933 1577 sacramen-

240 1602 609 1676 boptirmatissacramsnto,
621 1614 715 1678 utpote
726 1602 1070 1676 quibaptiaentwplorio·
1096 1609 1156 1658 tum
1176 1605 1277 1661 dicitur
1295 1607 1438 1660 muncrum
1460 1609 1680 1676 reponerationis
1697 1607 1752 1662 Tit.
1766 1614 1791 1678 3,
1810 1627 1836 1663 s,
1852 1616 1876 1664 5.
1888 1609 1934 1666 sed

239 1690 350 1746 sisoim
373 1699 400 1746 et
416 1695 536 1747 marimo
553 1693 700 1762 saapuinis
720 1699 911 1759 sacramento,
934 1689 1071 1759 sanquine
1098 1692 1182 1747 etiam
1195 1690 1309 1748 verbum
1329 1700 1369 1747 est
1386 1710 1478 1747 semen
1496 1693 1574 1747 illud
1590 1694 1813 1764 incorruptibile,
1831 1712 1866 1748 ea
1882 1713 1935 1766 quo

240 1784 331 1830 autem
354 1778 508 1848 baptisatus
536 1787 563 1833 el
580 1781 714 1848 passione
739 1780 928 1842 sanctificatos
947 1793 1070 1830 consum
1097 1786 1281 1832 renascuntur
1293 1781 1436 1833 credentes
1452 1786 1473 1835 1.
1487 1779 1547 1836 Pet.
1563 1785 1585 1848 1,
1603 1798 1630 1838 v.
1644 1786 1684 1835 23.
1704 1780 1804 1838 Jacob.
1820 1788 1881 1851 l,v.
1897 1787 1934 1838 te.

240 1863 316 1916 mori
341 1872 368 1918 et
389 1865 502 1919 divinas
515 1866 736 1935 pollicitationis
754 1866 875 1935 gratiam
894 1863 1025 1932 consequi
1040 1862 1071 1914 in
1097 1871 1126 1918 et
1143 1865 1191 1935 qui
1205 1881 1271 1919 vera
1289 1864 1345 1920 fide
1357 1865 1496 1920 Christum
1511 1866 1655 1935 recipiunt,
1675 1882 1708 1919 sa
1720 1869 1784 1921 Deo
1797 1869 1862 1920 nati
1872 1877 1935 1922 sust

241 1950 384 2018 euangelio
402 1953 532 2007 declarm
548 1953 697 2007 Dominus.
726 1951 910 2025 Augustinus
928 1949 976 2005 lib.
996 1955 1020 2004 4.
1036 1949 1071 2002 de
1097 1950 1161 2006 Joh.
1184 1956 1210 2019 1,
1234 1966 1260 2003 v.
1282 1957 1369 2008 12.et
1391 1957 1428 2006 13.
1464 1953 1628 2006 Invertimus
1647 1952 1734 2023 igitur
1752 1956 1935 2022 comparatio

241 2033 317 2108 bapt
330 2043 426 2092 contm
437 2037 539 2095 Donat.
558 2056 581 2095 c.
594 2045 641 2095 ιιι
662 2041 728 2093 Noa
741 2039 836 2093 dubsto
849 2037 1072 2091 catechumenum
1098 2054 1169 2093 nem.
1206 2036 1444 2101 Quemadmodum
1472 2037 1563 2093 infans
1587 2037 1722 2097 formatus
1748 2046 1778 2093 et
1794 2048 1878 2095 natus
1896 2049 1937 2097 est

241 2123 409 2178 catholicum
427 2126 526 2180 dimna
546 2127 662 2180 certate
677 2126 848 2195 flagrantem
868 2124 1007 2176 boemico
1026 2123 1072 2174 bo·
1099 2128 1164 2177 actu
1183 2123 1273 2192 homo,
1292 2125 1332 2178 sic
1350 2124 1542 2179 catechumeni
1559 2123 1655 2179 fideles
1674 2131 1740 2178 actu
1752 2133 1864 2181 suntcx
1877 2128 1936 2184 Dec

235 2210 344 2279 ptisato
366 2218 550 2279 anteponere,
575 2214 626 2265 scd
650 2213 732 2265 etiam
754 2213 784 2264 in
803 2212 868 2281 ipso
887 2211 962 2264 intus
980 2208 1073 2262 callo·
1096 2209 1185 2264 renati
1204 2226 1238 2264 ac
1254 2211 1370 2280 proinde
1389 2212 1474 2265 etiam
1492 2216 1557 2265 actu
1570 2211 1673 2266 suntin
1687 2200 1816 2269 ecclesis.
1849 2221 1874 2271 3.
1886 2215 1936 2268 Εο·

240 2295 297 2350 lica
315 2296 414 2350 bonmn
433 2298 653 2352 concinnentem
675 2300 750 2353 malo
771 2299 911 2366 baptisato
929 2296 1072 2365 anteprcai·
1097 2295 1181 2351 clesia
1201 2303 1244 2351 est
1260 2304 1355 2352 coetus
1373 2302 1551 2351 evocatorum
1569 2298 1676 2352 scilicet
1693 2314 1726 2353 cx
1740 2300 1837 2354 mundi
1851 2302 1936 2357 colla·

239 2399 308 2436 mus.
350 2383 436 2438 Ibid:
463 2385 523 2438 Nec
546 2392 724 2439 sacramento
748 2384 926 2453 baptismatis
947 2384 1073 2448 facimus
1097 2383 1141 2438 vie
1167 2382 1202 2437 ad
1220 2383 1323 2438 Christi
1342 2383 1562 2438 communionem
1580 2390 1609 2438 et
1625 2384 1749 2440 salutem.
1784 2386 1852 2442 lam
1871 2404 1935 2443 vero

239 2469 386 2538 injurians,
405 2488 466 2523 cam
485 2471 606 2541 aliquem
627 2472 848 2525 catechumenum
867 2471 964 2539 aliptae
983 2471 1072 2540 bapti·
1098 2468 1194 2524 fideles
1213 2469 1406 2524 catechumeni
1425 2476 1489 2524 acta
1510 2476 1575 2523 sunt
1595 2470 1701 2525 evocati
1720 2487 1753 2526 ex
1775 2475 1881 2530 mundo
1901 2475 1936 2530 ad

239 2563 301 2610 suto
319 2556 475 2620 fideliorem
492 2558 687 2627 melioremque
708 2559 907 2626 copnoscimus,
927 2562 980 2612 etc.
1010 2557 1073 2610 Me·
1100 2555 1202 2611 Christi
1225 2555 1410 2626 cognitionem
1435 2571 1469 2608 ac
1493 2555 1725 2623 communionem,
1758 2575 1792 2612 ex
1814 2561 1935 2615 tenebris

240 2643 297 2696 lior
309 2651 349 2696 est
361 2640 509 2697 Cornelius
520 2645 644 2697 centrata
657 2646 781 2698 nondum
794 2645 949 2714 baptisatus
962 2643 1074 2697 Simone
1100 2642 1136 2696 ad
1158 2642 1262 2704 lucem,
1286 2657 1319 2694 ex
1341 2657 1428 2712 regno
1453 2640 1557 2697 diaboli
1583 2643 1620 2697 ad
1646 2660 1763 2715 regnum
1788 2646 1935 2701 coelorum.

240 2745 323 2796 mago
343 2729 494 2798 baptisato,
512 2730 564 2782 iste
582 2729 655 2782 enim
674 2738 702 2783 et
719 2736 784 2783 ante
801 2729 968 2798 baptismum
985 2729 1074 2798 reple·
1099 2726 1174 2800 Ergo
1200 2726 1282 2782 efiam
1301 2737 1366 2780 actu
1384 2728 1492 2782 suntin
1513 2726 1636 2783 ecclesia
1671 2735 1696 2785 4.
1715 2729 1760 2783 1111
1781 2732 1831 2802 qui
1850 2734 1935 2789 eccle

242 2820 285 2867 aar
306 2814 365 2879 suit
385 2815 496 2884 Spiritu
513 2822 623 2882 sancto,
647 2814 696 2867 ille
717 2821 822 2882 etpost
841 2815 1007 2883 baptismum
1024 2817 1074 2868 im·
1101 2813 1157 2869 siae
1180 2819 1384 2885 aggregantur,
1408 2818 1474 2867 sunt
1496 2813 1526 2868 in
1544 2814 1648 2885 duplici
1668 2814 1835 2871 differentia.
1873 2818 1936 2883 Qui·

144 2907 182 2950 ιι.
195 2907 228 2950 st
241 2902 346 2955 mundo
369 2900 473 2970 spiritu
489 2902 612 2970 inflatus.
646 2906 727 2957 tract.
750 2907 773 2956 t.
792 2901 820 2954 in
834 2898 946 2957 lohan:
971 2902 1076 2956 dicturi
1102 2901 1165 2954 dam
1192 2900 1264 2954 enim
1287 2916 1343 2954 uno
1367 2900 1519 2971 eodemque
1542 2906 1666 2971 tempore
1690 2908 1718 2957 et
1739 2902 1855 2958 verbum
1873 2923 1937 2960 vera

175 3013 181 3027 ·
243 2993 323 3040 oraru
340 2987 434 3056 aliqui
444 2986 474 3040 ia
488 2987 607 3040 ecclesia
619 2986 780 3040 eccelsicrie
791 2987 901 3055 gratiae
913 2988 1074 3041 catechumi.
1100 2986 1157 3041 fide
1167 2987 1314 3058 recipiunt,
1326 2993 1355 3041 ct
1364 2986 1538 3057 baptismatis
1552 2994 1754 3044 sacramentum
1766 2990 1937 3063 suscipiunt3

242 3073 292 3128 Rt
315 3074 386 3127 enim
411 3073 582 3143 aliquando,
604 3080 637 3126 ut
660 3073 759 3127 videas
782 3074 1004 3128 catechumenum
1028 3076 1075 3128 ab·
1102 3073 1216 3145 quidam
1233 3090 1298 3127 vero
1317 3080 1462 3145 postquam
1479 3073 1595 3129 verbum
1611 3074 1667 3130 fide
1695 3084 1873 3146 receperunt,
1898 3087 1937 3134 ta·

241 3160 386 3214 stinentem
410 3160 445 3213 ab
464 3160 541 3214 omni
556 3159 715 3224 concubitu,
740 3161 956 3226 valefacientem
973 3162 1076 3230 seculo,
1101 3177 1165 3215 men
1182 3158 1349 3230 baptismum
1368 3178 1423 3215 non
1442 3161 1595 3231 suscipiunt
1606 3164 1651 3217 vel
1663 3163 1828 3218 necessitate
1841 3167 1938 3232 coacti,

241 3248 442 3303 rmuntienlem
458 3248 583 3301 omnium
594 3264 667 3316 quas
674 3248 847 3317 possidebat,
867 3249 1076 3303 alamannum
1102 3255 1133 3302 ut
1150 3246 1222 3302 latro
1243 3246 1272 3301 in
1293 3263 1389 3314 cruce,
1418 3253 1553 3319 martyres
1572 3253 1637 3303 ante
1656 3246 1826 3320 baptismum
1847 3269 1936 3308 susce-

236 3335 419 3406 pauperibus,
438 3342 463 3387 et
481 3336 691 3388 cmecbomenus
708 3341 755 3398 est,
774 3335 926 3388 instructus
942 3343 981 3388 est
993 3336 1076 3389 etiam
1102 3340 1180 3402 ptum
1207 3333 1242 3387 ad
1266 3333 1403 3404 supplicia
1425 3334 1498 3405 rapti
1522 3340 1573 3388 etc.
1615 3336 1658 3389 vel
1682 3334 1770 3390 libera
1794 3337 1937 3394 voluntate

234 3423 317 3489 sorte
336 3421 469 3475 doctrina
486 3421 611 3475 salutari
626 3438 715 3491 supra
734 3422 836 3475 mabar
847 3422 955 3485 fideles.
984 3422 1074 3490 (Quod
1103 3421 1193 3490 ducti,
1217 3427 1249 3474 ut
1265 3421 1467 3486 catechumeni,
1487 3437 1603 3492 quorum
1622 3420 1777 3490 baptismus
1798 3423 1936 3496 inprimi·

241 3523 306 3562 rero
320 3507 494 3577 Augustinus
506 3506 556 3560 tali
568 3506 774 3574 catechumeno,
792 3507 845 3562 nisi
859 3507 895 3561 ad
907 3507 1074 3578 baptismum
1102 3508 1160 3560 tiva
1178 3507 1295 3561 ecclesia
1314 3505 1494 3562 differebatur
1510 3525 1598 3578 nsque
1617 3508 1654 3560 ad
1666 3515 1813 3578 paschatos
1825 3510 1936 3582 festum,

241 3592 349 3660 veniat,
372 3592 475 3647 ibidem
496 3592 612 3647 salutem
633 3594 770 3663 denegat,
793 3593 844 3647 hoc
864 3593 1075 3666 intelligendum
1102 3599 1135 3647 ut
1152 3592 1324 3661 Ambrosius,
1346 3593 1393 3663 qui
1411 3591 1533 3646 nondum
1551 3593 1709 3663 baptizatus
1727 3612 1745 3648 a
1764 3597 1868 3666 populo
1881 3599 1935 3654 ble-

242 3678 278 3734 de
295 3682 435 3732 contemtu
455 3677 594 3749 baptismi,
614 3679 636 3732 si
658 3679 729 3732 enim
750 3678 912 3750 simpliciter
930 3679 965 3735 de
984 3680 1075 3749 priva·
1102 3678 1255 3733 diolanensi
1273 3678 1311 3732 ad
1329 3678 1519 3750 episcopatum
1538 3687 1652 3734 vocatus
1674 3687 1716 3734 est
1733 3682 1871 3740 referente
1890 3686 1936 3741 So·

242 3764 318 3820 tione
341 3762 472 3834 baptismi
495 3764 524 3817 in
550 3779 616 3817 casu
640 3764 813 3819 necessitatis
839 3766 1025 3835 acciperetur,
1047 3773 1076 3821 et
1102 3771 1177 3820 crate
1201 3764 1218 3818 l
1239 3770 1264 3822 4.
1287 3781 1311 3822 c.
1335 3771 1376 3820 25.
1400 3772 1433 3819 ut
1451 3764 1678 3832 Valentinianus,
1707 3768 1754 3838 qui
1774 3777 1936 3840 praereptus

243 3849 403 3921 Scripturas
432 3855 461 3905 et
485 3849 595 3905 veritati
622 3856 650 3904 et
673 3848 724 3903 sibi
752 3849 818 3919 ipsi,
845 3850 900 3905 imo
923 3852 1005 3906 etiam
1022 3853 1075 3924 ipsi
1102 3856 1159 3916 est,
1186 3857 1334 3923 antequam
1361 3852 1511 3921 susciperet
1530 3850 1697 3923 baptismum
1717 3855 1855 3911 referente
1872 3858 1936 3913 Am·

243 3937 411 3993 Bellarmino
427 3941 603 4008 repugnaret.
639 3935 686 3992 Sic
702 3936 774 3991 enim
793 3936 890 3991 scribit
901 3938 1075 4010 Augustinus
1102 3938 1194 3995 brosio
1215 3938 1244 3992 ιιι
1270 3938 1393 3993 oratione
1413 3938 1447 3991 de
1466 3938 1552 4008 ipsius
1572 3938 1657 3996 obitu.
1693 3939 1754 4008 1111,
1781 3941 1937 4014 dequibus

243 4023 305 4079 libr.
327 4029 352 4079 l.
371 4029 467 4079 contm
484 4022 623 4079 Donatist.
643 4038 667 4077 c.
687 4028 735 4078 ιιι
758 4024 875 4077 Invenio
894 4041 950 4077 aon
969 4032 1076 4079 tantum
1104 4026 1193 4080 Lucas
1209 4024 1273 4079 Act
1293 4031 1318 4084 l
1338 4041 1364 4076 v.
1386 4031 1427 4080 11.
1446 4023 1522 4092 dicit,
1543 4025 1618 4097 quod
1636 4027 1757 4098 appositi
1774 4028 1936 4084 fumuntad

239 4111 402 4181 passionem
415 4128 472 4180 pro
489 4112 598 4164 nomine
617 4107 731 4178 Ciristi,
751 4111 784 4163 id
801 4113 879 4179 quod
896 4128 929 4165 es
942 4112 1077 4182 baptismo
1103 4112 1247 4167 ecclesiam
1274 4109 1567 4182 Hierosolymitanam,
1589 4113 1730 4184 pertinent
1757 4114 1794 4168 sd
1817 4116 1935 4187 priorem

244 4199 355 4264 deerat,
379 4196 512 4267 supplere
529 4212 627 4265 posse,
652 4198 705 4250 sed
722 4198 805 4250 enam
816 4198 905 4267 fidem
923 4201 1076 4254 consensio-
1101 4198 1232 4268 classem,
1257 4198 1359 4252 diserte
1376 4197 1449 4250 enim
1470 4197 1505 4252 de
1522 4198 1577 4252 illis
1595 4199 1710 4269 dicitur,
1729 4204 1808 4271 meod
1816 4220 1935 4287 recepe·

244 4300 359 4353 memores
377 4283 484 4345 sordis,
506 4300 532 4335 ss
528 4283 626 4348 forte
646 4285 687 4336 ad
703 4283 897 4338 celebrandum
916 4267 1076 4354 mysterium
1102 4286 1161 4339 rint
1186 4301 1339 4339 ammonem
1363 4289 1389 4336 et
1412 4284 1547 4353 baptizati
1561 4285 1626 4353 sint
1642 4268 1834 4357 praedicatum
1851 4289 1936 4362 igitur

244 4368 404 4440 baptr'smi'
392 4386 421 4421 m
438 4369 577 4438 angustiis
595 4376 748 4437 temporum
766 4372 896 4424 amoueri
912 4380 1075 4442 neapotest
1102 4372 1172 4426 illud
1204 4373 1414 4445 προσετέθησαν
1441 4369 1616 4426 referendum
1650 4377 1692 4427 est
1724 4375 1760 4427 ad
1789 4381 1936 4448 utrumque

243 4456 281 4511 Et
298 4459 410 4527 postes.
431 4454 569 4516 Quantum
586 4456 680 4509 valeat
698 4457 782 4509 etiem
794 4457 854 4511 sine
864 4458 971 4511 visibili
980 4474 1076 4513 sacra·
1102 4459 1256 4515 membrum
1272 4457 1449 4528 praecedens,
1469 4458 1504 4512 ad
1522 4459 1708 4530 receptionem
1719 4461 1824 4517 scilieet
1836 4480 1936 4518 sermo·

242 4549 333 4597 mento
354 4541 498 4609 baptismi,
511 4543 594 4610 ,meod
612 4542 654 4594 ait
671 4543 830 4611 apostolus,
848 4546 932 4598 corde
952 4548 1077 4599 creditur
1103 4545 1145 4598 nis
1164 4543 1306 4614 apostolici
1325 4559 1375 4612 per
1392 4558 1486 4597 veram
1503 4542 1586 4599 fidem
1610 4550 1638 4600 et
1664 4546 1700 4599 ad
1726 4545 1858 4617 baptismi
1878 4567 1935 4604 sm·
1949 4541 1978 4582 st
1992 4556 2002 4571 ‘¹

244 4627 443 4696 adjustitiam,
462 4642 509 4679 ore
530 4635 622 4679 autem
634 4629 671 4696 fit
688 4630 829 4694 confessio
849 4631 1028 4697 adsalutem,
1047 4634 1077 4686 in
1102 4629 1271 4700 ceptionem,
1291 4645 1343 4700 per
1366 4646 1448 4700 quem
1471 4635 1500 4685 et
1521 4629 1590 4685 fides
1614 4631 1641 4685 in
1667 4632 1797 4688 cordibus
1823 4633 1936 4690 illorum

243 4715 296 4769 illo
315 4715 425 4768 latrone
443 4714 619 4768 declaratum
637 4723 690 4779 est,
713 4719 765 4769 sed
782 4725 839 4770 tum
858 4717 991 4786 impletur
1008 4720 1077 4773 iaci-
1103 4716 1252 4786 obsignata
1275 4721 1303 4770 et
1324 4716 1447 4784 receptio
1470 4716 1519 4771 illa
1543 4716 1571 4770 in
1590 4723 1700 4773 coetum
1719 4720 1852 4776 ecclesiae
1874 4736 1936 4779 ‹mn-

244 4801 373 4868 sibiliter,
391 4818 452 4854 cum
471 4799 631 4868 mysterium
651 4800 781 4871 baptismi
797 4820 853 4856 non
872 4811 1022 4857 contemtus
1033 4822 1076 4858 rs·
1103 4802 1213 4857 firmata
1227 4801 1289 4855 fuit.
1326 4808 1350 4860 5.
1369 4802 1449 4866 Quod
1467 4820 1531 4858 vere
1542 4804 1642 4858 attinet
1655 4805 1725 4874 illos,
1744 4805 1792 4877 qui
1804 4824 1871 4862 vera
1882 4808 1936 4864 fide

245 4889 374 4959 lipionir,
399 4889 452 4941 sed
474 4886 613 4940 articulus
636 4888 811 4942 necessitatis
835 4889 972 4945 meludat.
1013 4889 1077 4945 Bel·
1102 4888 1211 4943 interna
1230 4888 1347 4958 praediti
1364 4895 1429 4943 sunt
1444 4905 1535 4961 neque
1548 4896 1642 4946 umen
1659 4891 1835 4962 baptismatis
1848 4911 1936 4950 sacru

244 4973 377 5030 aruimus
395 4973 477 5028 etiam
494 4972 547 5028 hoc
565 4973 625 5028 loco
645 4973 780 5041 concedit,
796 4976 1002 5030 catechumenos
1019 4991 1075 5029 esse
1102 4978 1226 5028 mentum
1252 4974 1345 5028 statim
1369 4975 1536 5046 suscipiunt,
1560 4975 1601 5028 illi
1627 4976 1650 5030 si
1676 4978 1746 5031 citra
1769 4986 1937 5037 contemtum

245 5061 344 5126 tidelis
361 5069 386 5116 et
403 5061 514 5115 salvari
525 5078 618 5130 posse,
636 5062 663 5115 si
680 5063 839 5115 moriantur
855 5061 886 5114 in
904 5079 935 5115 eo
951 5070 1034 5117 statu.
1103 5060 1155 5116 hoc
1181 5066 1355 5117 sacramento
1380 5062 1425 5117 rel
1449 5062 1612 5132 aliquandiu
1629 5063 1675 5116 vel
1692 5081 1780 5136 nsque
1798 5067 1834 5120 ad
1855 5067 1937 5124 finem

118 5153 206 5195 asuss·
282 5153 321 5202 55.
357 5148 517 5213 Videamus,
536 5148 636 5219 quibus
655 5149 826 5220 argumentis
844 5165 938 5203 omnes
956 5165 1011 5202 non
1028 5147 1077 5202 ba·
1103 5147 1177 5202 vitae
1201 5148 1358 5218 priventur,
1381 5165 1436 5203 non
1461 5144 1525 5201 sunt
1546 5147 1657 5204 dicendi
1676 5167 1735 5205 esse
1755 5159 1833 5207 extra
1853 5156 1937 5210 eccle

118 5205 232 5304 iffi?
244 5235 364 5305 ptitatos
385 5234 421 5290 ab
446 5234 563 5290 ecclesia
585 5235 715 5290 excludat
738 5234 930 5289 Bellerminun
966 5235 1078 5290 Certum
1105 5234 1182 5300 siam,
1199 5234 1389 5306 quiarerbnm
1400 5233 1454 5288 Dei
1471 5233 1622 5301 audiunt'
1613 5252 1643 5289 m
1656 5234 1795 5291 Christum
1811 5241 1936 5308 credunt,

118 5314 219 5401 :mh-
245 5326 286 5374 cst
308 5319 429 5391 (iuquit),
452 5323 660 5376 catechumenos
675 5338 731 5375 non
749 5337 809 5374 ease
829 5322 858 5373 in
876 5321 995 5374 eeclesia
1013 5327 1078 5372 actu
1104 5338 1151 5375 ore
1171 5337 1233 5375 eum
1253 5320 1427 5384 confitentur,
1445 5318 1566 5373 debitam
1585 5323 1765 5377 reverentiam
1787 5324 1937 5382 ministerio

118 5412 218 5463 aristus
246 5407 421 5474 etproprie,
440 5409 616 5461 sedtentum
634 5405 822 5477 inpotentia,
841 5407 978 5475 memorie
996 5406 1077 5458 tomo
1104 5412 1260 5478 praestant,
1286 5406 1398 5478 quidam
1423 5404 1505 5460 stiam
1525 5422 1620 5461 eoram
1639 5408 1839 5464 confessionem
1860 5429 1936 5467 suam

119 5464 315 5557 fffflg'em
246 5496 401 5559 emmam
418 5493 470 5545 ,ea
489 5495 611 5547 „ondam
627 5493 771 5556 formatus
790 5499 816 5545 st
832 5499 915 5544 natus
933 5508 989 5545 aon
1009 5491 1078 5545 aret
1105 5493 1240 5565 sanguine
1262 5493 1426 5564 obsignant,
1452 5507 1522 5563 quos
1546 5493 1662 5562 proinde
1685 5494 1714 5549 in
1737 5495 1856 5552 ecclesia
1878 5515 1937 5554 esse

120 5566 228 5613 scelests.
246 5584 293 5635 Μ
311 5574 392 5637 tom
414 5576 473 5641 Μ·
496 5577 525 5634 1⁶„
546 5578 686 5648 potamia
725 5577 802 5636 Nam
824 5575 943 5644 mimus
959 5575 1022 5632 Ast.
1043 5580 1077 5632 2:
1104 5594 1187 5636 mo
1204 5592 1309 5650 negare
1326 5575 1436 5649 pettit·
1471 5582 1497 5635 fi
1516 5577 1936 5641 Neltndaefitmbbtdlttln·
