4004 6022
240 296 299 352 3011
806 287 929 346 Locus
946 285 1150 345 VIOESIMUS
1169 286 1366 344 SECUNDUS

236 441 372 512 prolapsis
396 441 575 497 secessionem
594 442 714 510 faciunt,
734 443 901 498 schismatici
920 448 1067 511 mereunt,
1092 457 1156 495 vera
1174 441 1254 512 relig.
1272 457 1295 497 c.
1314 448 1346 496 t:
1367 442 1458 512 Saepe
1475 442 1543 494 111111
1562 442 1659 495 divina
1673 443 1868 510 providentia,
1883 458 1925 497 ec-

237 528 304 597 quis
322 528 357 581 ad
380 527 523 583 ecclesiam
541 527 704 582 catholicam
721 529 773 583 hac
791 531 900 585 ratione
916 535 1066 585 nnnseunr.
1090 527 1165 594 pelli
1182 529 1218 581 de
1236 529 1452 596 conprcpations
1473 527 1637 582 Christiana
1648 529 1734 582 etism
1746 530 1833 583 tonos
1843 529 1927 596 enos,

238 620 262 669 2.
287 614 430 670 Pontificio
455 614 573 668 Romani
594 615 623 668 in
641 615 797 670 universam
817 615 961 672 ecclesiam
982 616 1066 671 domi·
1093 631 1176 681 quam
1200 614 1395 667 contumeliam
1419 613 1464 668 cel
1489 615 1627 684 injuriam
1645 633 1725 668 nram
1742 633 1805 669 cum
1816 617 1926 686 patien-

237 706 319 756 uatus
338 718 370 755 ex
391 700 538 771 Scripturis
558 701 642 756 sacris
660 702 772 772 probari
788 703 892 774 nequit.
923 702 999 773 Ergo
1010 719 1067 756 uon
1092 699 1196 752 tissime
1214 717 1272 768 pro
1291 700 1424 754 scrinias
1438 716 1513 769 poce
1531 700 1660 763 tulerint,
1679 719 1766 770 neusse
1785 703 1865 756 uitas
1880 721 1926 757 nc

237 793 301 841 sunt
318 787 410 841 statim
428 787 608 856 schismatici,
628 789 676 859 qui
694 790 792 843 uolunt
809 788 922 844 subesse
941 790 1066 843 Romano
1091 784 1190 838 onmes
1214 787 1259 839 oei
1284 787 1442 839 schismatis
1467 787 1509 841 oet
1539 787 1665 840 haeresis
1692 788 1785 842 moliti
1804 790 1927 856 suerint,

236 871 375 943 pontifici,
407 874 568 943 pracsertim
599 875 635 928 ad
664 875 790 930 haereses
822 881 850 930 et
880 874 1065 930 idololatriam
1092 872 1228 925 doceinmt
1246 873 1378 940 homines,
1397 891 1481 942 msam
1498 891 1563 926 cero
1582 876 1684 943 affectu
1702 883 1728 929 st
1744 883 1854 943 quanta
1873 877 1928 929 sin·

235 958 353 1028 cogenti.
403 966 426 1014 3.
444 958 617 1031 Quandoque
640 961 740 1031 integri
766 965 860 1015 coetus
885 960 1066 1015 adhaerentes
1091 957 1207 1010 caritate
1232 958 1363 1012 sanitato
1382 961 1445 1013 Deo
1464 961 1640 1013 osmundum
1658 962 1703 1014 sit.
1738 960 1928 1033 Hieronymus

235 1044 292 1097 suis
318 1045 475 1114 pastoribus
498 1062 516 1100 a
539 1063 568 1101 sc
591 1054 687 1101 mutuo
711 1047 879 1111 avelluntur,
906 1063 957 1101 nec
973 1052 1064 1100 tamen
1090 1043 1119 1096 iu
1136 1060 1159 1098 e.
1181 1049 1220 1100 16.
1240 1044 1355 1098 Matth.:
1376 1047 1459 1099 Hunc
1477 1047 1568 1100 locum
1584 1048 1712 1116 episcopi
1728 1055 1755 1101 et
1770 1048 1930 1116 presbyteri

234 1130 327 1186 statim
351 1130 423 1185 fiunt
446 1131 621 1188 schismatici.
664 1134 706 1188 De
727 1134 841 1189 Victore
863 1134 993 1203 episcopo
1010 1132 1065 1187 Ro-
1091 1147 1146 1182 non
1164 1131 1350 1199 inteilipentes
1368 1133 1483 1201 alicuid
1498 1134 1554 1186 siti
1564 1135 1599 1187 de
1613 1133 1838 1189 Pharisaeorum
1850 1152 1927 1189 meu

234 1234 316 1272 mano
339 1225 473 1273 memorat
491 1220 591 1274 Euseb.
615 1220 663 1277 lib.
685 1227 709 1276 5.
729 1220 791 1276 hist.
811 1238 835 1274 c.
855 1225 896 1276 23.
915 1220 989 1291 quod
1003 1236 1064 1289 pro-
1091 1223 1168 1268 munt
1184 1218 1352 1285 supercilio.
1379 1226 1409 1271 ut
1429 1221 1563 1272 damnent
1581 1220 1740 1274 innocentes
1758 1221 1802 1275 oei
1820 1222 1929 1275 soluere

234 1310 297 1373 pter
329 1306 542 1360 controversiam
580 1307 614 1362 de
648 1312 772 1378 ternpore
806 1307 946 1378 paschatis
980 1305 1065 1360 totius
1091 1317 1121 1354 te
1140 1304 1238 1356 norim
1256 1305 1436 1368 arbitrentur,
1456 1322 1518 1358 tum
1537 1309 1617 1375 apud
1636 1308 1728 1360 Deum
1746 1324 1804 1359 utu
1822 1316 1928 1361 senem

234 1389 320 1445 Asiae
345 1391 486 1460 paroecias
513 1409 653 1447 unacum
677 1394 775 1449 vicinis
792 1394 915 1449 ecclesiis
931 1400 1065 1463 unquam
1091 1387 1132 1440 tio
1149 1390 1335 1457 sacerdotum,
1353 1392 1405 1443 sed
1421 1408 1533 1446 reorum
1549 1393 1607 1446 cita
1619 1401 1782 1461 quaeratur.
1808 1392 1841 1449 C.
1856 1409 1928 1449 eom·

233 1475 325 1530 aliena
361 1478 512 1533 sentientes
543 1495 560 1532 a
588 1481 787 1534 communionis
818 1481 926 1534 unitate
957 1479 1065 1534 abscin·
1091 1473 1212 1544 peritum
1235 1491 1259 1528 c.
1279 1481 1320 1531 24.
1342 1493 1368 1546 q.
1388 1482 1417 1533 3:
1445 1477 1726 1538 detitescentem
1745 1482 1928 1534 escommuni·

235 1561 300 1617 dere
318 1569 433 1618 conatus
450 1564 541 1620 fuerit.
578 1565 633 1621 Sed
651 1566 773 1636 episcopi
793 1566 933 1638 Europae,
960 1571 992 1620 ut
1010 1566 1066 1620 Ire·
1092 1568 1146 1624 0⁰²,
1159 1562 1632 1630 seipsumnonillnmcondemnat
1661 1566 1839 1620 humbaudus
1847 1565 1927 1624 libi.

234 1666 320 1705 naeus
340 1655 369 1704 et
388 1650 443 1713 alii,
462 1667 514 1706 nee
526 1651 679 1706 &marram
692 1670 743 1708 nec
756 1654 909 1708 Asiaticam
922 1652 1065 1709 eeclesiam
1092 1651 1160 1704 sent.
1181 1647 1244 1703 dist.
1263 1654 1304 1704 18.
1324 1646 1351 1723 fi.
1364 1649 1406 1704 H:
1429 1649 1504 1713 Quos
1516 1655 1668 1706 secundum
1681 1652 1783 1706 merita
1793 1656 1929 1709 scamna

231 1735 397 1808 judicabant
420 1738 514 1791 statim
537 1754 597 1794 esse
620 1740 836 1810 schismaticam,
864 1741 931 1812 quia
954 1744 1065 1794 etcum
1092 1734 1226 1788 menuae
1244 1738 1392 1804 percellit,
1415 1736 1524 1806 laedi&
1551 1747 1577 1793 ei
1601 1740 1651 1792 iili
1670 1740 1749 1807 s0r1'8
1766 1749 1833 1794 timi
1850 1744 1929 1811 apud

139 1839 175 1879 111.
189 1811 348 1882 rn'viemre
376 1824 593 1880 communionem
621 1825 750 1881 colebant
775 1833 802 1880 et
824 1826 861 1880 ab
879 1825 1065 1880 Asiaticorum
1093 1823 1203 1891 Deum,·
1227 1824 1277 1893 qui
1301 1833 1392 1878 auum
1413 1843 1469 1878 non
1491 1827 1603 1894 menie,
1628 1829 1766 1880 sententia
1792 1829 1927 1883 1111111111

235 1908 426 1964 communione
448 1927 503 1965 non
529 1911 720 1973 abstinebant,
749 1913 823 1982 quod
850 1929 905 1966 uon
927 1911 1065 1978 fecissent,
1091 1925 1146 1960 non
1160 1909 1294 1977 laeddur,
1313 1911 1371 1964 nisi
1384 1914 1557 1966 condemnat.
1581 1913 1664 1969 Unde
1676 1913 1827 1985 Origenes:
1848 1915 1927 1969 Exiit

234 1995 258 2049 si
284 1995 444 2050 altemtram
470 1997 672 2053 schismaticum
695 1999 876 2068 judicassent.
912 2005 936 2054 4.
955 1998 1008 2062 Qui
1029 1996 1065 2051 ob
1092 1994 1155 2062 quse
1175 2012 1193 2047 a
1210 1996 1337 2060 ueritate,
1361 2015 1380 2050 a
1397 1999 1468 2067 fide,
1486 2016 1505 2051 c
1526 2000 1656 2066 samiam,
1674 2016 1727 2069 per
1743 2000 1796 2053 hoc
1815 2003 1873 2054 ecit
1892 2004 1926 2055 de

233 2081 353 2154 alicujus
370 2083 440 2137 ritus
454 2083 638 2140 differentiam
649 2086 694 2140 rel
705 2085 842 2155 dogmatis
853 2085 1064 2140 fundamentum
1091 2081 1192 2133 consu
1212 2082 1358 2144 sociemus,
1377 2084 1490 2137 etiamsi
1507 2085 1634 2154 epicopi
1650 2102 1715 2140 occe
1733 2104 1790 2140 non
1807 2088 1927 2156 abjicia-

233 2168 332 2222 salutis
356 2186 411 2224 non
428 2172 617 2226 concernentia
637 2171 848 2241 discrepantiam
867 2187 884 2224 a
901 2186 931 2226 ss
948 2170 1065 2226 invicem
1092 2174 1145 2220 tum
1185 2167 1265 2221 stent
1283 2184 1298 2221 e
1316 2177 1414 2222 contra
1437 2170 1542 2239 aliquis
1559 2189 1615 2225 non
1632 2173 1833 2241 ressojndicio
1845 2175 1929 2236 forat

234 2254 381 2324 dissident,
413 2274 469 2312 non
496 2257 621 2328 protinus
650 2258 771 2313 habendi
797 2263 863 2312 sunt
889 2257 1065 2325 schismatici,
1092 2254 1218 2317 mittitrm
1236 2255 1288 2307 scd
1304 2255 1332 2307 si
1348 2274 1405 2310 non
1425 2258 1487 2325 epit,
1506 2266 1536 2310 nt
1546 2260 1782 2327 mercatoresire
1801 2279 1860 2315 non
1873 2261 1928 2314 lae

232 2341 315 2396 modo
345 2341 410 2397 fidei
436 2349 464 2397 et
488 2343 611 2398 canutio
636 2345 743 2399 unitate
766 2350 896 2398 maneant
917 2343 1064 2412 conjuncti.
1092 2341 1177 2393 soar.
1212 2340 1359 2395 Interdum
1376 2343 1448 2396 enim
1466 2345 1516 2412 qni
1530 2346 1614 2409 foras
1632 2346 1766 2413 mittitur,
1785 2348 1863 2401 intus
1881 2355 1928 2415 est,

150 2419 156 2431 ¹
233 2427 382 2484 Glorianus
406 2429 454 2486 lib.
480 2430 515 2484 de
533 2430 678 2486 schismate
695 2446 760 2502 pag.
782 2437 843 2487 181:
868 2432 905 2485 In
920 2431 1067 2485 schismate
1092 2433 1119 2480 et
1142 2427 1193 2495 qui
1213 2427 1291 2490 foris
1310 2434 1364 2491 est,
1384 2429 1461 2482 intus
1478 2430 1588 2482 1111111111
1604 2431 1728 2485 retineri.
1766 2437 1791 2487 2.
1812 2431 1927 2488 Excom·

232 2515 366 2584 simplici,
384 2517 462 2584 quod
477 2516 537 2570 sine
555 2517 618 2570 ulta
636 2519 793 2587 depravata
811 2519 942 2573 doctrina
959 2519 1005 2586 fit,
1025 2518 1065 2570 ita
1093 2512 1315 2583 municstiouem,
1335 2514 1393 2570 sire
1408 2515 1495 2586 justa,
1514 2515 1572 2571 sire
1590 2515 1695 2587 injusta
1711 2517 1756 2585 sit,
1773 2534 1792 2571 a
1807 2534 1928 2574 commu·

233 2608 264 2654 ut
283 2603 441 2671 ambipuum
461 2603 511 2665 sit,
534 2621 553 2654 a
571 2620 625 2673 quo
643 2604 764 2657 schisma
782 2605 841 2668 fiat,
861 2611 1009 2674 anteqrmm
1027 2604 1066 2657 le·
1091 2599 1174 2654 niens
1197 2598 1314 2654 visibilis
1338 2606 1366 2655 et
1386 2601 1561 2671 particularis
1578 2601 1712 2657 ecclesiae
1729 2603 1871 2660 homiuem
1887 2622 1927 2661 se·

233 2687 328 2756 pitina
347 2689 505 2756 judicetur,
532 2690 646 2743 domum
664 2707 719 2742 non
739 2697 794 2756 est,
816 2692 884 2760 quin
901 2691 964 2760 ejus
979 2699 1066 2744 secta·
1091 2702 1191 2756 parare
1213 2701 1293 2740 nemo
1312 2692 1436 2742 noenum
1455 2692 1555 2757 negat,
1582 2689 1657 2758 quod
1675 2687 1764 2743 solum
1782 2706 1847 2745 cum
1866 2692 1928 2748 Bel·

235 2782 309 2827 tores
334 2776 376 2828 ad
396 2776 542 2829 ecclesiam
559 2777 735 2846 pertineant,
761 2784 792 2829 ut
812 2776 922 2831 Gerson
942 2784 1066 2834 tutator.
1091 2771 1200 2825 lurmini
1218 2778 1382 2844 arguments
1398 2772 1530 2843 probent,
1547 2773 1627 2827 nobis
1647 2773 1759 2830 minime
1779 2777 1927 2833 adversan-

235 2866 259 2915 5.
285 2859 340 2925 Qui
366 2861 503 2916 destinata
527 2878 612 2932 opem
640 2861 676 2916 ab
702 2862 818 2918 enclesis
843 2880 873 2919 ee
896 2864 1008 2931 averet,
1035 2871 1066 2918 ut
1091 2863 1144 2925 tur,
1168 2857 1304 2929 quiahoc
1323 2859 1383 2914 loco
1402 2861 1575 2930 disputamus
1596 2860 1631 2915 de
1650 2861 1927 2933 ecclesiacatholios,

234 2945 353 3001 schisma
386 2946 499 3017 meires,
529 2947 602 3002 sicut
625 2947 749 3002 Marcion
779 2949 853 3019 apud
879 2949 1066 3021 Epiphaniam
1092 2960 1164 3016 quse
1184 2951 1226 2999 est
1241 2945 1422 3017 congregatio
1441 2953 1601 3002 sanctornm
1619 2953 1647 3002 ct
1664 2964 1728 3004 vere
1746 2947 1886 3013 fidehnm.
1909 2969 1926 3006 a

233 3033 308 3089 haer.
336 3038 378 3089 42.
404 3032 505 3088 dixisse
522 3033 665 3089 scribitur:
691 3037 755 3104 Epo
774 3037 903 3090 scindam
922 3036 1065 3090 molosiam
1092 3046 1148 3101 qua
1170 3047 1220 3101 per
1247 3031 1555 3088 excommunicationem
1581 3052 1661 3089 nemo
1687 3042 1845 3106 separatur,
1874 3038 1926 3092 nisi

233 3127 354 3174 vestram
382 3128 407 3174 st
431 3121 541 3174 mittam
569 3121 690 3175 schema
715 3124 744 3176 in
771 3139 831 3176 eam
858 3125 889 3177 in
915 3131 1064 3188 camum,
1091 3116 1168 3187 prius
1185 3133 1216 3170 se
1235 3117 1326 3189 ipsum
1349 3119 1557 3188 impoenitentia
1575 3124 1603 3175 et
1619 3120 1813 3178 incredulitate
1836 3123 1874 3178 ab
1894 3140 1926 3178 ta

234 3205 312 3261 illum
331 3211 428 3278 utpote
450 3207 565 3262 unitatis
589 3208 695 3264 hostem
719 3209 754 3263 ad
773 3209 917 3264 eeclesiam
934 3227 990 3265 non
1008 3228 1065 3266 am·
1092 3204 1268 3275 separaverit
1303 3210 1327 3261 3.
1347 3204 1460 3259 Dictum
1482 3204 1584 3260 Christi
1609 3211 1638 3262 ot
1661 3206 1779 3278 apostoli
1803 3208 1927 3280 loquitur
1938 3216 1999 3261 117²

233 3293 307 3365 plius
323 3293 461 3365 peronem
476 3293 594 3349 libenter
605 3296 790 3363 concedimus,
808 3297 880 3351 sient
890 3296 1064 3368 Epiphanius
1091 3291 1126 3346 de
1146 3291 1427 3346 excommunicatione
1442 3292 1521 3360 jnsts
1536 3309 1569 3346 sc
1588 3292 1623 3347 de
1641 3293 1815 3364 separatione
1834 3295 1871 3349 sb
1884 3313 1926 3351 ec·

234 3379 252 3433 l.
271 3380 297 3433 d.
316 3380 351 3435 de
364 3379 505 3434 Marcione
516 3380 670 3452 subjungit,
687 3382 761 3452 quod
774 3401 830 3436 non
842 3384 995 3446 ecclesiam,
1014 3385 1067 3437 sed
1091 3377 1176 3432 clesia
1193 3376 1360 3448 particulari.
1397 3383 1420 3433 4.
1443 3378 1627 3433 Bellarminus
1643 3379 1758 3434 adducit
1769 3382 1925 3452 exemplum

234 3483 264 3520 ss
284 3466 376 3535 ipsam
400 3473 427 3519 et
447 3483 576 3535 capsaces
599 3485 664 3522 seros
687 3470 813 3524 eciderit.
859 3468 1065 3541 itiAntiquitas
1091 3465 1267 3535 relegationis
1302 3464 1405 3524 civilis.
1444 3466 1518 3537 quod
1548 3471 1641 3520 tumen
1671 3466 1724 3535 ipsi
1753 3467 1924 3524 adversatur.

234 3551 386 3607 haereticos
406 3569 423 3605 a
440 3551 620 3606 schismaticis
638 3553 764 3609 distinxit
780 3573 835 3610 non
851 3571 883 3610 ex
899 3555 955 3611 alia
973 3573 1065 3624 cauas,
1091 3549 1329 3615 Quemadmodum
1350 3551 1423 3605 enim
1441 3557 1470 3605 in
1490 3551 1658 3622 relegatione
1677 3552 1751 3607 civili
1772 3558 1839 3607 sunt
1858 3556 1925 3611 certi

235 3654 318 3710 quam
346 3639 420 3708 quod
444 3638 565 3694 haeresis
590 3642 706 3695 nrando
724 3641 934 3698 fundamentum
951 3643 1017 3699 fidei
1038 3650 1066 3700 et
1091 3637 1208 3707 monn,
1225 3636 1362 3706 siquidem
1380 3636 1466 3707 illini
1485 3637 1520 3690 ad
1539 3643 1646 3691 celtum
1662 3645 1772 3709 temlmi
1790 3639 1926 3697 danim*

234 3723 331 3778 salutis
349 3729 469 3792 evertat3
491 3725 609 3780 schisma
627 3725 726 3780 inillis
745 3728 897 3799 delinquat,
915 3746 986 3799 quse
1003 3730 1064 3786 fun·
1090 3722 1260 3793 relegantur,
1285 3737 1340 3795 (1¹¹0
1362 3728 1460 3778 0¹⁸⁰i0
1479 3724 1527 3793 j1¹⁸
1545 3721 1653 3778 habent
1666 3724 1703 3787 ,in
1721 3725 1819 3780 urbem
1835 3743 1925 3783 mser·

235 3811 393 3865 dementum
410 3810 549 3882 integrum
568 3811 755 3871 cnenmstsnt,
791 3813 827 3871 Ι),
847 3814 1024 3870 nunninus*
1091 3809 1185 3877 tendi,
1215 3811 1263 3880 qui
1290 3828 1345 3865 non
1369 3811 1491 3880 perdunt
1512 3826 1592 3864 omne
1618 3811 1825 3877 commercium,
1851 3815 1925 3885 quod

1091 3894 1165 3949 cives
1187 3897 1259 3950 inter
1282 3912 1311 3950 se
1336 3896 1455 3965 habent,
1481 3896 1568 3967 aliqui
1592 3912 1658 3951 sero
1682 3894 1844 3969 relegantur
1867 3902 1925 3956 sine

548 4005 754 4016 --——-—-
1091 3998 1140 4051 spe
1159 3981 1347 4048 restitutionis,
1368 3997 1484 4052 quorum
1502 3982 1616 4053 quidam
1630 3984 1678 4053 jus
1698 3984 1818 4039 civitatis
1830 3986 1923 4041 adhuc

481 4128 484 4136 ¹
1090 4069 1221 4136 retinent,
1245 4066 1358 4140 quidam
1382 4083 1447 4123 vero
1470 4066 1553 4136 plane
1576 4069 1646 4123 illud
1670 4070 1813 4140 amittunt3
1838 4073 1924 4127 sicin

492 4154 714 4219 SEGTIO
750 4156 806 4217 IV,
914 4201 916 4204 .
1091 4154 1344 4209 excomunicatious
1376 4154 1460 4207 etiam
1483 4159 1548 4207 suut
1569 4155 1638 4208 certi
1662 4156 1779 4226 padus.
1810 4157 1924 4228 quidam

1091 4239 1128 4293 ad
1144 4245 1253 4310 tempus
1271 4239 1407 4294 duntaxat
1424 4255 1442 4292 a
1459 4239 1543 4293 saeris
1562 4241 1700 4310 mysteriis
1717 4249 1857 4309 amentur,
1875 4244 1922 4316 qui

233 4312 300 4377 nu
336 4310 831 4397 uxcouuuuicnurs,
863 4283 930 4380 nu
957 4315 1065 4381 1111
1092 4324 1259 4380 nossem
1278 4325 1925 4399 ,sinnmimmii-ennuntiat,

264 4413 600 4484 PERTINEANT
630 4415 694 4480 ΑΙ)
723 4415 1034 4501 ECCLESIAM.
1093 4411 1319 4468 ecclesiaecivcs.
1356 4417 1379 4466 5.
1394 4411 1447 4475 Qui
1458 4411 1562 4482 injuste
1573 4413 1850 4484 excommunicantur,
1864 4416 1926 4470 illos

356 4558 357 4564 ἵ
1094 4497 1194 4553 salrmi
1211 4512 1293 4569 posse
1305 4497 1433 4551 concedit
1445 4497 1639 4567 Bellarmiuus,
1652 4516 1718 4571 ergo
1728 4518 1783 4556 non
1793 4502 1926 4557 desinunt

109 4599 143 4642 sn
157 4611 196 4642 ss·
270 4589 311 4638 61.
347 4584 604 4639 Excommunicatos
629 4585 656 4638 in
678 4585 794 4640 ecclesis
812 4601 866 4639 non
884 4602 944 4640 esse
961 4585 1067 4642 Beller-
1093 4602 1154 4641 essc
1167 4583 1299 4640 ecelesiae
1310 4582 1442 4638 membra.
1470 4582 1612 4656 Obstrcpit
1624 4585 1743 4656 quidem,
1756 4587 1817 4641 sizo
1829 4591 1871 4642 ad
1880 4606 1927 4642 aa·

108 4663 222 4745 3ξῇ
235 4671 325 4725 minus
350 4687 373 4724 c.
396 4675 419 4726 6.
444 4671 561 4740 probare
587 4677 703 4726 conatur
725 4687 759 4724 ex
781 4670 882 4725 Matth.
908 4677 951 4733 18.
976 4690 1001 4725 v.
1024 4679 1067 4729 11:
1093 4671 1925 4739 iutemsufficersquoddesideriostanimosuntinecciesic,

109 4758 185 4797 ⁸⁶⁰¹*
236 4757 433 4812 acescentem
453 4774 508 4811 non
529 4758 661 4823 audierit,
682 4758 719 4809 sit
738 4757 789 4809 tibi
807 4757 881 4809 velat
901 4760 1025 4812 ethnicus
1043 4768 1069 4813 et
1095 4756 1143 4813 sed
1163 4755 1232 4811 haec
1249 4756 1391 4825 responsio
1410 4761 1453 4810 est
1469 4756 1654 4825 insufficiens,
1679 4775 1761 4815 nemo
1779 4760 1853 4814 enim
1871 4779 1926 4816 ser·

37 4872 39 4876 4
109 4808 179 4907 2¹:2¹1-
232 4845 415 4915 publicanus,
435 4861 468 4898 ac
490 4850 511 4898 1.
530 4842 592 4898 Cor.
613 4847 746 4908 5,v.12:
773 4843 903 4896 Tollatnr
924 4846 959 4897 de
976 4848 1069 4900 medio
1095 4847 1183 4911 satur,
1200 4841 1254 4895 nisi
1273 4841 1377 4912 reispa
1394 4850 1423 4898 et
1439 4849 1505 4897 actu
1523 4843 1560 4898 sit
1577 4842 1611 4897 de
1628 4844 1753 4909 ecclesia,
1769 4846 1925 4901 utdemon-

109 4915 185 4951 Μ’·
235 4937 370 4998 oestrum,
389 4930 439 4998 qui
455 4947 526 4998 opus
546 4931 597 4981 hoc
615 4929 700 4996 fecit,·
720 4946 745 4984 v.
769 4935 813 4984 13:
833 4931 946 4992 assate
963 4931 1069 4984 molum
1095 4934 1211 4983 suatum
1232 4926 1286 4981 init
1311 4929 1445 4998 superius.
1479 4927 1586 4999 injuste
1609 4931 1838 4985 excommunicati
1861 4939 1926 4987 actu

237 5033 270 5071 so
286 5017 361 5071 sotis
378 5018 457 5087 ipses.
498 5014 716 5085 Respondemus:
738 5021 760 5070 1.
783 5014 1009 5088 distinguendum
1028 5024 1070 5073 est
1095 5021 1123 5068 et
1142 5012 1245 5083 reispa
1264 5021 1329 5069 sunt
1346 5015 1470 5069 membra
1487 5014 1596 5070 Christi.
1632 5016 1708 5086 Ergo
1726 5015 1809 5071 cuam
1822 5024 1887 5072 actu
1899 5027 1927 5074 et

237 5103 309 5158 inter
332 5101 641 5158 excommunicationem
668 5102 773 5172 justam
801 5109 830 5157 st
855 5101 994 5173 injustam.
1039 5081 1125 5163 Siise
1148 5099 1209 5168 ipsa
1232 5104 1296 5154 sunt
1317 5099 1441 5156 membra
1459 5101 1600 5156 eeclesiae.
1635 5100 1713 5155 Dicit
1732 5102 1927 5173 Bellarminus,

238 5188 484 5244 excommunicatio
507 5186 593 5241 fuerit
615 5187 733 5257 injusta,
760 5190 837 5259 ejicit
853 5188 965 5261 quidem
984 5187 1068 5243 homi·
1094 5193 1234 5239 crusnam
1252 5188 1527 5241 communicationem
1541 5189 1661 5256 propris
1678 5190 1776 5252 facere
1788 5190 1926 5244 hominem

237 5277 338 5331 minem
356 5292 388 5330 ex
407 5273 524 5329 ecclesis
532 5272 700 5343 particulari,
718 5274 766 5329 sed
779 5275 843 5328 talis
855 5282 1003 5346 propterea
1014 5292 1068 5329 non
1095 5273 1263 5327 deecclesia
1282 5273 1400 5340 emese,
1423 5273 1508 5327 tacite
1526 5273 1610 5344 igitur
1628 5275 1768 5337 concedit,
1787 5277 1880 5333 animo
1899 5282 1928 5332 ct

238 5362 339 5416 desinit
361 5377 421 5417 esse
445 5359 599 5414 membrum
618 5359 751 5415 eeclesiae
768 5359 933 5424 catholicae,
957 5359 1026 5414 Luc.
1044 5364 1069 5423 t,
1094 5357 1203 5413 interna
1232 5359 1479 5415 communicatione
1507 5374 1567 5414 esse
1598 5359 1751 5425 membrum
1780 5362 1926 5419 invisibilis

238 5464 263 5503 v.
282 5452 328 5502 22:
348 5447 434 5499 Beati
451 5447 530 5514 atis,
549 5447 618 5501 ὅταν
637 5446 813 5518 ἀφορίσωσιν
832 5444 911 5519 ὑμᾶς.
943 5444 1007 5502 Joh.
1029 5451 1069 5510 lt,
1094 5445 1227 5501 ccclesiae
1244 5462 1314 5516 eum,
1334 5444 1382 5517 qui
1398 5443 1501 5516 injuste
1520 5446 1778 5501 excommunicatur.
1807 5446 1838 5503 Si
1852 5450 1926 5505 enim

237 5548 262 5587 r.
287 5536 319 5588 2:
345 5532 463 5586 Facient
485 5549 536 5586 oss
560 5529 805 5601 ἀποσυναγώγους.
839 5530 1014 5603 Augustinus
1032 5531 1068 5589 de
1096 5530 1179 5586 datur
1196 5531 1300 5602 duplex
1315 5528 1527 5586 communicabo
1544 5529 1575 5585 iu
1590 5531 1716 5602 meluis,
1732 5533 1831 5606 utique
1842 5536 1925 5592 etiam
