4004 6022
237 225 299 281 494
805 212 927 270 LOCUS
946 208 1150 269 walramus
1169 210 1371 270 SECUNDUS

236 370 394 437 concilium,
410 369 520 423 nauum
536 370 628 422 ciram
645 376 770 421 sanctum
788 367 937 421 miramslis
953 367 1070 432 staram,
1099 365 1190 435 dedit,
1216 366 1292 436 apud
1319 365 1470 424 Baronium
1494 374 1560 423 bom.
1584 373 1608 424 3.
1639 369 1733 425 annal.
1761 369 1801 425 ad
1833 384 1936 425 annum

233 456 422 524 paacimimas
441 458 551 520 doctas,
571 461 599 507 et
618 454 709 507 addit:
737 455 827 506 Maiti
845 461 1012 522 comparant
1030 470 1070 505 ec·
1098 453 1194 506 3593*
1230 452 1318 522 Atqui
1336 470 1403 507 num
1423 462 1572 523 propterea
1590 453 1761 510 Athanasius
1779 455 1866 511 desiit
1879 472 1937 510 csse

237 542 351 594 ciceiam
374 541 516 594 Graecam
536 557 621 605 repna
642 540 808 607 Samariae,
835 542 912 608 qaod
928 538 1071 607 separavit
1098 536 1250 591 membrum
1275 538 1408 592 ecclesiae
1434 538 1605 593 catholicae?
1641 541 1754 595 minime
1776 558 1859 608 vero,
1890 541 1936 596 sed

236 643 266 680 se
288 645 307 679 a
324 627 426 694 templo
443 634 469 677 et
488 627 518 677 in
537 627 727 694 captivitatem
741 635 906 695 perpetuam
925 634 965 678 cst
983 625 1069 678 abda·
1098 639 1148 691 per
1172 640 1249 680 suam
1277 639 1296 678 a
1314 626 1407 695 capite
1424 626 1557 682 ecclesiae
1574 625 1717 681 Romanae
1737 626 1936 683 &sunnam

237 721 318 766 ctam
354 711 396 767 Sit
421 727 488 781 ergo
511 711 637 765 Romana
660 713 776 767 ecclesia
800 711 955 767 Jerusalem
974 718 1002 763 et
1021 728 1070 780 pu·
1097 725 1191 763 veram
1213 726 1276 764 cum
1302 725 1368 765 vero
1392 711 1524 768 acclesiae
1543 712 1696 767 cadrolicae
1715 715 1810 783 capite
1829 713 1935 768 Christo

237 805 278 854 tat
298 798 351 852 sibi
369 798 489 864 dictum,
517 797 591 867 quod
619 806 709 868 eistat
733 798 833 853 Enoch.
855 803 898 860 16,
917 815 943 849 v.
964 804 992 851 5:
1019 796 1071 850 Sa-
1098 793 1211 848 retinnit
1234 795 1372 853 unionem.
1409 795 1564 852 Honorium
1583 795 1805 853 Menothaletam
1824 799 1934 854 damna

238 884 331 937 maria
355 887 505 936 secandum
526 884 675 936 dimidiam
688 893 871 951 peccatoram
888 893 999 937 taoram
1016 901 1072 936 non
1097 878 1138 932 vit
1160 879 1210 936 Vl.
1233 881 1357 950 synodus
1385 880 1692 953 Constantinopolim
1715 892 1770 942 aet.
1797 891 1843 941 lt:
1868 887 1934 940 &a

233 971 363 1039 peccavit
374 976 399 1021 et
409 969 608 1037 multiplicasti
613 986 685 1037 prae
695 970 756 1022 aee
766 969 987 1024 abominationes
998 977 1070 1024 taos,
1096 965 1141 1017 his
1165 968 1250 1020 simul
1273 969 1384 1036 projici
1406 988 1424 1021 a
1446 976 1550 1023 saneta
1567 971 1627 1022 Dei
1649 970 1794 1024 catholiea
1817 972 1934 1024 semesa

237 1060 259 1110 2.
278 1054 341 1110 Non
359 1054 406 1124 qui
425 1072 443 1108 a
460 1070 541 1123 papa,
564 1055 614 1108 sed
634 1055 682 1125 qui
702 1054 842 1110 aChristo
861 1072 922 1110 sese
933 1059 1071 1124 separant,
1096 1052 1235 1120 matrique
1254 1054 1491 1109 anathematizari
1505 1056 1700 1124 praecipimus
1718 1063 1746 1110 et
1765 1057 1935 1124 Honos-ian,

235 1141 366 1196 desinunt
382 1157 441 1195 esse
462 1141 595 1195 ecclesiae
609 1140 742 1208 membra,
763 1142 830 1213 quia
841 1142 1070 1211 caputecclesiae
1098 1139 1147 1205 qai
1162 1139 1260 1201 sacrat
1274 1155 1355 1206 papa
1374 1143 1508 1208 antiquas
1526 1142 1644 1210 Romae,
1663 1158 1694 1195 ea
1706 1145 1787 1210 qnod
1806 1145 1838 1196 ia
1852 1146 1935 1196 omat-

235 1244 290 1282 non
307 1233 350 1281 est
368 1243 451 1297 papa,
470 1227 519 1281 sed
538 1226 670 1290 Christus,
689 1226 790 1284 Johsn.
812 1235 851 1294 lt,
870 1246 896 1281 r.
914 1234 943 1283 ὃς
966 1227 1071 1295 Siquis
1097 1224 1146 1276 has
1165 1223 1262 1291 Seii-pii
1279 1225 1503 1293 (Monothelotae)
1523 1235 1638 1280 mentem
1658 1237 1769 1283 semmaa
1789 1238 1832 1282 est
1850 1239 1875 1282 et
1887 1231 1933 1282 im-

235 1314 266 1366 in
289 1329 331 1365 nm
351 1330 408 1365 aaa
428 1313 575 1380 manserit,
601 1322 709 1366 arescet
725 1322 755 1366 ot
772 1314 891 1382 palmes.
924 1313 1025 1382 Ephes.
1045 1319 1070 1379 4,
1095 1310 1147 1376 pia
1164 1312 1296 1378 dapmata
1315 1313 1498 1379 confirmavit.
1534 1311 1596 1366 Hac
1614 1313 1791 1382 separatione
1808 1332 1828 1368 a
1844 1316 1933 1386 capita
1987 1317 1990 1329 '

236 1417 261 1453 r.
284 1406 328 1454 16:
346 1397 475 1451 Olristas
492 1406 693 1467 casanatae
707 1417 762 1468 qao
781 1408 1070 1467 tatamcoepaseom·
1097 1395 1229 1449 ecclesiae
1256 1395 1399 1451 Romanum
1427 1405 1520 1466 patres
1539 1396 1841 1469 constantinopolitani
1864 1417 1933 1455 com-

231 1493 349 1554 pactam
372 1493 399 1537 et
424 1493 643 1551 eoapmentatam
667 1486 776 1542 cressa.
814 1492 838 1539 3.
863 1485 945 1539 Multi
963 1502 981 1539 a
999 1501 1072 1554 papa
1098 1480 1254 1536 munionem
1271 1481 1444 1536 retinuerunt
1464 1499 1527 1537 cum
1546 1483 1664 1538 ecclesia
1684 1484 1833 1540 catholica.
1869 1488 1933 1541 Pos·

236 1569 349 1624 inerunt
376 1569 471 1635 divisi,
498 1570 545 1641 qui
571 1576 665 1624 tamen
692 1587 759 1624 sera
784 1570 918 1625 ecclesiae
948 1570 1071 1625 membra
1097 1573 1159 1622 sent
1180 1566 1338 1636 hujusmodi
1361 1568 1488 1637 exempla
1512 1568 1593 1638 plura
1615 1569 1725 1635 afferri,
1753 1572 1805 1625 sed
1832 1573 1867 1627 de
1892 1573 1933 1626 his

237 1662 405 1710 manserunt.
442 1654 625 1708 “Lindanus
648 1653 696 1709 lib.
715 1660 740 1709 4.
766 1655 878 1724 panopl.
904 1671 928 1708 c.
949 1660 990 1711 98.
1005 1655 1070 1710 scri-
1097 1652 1164 1706 alibi
1186 1652 1357 1706 commodius
1382 1656 1482 1723 agitur.
1517 1655 1674 1709 Jalaanem
1700 1658 1774 1711 XII.
1800 1659 1933 1715 suadente

236 1740 287 1809 bit,
305 1741 453 1795 ecclesiam
472 1742 644 1804 Africanam
659 1741 693 1794 ab
712 1743 900 1794 centenariam
917 1743 1070 1810 fereeepa·
1097 1736 1170 1792 clero
1198 1737 1323 1792 Romano
1352 1739 1480 1808 deposuit
1508 1742 1571 1794 Otto
1591 1740 1632 1794 Ι.’
1645 1743 1798 1813 imperator
1824 1744 1934 1814 pietatis

237 1829 376 1881 rationem
395 1843 451 1897 per
473 1834 582 1878 centum
605 1826 672 1879 iilos
698 1843 788 1880 annos
806 1828 897 1889 faisse
917 1828 1070 1881 schemati·
1098 1823 1179 1878 laude
1197 1823 1326 1887 illustris,
1352 1824 1464 1879 Platinn
1484 1826 1514 1880 in
1531 1827 1589 1881 vita
1606 1826 1708 1886 tahan.
1733 1830 1829 1884 Leoni
1850 1833 1930 1887 VIIL

237 1931 299 1967 eam
319 1920 403 1981 atque
422 1920 514 1966 atate
535 1912 643 1965 Christi
660 1913 937 1981 conparediaatsam.
965 1913 1071 1968 Bellar-
1098 1909 1188 1964 clerus
1199 1911 1529 1980 populusqueRomanus
1541 1913 1735 1984 pontificatum
1749 1916 1930 1987 abrogabant,

238 2000 328 2054 minus
356 1997 391 2052 de
417 1997 537 2052 matrim.
566 2014 589 2052 c.
618 2004 661 2053 15:
694 2000 800 2053 (ιίαωί
818 2016 847 2052 se
859 1999 1032 2067 jamdudum
1053 2017 1069 2050 a
1098 1995 1170 2050 idem
1180 1995 1208 2048 in
1217 1995 1367 2050 ritaleon.
1375 1997 1656 2054 JohannemXXIII.
1667 2001 1792 2071 synodus
1800 2001 1930 2058 Consan-

238 2087 368 2140 Ramana
384 2084 503 2138 eeclesia
519 2091 729 2150 separaverant.
759 2083 838 2139 Idem
857 2083 904 2138 lib.
924 2091 947 2140 l.
965 2085 999 2138 de
1015 2084 1071 2140 Ro·
1096 2081 1200 2145 tiensis,
1219 2082 1376 2148 Eaaeniam
1389 2084 1513 2153 synodus
1526 2084 1693 2151 Basileensis
1706 2104 1740 2142 ex
1753 2089 1825 2143 solio
1839 2089 1930 2160 papali

238 2187 311 2233 man.
335 2167 434 2239 pontif.
459 2186 483 2222 c.
502 2173 545 2225 25.
570 2177 619 2223 art
639 2175 679 2223 te.
700 2170 730 2223 in
748 2170 869 2240 quadarn
886 2170 1000 2241 object:
1024 2171 1072 2228 Es
1098 2167 1263 2223 deturbavit.
1300 2169 1359 2222 hut
1379 2167 1466 2240 igitur
1490 2171 1555 2225 unio
1572 2187 1636 2224 cum
1655 2172 1789 2241 pontifice
1805 2174 1928 2229 Romano

238 2256 366 2324 epistolis
390 2255 543 2320 Bonifatii
564 2256 593 2311 2.
617 2256 660 2307 ad
682 2255 830 2309 Eulaliam
847 2256 1071 2310 Alexandrinam
1098 2270 1152 2307 non
1170 2259 1213 2308 est
1231 2254 1386 2309 necessaria
1403 2255 1439 2309 ad
1460 2255 1594 2310 unitatem
1612 2257 1749 2313 ecclesiae
1770 2259 1931 2328 catholicae,

237 2342 399 2410 episcopam
433 2348 459 2394 et
482 2340 596 2393 Enlaiii
623 2340 748 2408 episcopi
776 2339 1007 2410 Cartnapineasss
1032 2343 1073 2394 aa
1098 2348 1147 2394 aut
1160 2339 1210 2404 illi,
1228 2339 1276 2410 qui
1293 2338 1436 2410 pontifices
1454 2341 1649 2411 deposuerunt,
1666 2343 1703 2398 ab
1722 2345 1832 2403 unitate
1841 2346 1931 2402 catho-

236 2427 354 2480 sandem
374 2426 559 2487 Bonifatium
579 2425 731 2494 callipitar,
748 2433 813 2494 post
831 2427 981 2480 comitiam
1002 2428 1070 2481 Car·
1097 2425 1151 2480 lica
1175 2425 1288 2480 fuerunt
1310 2427 1439 2496 separati.
1477 2436 1501 2484 t.
1526 2427 1597 2483 Cum
1621 2446 1696 2500 papa
1719 2430 1861 2488 haeretico
1879 2452 1932 2489 non

235 2513 397 2579 thapinensc
415 2519 532 2579 saetam,
553 2512 631 2578 qaod
648 2520 709 2565 erat
728 2529 803 2565 anna
822 2496 942 2566 Domini
959 2514 1021 2567 tae.
1041 2513 1071 2565 in
1097 2517 1140 2567 est
1157 2511 1422 2576 communicandum,
1440 2512 1488 2582 qui
1507 2514 1580 2568 enim
1595 2515 1756 2586 exploratae
1775 2517 1884 2574 haeresi
1900 2536 1931 2574 sc

236 2616 323 2652 caasa
340 2599 459 2666 Apiarii
474 2598 639 2666 presbytcri,
652 2614 708 2666 per
725 2614 813 2651 annas
830 2606 935 2651 centum
955 2616 1069 2668 separa·
1097 2597 1249 2653 manifestis
1266 2597 1411 2654 haereticis
1432 2598 1580 2667 adhaeret,
1607 2601 1643 2658 ab
1664 2603 1801 2659 ecclesiae
1820 2621 1931 2676 corpore

236 2693 279 2739 tas
301 2686 392 2750 faisse
417 2682 654 2751 Carthaginenses
679 2685 822 2752 eps'seopas
843 2692 867 2737 a'
880 2686 1071 2739 communione
1096 2692 1247 2756 sepmamr.
1279 2685 1344 2738 Jam
1368 2701 1433 2740 vero
1458 2703 1533 2757 papa
1559 2695 1650 2757 potest
1668 2688 1698 2742 in
1717 2688 1847 2745 haeresin
1867 2691 1931 2746 inci·

236 2771 383 2825 Romame
402 2768 536 2824 emiesiae
553 2777 581 2822 et
599 2776 655 2822 tam
672 2771 782 2822 demam
798 2770 996 2824 reconciliatas
1008 2771 1069 2824 aab
1097 2770 1171 2834 dere,
1190 2770 1265 2840 quod
1283 2787 1339 2823 non
1359 2779 1463 2841 negant
1483 2771 1597 2842 quidam
1614 2789 1648 2826 ex
1666 2773 1833 2830 Pontificiis.
1872 2778 1930 2832 Bel·

177 2888 179 2894 .
230 2856 349 2925 jiciente
365 2872 395 2908 se
417 2855 537 2908 Eulalia
553 2856 698 2909 Rommsae
712 2858 810 2909 rediet
824 2857 1071 2910 anathematizant
1097 2855 1228 2910 larmirus
1252 2855 1300 2913 lib.
1327 2862 1351 2912 t.
1374 2857 1569 2927 depondio.
1590 2864 1621 2915 l:
1648 2858 1780 2914 Secunda
1798 2866 1932 2919 sententia

236 2951 425 2996 antecessores
442 2959 514 2996 suos.
550 2940 687 3003 (Africani
707 2940 747 2995 illi
765 2943 888 3012 episcopi
903 2943 931 2996 in
945 2959 995 2997 suo
1009 2960 1070 2997 cen·
1097 2951 1146 3009 est,
1159 2943 1320 3009 pontificem
1339 2944 1424 2995 etiam
1444 2952 1473 2995 at
1487 2944 1645 3012 pontificem
1660 2964 1746 3015 passe
1766 2964 1827 3001 esse
1839 2949 1931 3003 haere

236 3029 344 3084 tanario
370 3027 485 3082 dissidio
511 3045 567 3082 non
592 3036 750 3095 senserunt,
780 3030 908 3085 unionem
936 3046 999 3083 cum
1022 3030 1071 3084 Ro·
1098 3029 1181 3080 ticum
1196 3036 1223 3080 ct
1241 3029 1342 3081 docere
1358 3029 1497 3092 haeresin,
1514 3031 1542 3082 si
1559 3030 1795 3099 absqaecancitia
1806 3036 1933 3102 pancrati

238 3133 319 3170 mano
338 3113 468 3185 pontifice
487 3131 548 3169 esse
567 3121 660 3169 notam
673 3115 920 3183 veraeecclesiae.)
950 3115 1071 3185 Respon-
1098 3114 1214 3176 definiat
1236 3121 1263 3166 et
1280 3115 1316 3167 de
1331 3115 1412 3177 facto
1431 3115 1473 3166 ita
1490 3114 1649 3184 aliquanda
1668 3117 1819 3175 accidisse.
1849 3121 1930 3174 Hanc

238 3204 288 3258 det
304 3202 488 3257 Bellarminus
506 3202 525 3257 l.
544 3202 571 3260 d.
597 3204 746 3271 epistolam
767 3203 846 3255 iiiam
867 3203 1016 3264 Bonifaeii
1033 3204 1071 3257 ai·
1098 3199 1255 3268 optumam
1281 3201 1407 3268 seqnitur
1424 3200 1510 3254 Nitor
1529 3202 1560 3254 in
1576 3201 1625 3254 tte.
1645 3204 1756 3258 advers.
1772 3205 1930 3273 primatum

239 3290 305 3344 deri
323 3289 378 3342 sibi
394 3290 610 3359 supposititiam,
627 3289 676 3343 sed
688 3288 736 3342 alii
749 3286 888 3342 l’ontilicii
901 3288 994 3343 multis
1011 3303 1072 3357 pro·
1096 3302 1202 3355 papae,
1230 3289 1350 3340 eandm
1366 3287 1455 3340 secmi
1472 3295 1537 3341 sant
1554 3288 1663 3359 aliquot
1684 3291 1878 3362 Parisienses,
1902 3303 1930 3346 at

238 3376 316 3439 bant,
334 3376 409 3429 illam
426 3391 487 3430 esse
505 3375 662 3445 genuinam,
680 3380 710 3429 et
725 3373 908 3430 Bellarminus
921 3374 981 3444 ipse
993 3375 1073 3428 addit
1101 3372 1211 3425 Ges-son
1234 3380 1259 3425 st
1282 3372 1413 3439 Aimain,
1437 3390 1486 3426 nec
1508 3392 1564 3428 nan
1588 3375 1752 3444 Alphonsus
1775 3378 1812 3432 de
1832 3381 1931 3434 Castro

237 3469 290 3517 art.
317 3462 366 3515 ult.
395 3479 425 3515 se
446 3461 519 3514 nihii
543 3462 597 3513 hac
621 3461 651 3513 in
669 3468 752 3528 parte
776 3462 848 3514 certi
868 3460 1072 3528 affirmasti*
1095 3458 1143 3512 iii).
1164 3463 1187 3512 1.
1207 3467 1305 3512 contra
1323 3460 1429 3513 haeres.
1449 3478 1472 3512 e.
1493 3462 1519 3516 2.
1538 3469 1563 3513 et
1575 3462 1725 3516 Adrianus
1745 3462 1792 3520 VI.
1807 3467 1837 3519 in
1849 3483 1931 3535 qaae·

236 3549 334 3604 Victor
352 3546 601 3602 excommunicavit
618 3546 758 3601 Asiaticas
775 3546 920 3614 ecclesias,
942 3563 1015 3618 quae
1030 3555 1071 3602 ts-
1096 3546 1185 3598 stione
1205 3546 1240 3598 de
1260 3547 1479 3608 consternatione.
1515 3545 1596 3601 Hanc
1612 3549 1777 3603 sententiam
1789 3550 1933 3609 Bellarmi-

237 3652 301 3689 men
328 3632 442 3687 suerunt
468 3648 549 3686 verae
574 3631 704 3686 ecclesiae
735 3640 764 3686 et
789 3631 945 3691 habuerunt
970 3632 1071 3687 multas
1097 3646 1149 3684 nus
1167 3647 1223 3683 non
1243 3629 1328 3684 audet
1344 3647 1444 3686 vocare
1460 3632 1640 3697 haereticam,
1656 3635 1886 3700 oamtolersntar
1899 3642 1932 3692 at

237 3719 359 3791 synodos
385 3725 415 3773 et
440 3716 606 3772 orthodoxos
632 3717 785 3789 episcopos.
820 3719 998 3774 Marcellinus
1014 3720 1071 3774 ido·
1098 3717 1224 3780 ecclesia,
1244 3717 1294 3783 qai
1310 3734 1371 3770 cam
1387 3727 1549 3786 sequantur.
1578 3719 1667 3790 Atqui
1686 3721 1709 3775 si
1728 3738 1786 3775 non
1803 3728 1848 3778 est
1869 3725 1932 3779 hae·

238 3806 337 3861 lolatra
356 3805 504 3859 damatus
521 3811 564 3858 eat
582 3822 600 3858 a
617 3805 725 3875 synodo
744 3804 884 3873 Romana,
911 3822 978 3876 ergo
994 3823 1071 3876 seps·
1097 3802 1213 3856 reticum
1232 3807 1360 3870 statuere,
1379 3803 1453 3873 quod
1472 3820 1547 3874 papa
1564 3805 1652 3874 possit
1668 3805 1697 3860 in
1715 3805 1843 3862 haeresin
1863 3809 1929 3865 inci·

130 3905 176 3947 m
191 3904 223 3946 ιο.
236 3892 310 3945 ravit
331 3908 362 3946 se
385 3890 421 3944 ab
447 3907 480 3945 co
503 3890 621 3945 ccclesia
645 3889 787 3959 Romam,
811 3909 882 3962 quaa
903 3900 996 3947 tamen
1019 3893 1073 3947 fuit
1099 3886 1172 3951 dere,
1194 3887 1291 3958 utique
1306 3888 1389 3942 etiam
1403 3905 1458 3942 sion
1471 3888 1933 3965 onthaeredcumstatueraquod

236 3985 303 4032 tunc
332 3977 461 4047 temporis
486 3992 553 4031 vera
579 3977 704 4033 ecclesia.
742 3977 871 4032 liberius
888 3978 1071 4033 Athanasium
1098 3974 1164 4027 unio
1187 3989 1249 4028 cum
1273 3973 1404 4043 pontifice
1423 3980 1556 4045 tanquam
1574 3992 1638 4031 cum
1656 3978 1749 4048 capite
1767 3997 1825 4034 non
1844 3984 1933 4054 requi-

236 4064 400 4119 acerrimum
416 4062 479 4118 fidei
493 4061 648 4117 catholicae
660 4062 832 4118 defensorem
840 4063 988 4127 damnavit
1007 4063 1073 4134 qnia
1098 4065 1174 4113 ratur
1191 4059 1227 4113 ad
1246 4059 1375 4113 unionem
1392 4077 1455 4114 cum
1468 4060 1586 4115 ecclesia
1600 4061 1744 4117 catholica.
1772 4063 1858 4122 Ratio
1871 4084 1933 4124 con·

238 4150 267 4203 in
287 4151 349 4219 ejus
369 4148 573 4204 damnationem
592 4148 738 4203 consensit.
776 4147 960 4203 Bellarminus
979 4149 1025 4203 lib.
1046 4156 1070 4204 4.
1098 4144 1247 4198 secationi!
1271 4150 1313 4199 est
1338 4144 1499 4208 manifesta,
1524 4145 1590 4217 quit
1613 4148 1772 4217 pontificem
1790 4167 1853 4205 esse
1871 4151 1933 4208 hae

237 4236 273 4289 de
290 4234 406 4290 Roman.
425 4234 524 4304 pontif.
543 4252 567 4290 c.
587 4240 617 4290 t:
639 4234 769 4286 Liberius
783 4234 916 4302 pentifea
935 4235 1072 4302 interpre·
1097 4230 1213 4284 reticem
1240 4235 1267 4283 et
1285 4230 1505 4284 communionem
1527 4248 1589 4285 cum
1608 4233 1740 4302 pontifice
1760 4251 1823 4291 esse
1840 4238 1933 4293 catho-

235 4322 319 4374 tatios
346 4319 484 4374 consensit
508 4320 538 4372 ia
558 4320 766 4372 dasnnatmnem
786 4320 940 4373 Athanasii
956 4336 1070 4388 eamque
1095 4315 1176 4370 licam
1196 4321 1261 4370 sunt
1280 4314 1455 4387 intimarent.
1492 4317 1618 4372 Cusauus
1637 4318 1685 4373 lib.
1704 4326 1727 4375 2.
1747 4320 1783 4376 de
1803 4324 1933 4380 concord.

235 4408 372 4460 damnari
383 4406 523 4475 permisit,
543 4421 624 4473 qoem
642 4406 746 4457 sciebat
764 4422 853 4458 caasa
857 4406 932 4471 fidei
938 4421 1070 4472 perseca-
1096 4402 1196 4457 cathol.
1218 4420 1242 4458 c.
1264 4410 1309 4458 17:
1336 4403 1402 4461 Ceam
1416 4421 1500 4472 papa
1518 4413 1557 4457 est
1574 4405 1746 4471 haereticas,
1767 4416 1827 4463 tam
1846 4430 1930 4464 nnus·

234 4494 337 4546 tionem
359 4493 429 4560 pati.
474 4489 689 4544 ititAthanasius
712 4490 749 4544 ad
772 4489 844 4546 solit
868 4490 914 4544 vit
942 4499 1070 4561 agentes:
1096 4489 1211 4558 quisque
1235 4489 1326 4543 iaicas
1351 4497 1457 4542 tenatur
1482 4506 1512 4542 se
1533 4491 1568 4544 ab
1592 4493 1644 4546 iila
1663 4510 1812 4565 separare,
1836 4507 1863 4551 et
1880 4515 1933 4567 per

234 4579 366 4634 Liberius
384 4587 451 4646 post
477 4587 602 4631 exactam
627 4579 657 4629 in
681 4578 766 4631 esitio
792 4577 931 4631 hiessniam
952 4577 1070 4645 inflamus
1094 4576 1186 4644 ipsam
1209 4576 1415 4645 separationem
1438 4577 1509 4629 dicit
1532 4578 1581 4631 iiii
1599 4579 1755 4647 anathema.
1793 4588 1818 4636 5.
1838 4582 1932 4638 Ponti·

234 4673 276 4718 est
299 4666 434 4733 minisque
461 4664 560 4717 mortis
578 4665 619 4716 ad
636 4663 865 4730 srrbscripts'anem
884 4662 1069 4719 intinctus.ilii
1094 4662 1141 4716 fex
1159 4666 1258 4732 potest
1278 4665 1315 4717 ab
1340 4663 1457 4717 ecclesia
1481 4663 1581 4719 ausari
1601 4665 1679 4720 salva
1696 4663 1828 4722 manente
1844 4671 1931 4725 eccie-

234 4750 371 4805 Baronins
393 4755 459 4806 tom.
485 4757 509 4805 ³.
533 4748 627 4804 annal.
653 4764 727 4802 anno
752 4747 862 4804 Christi
874 4754 933 4803 357.
957 4765 984 4818 p.
1004 4754 1067 4804 toa:
1095 4749 1151 4802 siae
1168 4747 1321 4803 catholicae
1339 4748 1461 4813 unitate,
1480 4756 1512 4805 ut
1529 4750 1611 4805 docet
1629 4749 1737 4805 Garson
1757 4752 1786 4805 in
1804 4753 1877 4810 libro
1896 4758 1931 4809 ds

234 4836 365 4893 Libaeins
384 4837 537 4889 sententiae
556 4837 693 4888 adversas
713 4834 899 4887 Athanasium
920 4835 1068 4888 iataesab·
1095 4834 1297 4895 auferibiiitate
1323 4851 1426 4903 papae.
1476 4835 1552 4890 Idem
1578 4836 1712 4906 probatur
1738 4854 1772 4893 ax
1798 4828 1931 4895 diuturna
1944 4841 1985 4882 111.

233 4922 349 4990 sermsit
367 4929 393 4973 et
411 4922 526 4975 domata
543 4920 614 4983 fidei
631 4921 660 4973 in
682 4920 831 4974 Sirmieiai
840 4922 947 4986 salsedo
959 4920 1068 4989 scripta
1093 4919 1167 4974 sedis
1182 4918 1324 4974 Romanae
1340 4920 1469 4974 vacantia
1487 4927 1516 4974 et
1535 4938 1568 4976 ex
1586 4921 1769 4978 schismaticis
1783 4925 1930 4981 dissensio·

232 5008 359 5076 aceepit.
395 5005 441 5061 Ad
467 5005 613 5063 Ursacium
640 5013 668 5059 ot
692 5005 844 5069 Valentem,
862 5007 1000 5074 (Arianos)
1027 5007 1067 5062 sic
1093 5005 1175 5059 nibus
1186 5005 1370 5059 Romanorum
1386 5004 1555 5076 pontificum,
1573 5024 1690 5077 quorum
1705 5007 1804 5080 viginti
1819 5028 1929 5067 onume-

233 5092 330 5151 scribit
349 5091 494 5148 Liberius:
512 5090 669 5160 Gopnoscat
684 5093 839 5161 prodentia
856 5099 959 5159 vestra,
978 5095 1065 5146 Atina·
1092 5098 1137 5147 rat
1154 5089 1364 5160 Genebrardus,
1389 5108 1470 5162 quem
1494 5110 1638 5148 numerum
1656 5101 1741 5165 auget
1759 5093 1928 5166 Onuphrius.

233 5181 344 5234 nasiam
367 5180 403 5233 ah
422 5178 556 5232 ecciesiae
573 5179 720 5234 Romanae
739 5179 929 5232 camasanioae
949 5194 1065 5247 separa·
1092 5177 1216 5232 Fuerant
1231 5179 1397 5250 quandoque
1415 5179 1497 5234 simul
1514 5188 1570 5234 tres
1587 5196 1687 5251 papae,
1714 5197 1766 5236 nec
1784 5182 1847 5254 quis
1870 5192 1930 5240 erat

233 5275 290 5321 tam
314 5282 378 5318 esre.
422 5263 572 5320 ”Confer
596 5272 626 5318 et
650 5263 782 5334 epistolas
801 5262 922 5331 hiberii,
949 5281 1066 5334 quarum
1092 5262 1247 5333 legitimus,
1265 5263 1419 5331 constabat,
1433 5265 1494 5335 jam
1511 5281 1575 5320 vero
1595 5266 1697 5321 dubias
1710 5284 1794 5335 papa
1810 5270 1930 5324 iatam

232 5369 316 5407 unam
340 5351 377 5405 ad
400 5350 545 5421 episcopos
570 5350 717 5406 orientales
734 5349 868 5417 Arianos,
895 5348 1011 5405 alteram
1028 5351 1064 5405 ad
1089 5367 1144 5419 pro
1167 5368 1223 5404 non
1243 5368 1340 5420 papa,
1364 5357 1397 5404 ut
1421 5351 1546 5422 disputat
1570 5351 1755 5407 Bellarminus
1779 5352 1831 5407 lib.
1849 5361 1876 5410 4.
1896 5356 1931 5413 de

232 5436 393 5506 Ursaolum,
419 5435 579 5495 Veientium
605 5442 633 5492 et
656 5434 800 5490 Hermium
813 5435 920 5490 itidem
944 5437 1063 5494 Arianos
1092 5432 1217 5492 Βοωιιιο
1235 5435 1367 5507 pontifics
1385 5454 1409 5495 c.
1434 5444 1471 5493 lt.
1506 5439 1566 5503 Aut
1586 5439 1671 5510 igitur
1688 5438 1756 5507 unio
1775 5455 1839 5494 cum
1859 5459 1929 5514 pou·
