4004 6022
211 234 272 291 342
777 224 899 283 Locus
917 222 1122 283 uouemus
1140 222 1340 284 SECUNDUS

212 379 277 447 cist,
294 380 319 435 si
337 379 575 450 incidst'tempus
595 377 739 448 ejusmodi,
757 395 812 449 quo
825 392 882 433 non
895 376 1047 449 conspicia-
1072 375 1172 432 ficetur
1190 376 1313 433 eeclesia
1347 378 1428 431 Areu
1446 377 1532 440 ιιιίιι,
1557 376 1589 431 sis
1612 393 1669 446 gae
1685 382 1752 430 sust
1768 392 1863 445 prese
1882 383 1911 430 st

211 468 259 547 tux
284 465 416 533 ecclesia,
443 465 515 519 sicut
543 463 621 519 Elias
647 462 818 533 temporibus
843 463 963 528 factum,
991 478 1048 516 non
1069 462 1189 532 polens
1207 470 1324 527 strete,
1342 463 1372 515 s'ss
1388 479 1443 530 ouo
1461 470 1524 515 sunt
1544 462 1611 517 boni
1627 470 1653 516 et
1670 462 1744 516 muli
1755 462 1863 531 pines,
1883 468 1912 513 st

212 550 308 607 statim
328 549 462 606 defecisse
481 547 624 605 ecclesiam
643 547 830 604 statuendum.
860 548 989 603 Psalmus
1000 546 1048 601 ille
1074 563 1157 617 aper,
1183 549 1214 601 ιἰι
1240 565 1294 615 quo
1316 554 1381 601 sunt
1397 548 1548 614 frumenta
1573 556 1601 602 st
1616 549 1742 616 ιιιιιιιιι,
1770 555 1798 602 et
1816 546 1911 600 ιιιιι-

212 634 393 693 Dssidicus
385 653 414 691 m
432 652 515 691 sensu
531 633 634 690 literali
650 634 774 690 ιοιιιιιιιι
785 650 939 690 encomium
950 632 1048 689 Hiero·
1072 635 1162 702 viem,
1194 634 1226 687 ιἰι
1248 651 1302 702 ouo
1328 640 1392 687 sust
1414 634 1481 687 boni
1496 640 1523 687 et
1543 633 1617 688 mats
1638 633 1912 701 emmennone

212 722 346 793 solymae,
365 721 440 793 quod
459 721 495 775 sb
513 721 617 790 impetu
638 719 732 774 hostili
750 720 863 790 saepius
880 719 964 775 fuerit
979 718 1048 774 libe·
1074 720 1160 787 ossis,
1187 720 1218 772 in
1235 736 1289 787 qno
1307 726 1370 772 sant
1391 734 1455 773 sees
1474 725 1500 773 et
1516 717 1615 785 boeds',
1641 718 1805 786 significant
1824 717 1911 772 acels·

212 810 291 875 ruta,
316 807 425 862 interim
451 815 544 861 tamen
568 823 624 861 non
651 805 781 861 obstante
797 805 849 861 hac
868 804 1048 876 promissione
1073 806 1146 858 sium
1167 803 1318 872 neodem,
1343 821 1405 858 cum
1432 803 1552 859 melesio
1570 803 1721 858 invisibilis
1738 811 1846 857 tuntum
1861 803 1911 857 leof

212 893 333 967 populus
356 892 625 961 Hierosolymitnnus
654 891 683 946 in
709 892 820 947 exilium
843 891 1048 961 Babylonicum
1074 892 1138 944 beet
1168 891 1262 945 henos.
1302 889 1342 943 At
1367 891 1481 944 eaedem
1503 889 1664 959 parabolae
1688 890 1802 955 decem
1827 889 1913 942 ιἰιιιιι

212 976 268 1033 fnit
292 978 430 1033 abductus
455 993 487 1031 ac
510 975 562 1031 hoc
587 982 710 1047 tempore
738 978 822 1047 plene
848 976 989 1046 dispersus
1007 982 1049 1030 est
1073 976 1210 1031 vbibdcm
1233 975 1379 1029 melodum
1401 992 1544 1043 newsum
1563 974 1744 1028 interiturum
1765 990 1854 1042 usque
1872 975 1914 1027 ud

214 1069 242 1121 et
269 1060 465 1132 Hierosolyma
493 1078 607 1118 everso..
643 1062 747 1126 Quodsi
776 1078 844 1133 ergo
870 1063 985 1117 velimus
1011 1062 1047 1116 ad
1068 1064 1156 1130 finem
1174 1062 1281 1116 mnudi.
1312 1060 1913 1130 Msnh.t,v.12:1psspsrpstuamss

213 1150 288 1204 hunc
305 1157 404 1219 typum
422 1147 555 1202 ecclesiae
572 1147 730 1218 antitypum
749 1147 967 1214 accommodare,
983 1163 1049 1201 con·
1074 1167 1154 1202 nsum
1184 1156 1210 1202 et
1237 1147 1363 1202 triticum
1390 1147 1571 1216 congregabat
1602 1147 1632 1199 s'ss
1661 1146 1795 1200 borreum
1823 1161 1913 1208 ιιιιιιιι,

213 1251 331 1306 sequens
350 1234 417 1302 erit,
444 1233 640 1304 promissiones
665 1232 799 1288 ecclesius
816 1232 897 1288 datas
916 1249 949 1288 eo
967 1233 1049 1288 modo
1072 1236 1174 1304 paleas
1206 1241 1298 1288 cutem
1325 1235 1464 1287 comburet
1494 1233 1559 1301 ipses
1579 1232 1809 1300 imeupss'bs'tt.
1849 1233 1912 1287 Hoc

213 1319 409 1391 intelligendas
432 1335 506 1387 esse,
533 1318 606 1388 quod
626 1317 805 1372 nihilominus
825 1318 944 1374 ecclesia
962 1318 1050 1388 possit
1075 1328 1168 1374 autem
1184 1321 1244 1372 sine
1263 1319 1348 1372 dnbio
1367 1336 1424 1373 son
1439 1321 1488 1384 fiet
1505 1327 1570 1373 onte
1582 1319 1781 1387 diemjsds'eis'.
1812 1317 1911 1374 Matth.

212 1403 243 1459 in
265 1405 409 1476 angustias
435 1402 526 1473 redigi
551 1410 581 1458 ιι
603 1404 742 1474 gravitate
759 1403 982 1474 persecutionum
1000 1403 1048 1459 ob·
1077 1411 1116 1474 1³,
1136 1422 1161 1460 v.
1183 1410 1223 1460 ³0.
1242 1403 1357 1459 dicitur:
1377 1404 1468 1462 Sinite
1488 1412 1607 1474 utraque
1625 1421 1748 1459 cresum
1765 1421 1853 1472 usqne
1871 1405 1912 1458 ed

212 1490 336 1560 scursri,
354 1490 467 1545 tandem
488 1505 553 1543 vero
571 1488 662 1543 Deum
681 1505 714 1543 ex
734 1488 872 1559 angustiis
890 1495 919 1543 et
934 1489 1048 1544 latebris
1074 1498 1181 1560 tempus
1202 1490 1312 1554 messis,
1334 1489 1386 1544 loc
1410 1497 1452 1544 est
1478 1492 1519 1543 ed
1542 1491 1805 1544 comminutionem
1824 1506 1912 1558 nsque

211 1574 267 1631 illis
285 1575 431 1630 ecclesiam
451 1575 577 1639 educere,
595 1574 668 1629 sieut
686 1575 827 1630 lsradlitas
841 1591 874 1629 ex
886 1574 1048 1644 captivitate
1074 1576 1170 1632 secuis'.
1215 1575 1439 1647 Respondemus:
1472 1581 1494 1632 l.
1520 1592 1577 1630 non
1602 1592 1750 1646 negemus,
1778 1574 1911 1629 ecclesias

212 1660 386 1732 Babylonica
399 1661 617 1732 Hierosolymam
636 1661 760 1730 reduxit;
777 1676 950 1731 consequens
966 1662 1049 1716 ctiam
1074 1662 1137 1717 illas
1169 1660 1293 1716 visibiles
1321 1667 1351 1716 et
1382 1661 1582 1732 particulares,
1613 1678 1686 1732 qnae
1715 1668 1912 1732 comparantur

213 1746 279 1812 nit,
302 1747 498 1817 promissiones
522 1745 657 1802 ecclcsiae
679 1745 783 1801 visibili
807 1746 887 1802 datas
911 1763 967 1800 non
989 1763 1050 1800 esse
1074 1764 1170 1814 areas,
1187 1745 1256 1810 reti,
1275 1763 1359 1817 agro,
1377 1746 1505 1802 convivio
1523 1753 1552 1801 et
1569 1747 1648 1809 ovili,
1664 1763 1752 1816 nsque
1772 1746 1811 1800 ad
1827 1745 1910 1800 finem

213 1832 370 1900 absolutas,
395 1832 445 1888 sed
470 1830 674 1887 conditionatos
696 1847 744 1901 eo,
770 1849 852 1901 quem
877 1831 961 1901 paulo
985 1835 1050 1887 ante
1075 1833 1172 1889 mnndi
1190 1834 1345 1901 duraturas,
1364 1833 1414 1888 sed
1432 1850 1467 1889 ex
1485 1849 1519 1888 eo
1535 1850 1591 1888 non
1609 1840 1700 1902 potest
1711 1832 1816 1901 inferri,
1835 1832 1910 1902 quod

85 1939 149 2033 ⁸⁸⁸3·
154 1937 187 1988 ιι,
213 1918 406 1989 exposuimus,
432 1935 515 1973 semu
540 1934 574 1973 ac
592 1922 727 1986 respectu.
764 1923 789 1973 t.
809 1917 883 1975 Esai.
903 1923 951 1981 et,
972 1934 998 1972 v.
1020 1923 1050 1973 8:
1074 1921 1104 1975 in
1127 1918 1274 1990 splendore
1301 1924 1329 1975 et
1354 1918 1482 1974 clxritate
1506 1925 1619 1974 externa
1641 1924 1775 1989 perpetuo
1799 1916 1910 1971 futurae

85 1991 176 2082 ἦοξέυ,
213 2004 328 2061 Foedus
342 2011 508 2072 perpetuum
518 2001 632 2070 seriem
650 2020 711 2056 cum
731 2004 772 2057 eis
791 2004 975 2058 eteoictnriss
987 2021 1049 2073 pes·
1075 2005 1133 2060 sint
1160 2005 1262 2060 constit
1250 2009 1336 2059 t.utae
1384 2010 1409 2059 2.
1437 2004 1575 2058 Externos
1600 2006 1674 2058 enim
1704 2003 1751 2058 ille
1780 2002 1910 2073 splendor

85 2103 169 2143 sere·-
212 2089 288 2145 ts'bns
303 2106 397 2145 semeis
415 2106 511 2143 eorum
529 2098 555 2143 et
572 2106 686 2157 pes-mess
705 2107 800 2144 corson
813 2091 844 2142 ιἰι
855 2090 1048 2159 mediopopu·
1075 2091 1208 2148 ecclesiae
1228 2090 1377 2190 plurimum
1394 2107 1445 2159 pro
1465 2090 1625 2146 diversitate
1644 2096 1799 2160 temporum
1813 2089 1909 2157 variat,

86 2147 168 2236 iim
214 2175 320 2244 brom,
351 2191 444 2228 omnes
469 2174 519 2243 qni
546 2175 669 2228 viderint
696 2190 757 2239 eos,
788 2183 951 2243 cognoscent
973 2174 1048 2242 illos,
1075 2177 1244 2248 quandoque
1265 2176 1340 2231 enim
1357 2176 1475 2231 ecelesia
1494 2192 1527 2230 eo
1545 2176 1754 2242 imitantem,
1776 2181 1808 2228 ut
1831 2191 1909 2245 reges

87 2246 201 2290 ΜΝ*
214 2260 283 2332 gaio
303 2261 433 2315 istiusce
451 2276 556 2329 semen,
584 2261 629 2313 cci
650 2260 790 2314 benedicit
808 2262 957 2315 Dominus.
996 2264 1050 2314 Le·
1075 2262 1178 2318 babeat
1201 2261 1334 2317 nutricios
1360 2278 1394 2317 ac
1412 2261 1523 2331 reginas
1539 2261 1675 2324 nutrices,
1700 2268 1733 2314 nt
1752 2266 1909 2330 persecuto

214 2364 263 2403 etse
281 2347 326 2402 tic
345 2345 446 2418 (inquit
463 2345 658 2416 Bellarminue)
681 2354 740 2399 tom
758 2353 798 2400 est
813 2347 996 2417 perspicuus,
1020 2347 1152 2413 utlribus
1170 2353 1200 2403 et
1218 2347 1345 2403 hostibus
1363 2347 1401 2401 sit
1414 2346 1605 2410 formidabilis,
1624 2354 1656 2402 ut
1669 2346 1813 2416 publicum
1824 2345 1910 2401 divini

214 2434 460 2504 wessionensis
477 2434 617 2502 indigeat,
644 2434 780 2502 morundo
803 2433 876 2488 euim
900 2433 1051 2487 inuisibilis
1076 2434 1167 2489 cultus
1191 2432 1352 2489 exercitium
1376 2440 1404 2487 et
1428 2449 1529 2503 purum
1553 2432 1631 2488 verbi
1654 2433 1837 2487 ministerium
1862 2432 1909 2487 ha·

214 2520 270 2575 erit
285 2520 336 2574 ille
354 2528 461 2586 σοιιιιι,
479 2521 515 2574 de
534 2536 589 2588 quo
608 2519 729 2587 dicitnr,
747 2535 842 2573 omnes
861 2519 910 2587 qni
927 2519 1050 2572 viderint
1076 2519 1158 2589 beat,
1176 2518 1343 2590 quandoque
1360 2535 1426 2574 vero
1444 2535 1506 2575 eam
1524 2518 1664 2590 experitur
1680 2526 1796 2582 sortem,
1814 2523 1846 2572 ut
1866 2535 1909 2574 oo·

214 2603 546 2676 concupiescentiam,
565 2603 633 2673 qnia
649 2604 700 2656 s'sts'
715 2609 780 2656 sunt
794 2620 896 2672 semeso,
913 2604 1049 2658 cuiberse·
1076 2611 1159 2676 gutur
1181 2605 1280 2676 fugere
1303 2605 1333 2659 in
1359 2603 1549 2671 solitudinem,
1576 2610 1608 2658 ut
1630 2620 1686 2658 non
1709 2605 1746 2659 sit
1763 2605 1792 2659 in
1808 2604 1910 2658 illustri

215 2688 288 2746 utre
306 2691 456 2752 Dominus,
494 2688 720 2759 Respondemus:
746 2689 938 2758 concedimus,
958 2689 1049 2746 Deum
1076 2691 1142 2746 sede
1166 2691 1328 2756 constituta,
1354 2690 1403 2745 sed
1428 2707 1526 2745 manns
1544 2705 1578 2744 ac
1596 2689 1685 2744 minas
1703 2697 1910 2759 persecutorum

128 2779 131 2783 ’
214 2781 380 2848 perpetuum
406 2774 504 2831 foedus
533 2791 597 2828 cnm
623 2773 742 2829 ecclesia
767 2773 878 2844 iniisse,
904 2776 955 2831 sed
979 2775 1049 2830 illud
1075 2776 1186 2848 fugiens
1211 2777 1241 2831 in
1266 2776 1376 2831 occulto
1397 2776 1497 2831 latitet
1534 2780 1558 2831 3.
1582 2775 1627 2830 Sic
1651 2774 1755 2831 Christi
1779 2775 1909 2847 discipuli

213 2863 313 2920 toedus
336 2861 377 2917 sic
399 2860 565 2916 describitur
583 2858 657 2914 Esai.
678 2866 724 2929 59,
742 2877 769 2915 v.
790 2866 838 2917 21:
864 2863 928 2918 Hoc
947 2864 1051 2925 foedus
1076 2863 1228 2934 aliquando
1248 2862 1348 2918 eleusis
1366 2861 1473 2917 fioribus
1491 2878 1559 2930 prae
1578 2866 1653 2916 metu
1666 2861 1838 2917 Jndssornn
1850 2879 1910 2918 sese

214 2965 303 3003 menos
334 2966 395 3002 cum
423 2948 480 3012 cis,
516 2945 587 3000 dicit
618 2947 776 3001 Dominus.-
811 2947 937 3016 Spiritus
966 2966 1050 3015 mess,
1076 2948 1268 3015 occultabant,
1292 2947 1442 3019 aliquando
1464 2963 1529 3002 vero
1546 2947 1658 3016 publice
1675 2947 1705 3001 in
1724 2947 1793 3003 urbe
1810 2963 1911 3003 noman

215 3034 265 3105 gui
297 3043 337 3088 eet
372 3034 403 3088 iss
432 3040 475 3101 te,
513 3038 538 3086 et
565 3033 649 3087 uerba
678 3050 756 3101 mea,
790 3051 863 3104 quoe
895 3035 985 3104 posui
1020 3037 1050 3089 ιἰι
1076 3034 1145 3089 Jesu
1168 3034 1381 3105 praedicabant,
1409 3033 1496 3088 nihilo
1514 3039 1608 3087 tamen
1631 3033 1722 3087 minus
1744 3050 1829 3088 unam
1848 3051 1912 3090 ean·

215 3136 265 3175 ors
296 3128 357 3189 tuo,
393 3137 450 3173 sors
486 3120 616 3174 recedent
647 3121 683 3173 de
715 3136 763 3173 ore
793 3128 841 3173 too
879 3128 905 3175 et
933 3123 970 3175 de
1001 3139 1050 3176 ore
1078 3121 1196 3193 demque
1211 3120 1314 3176 christi
1332 3121 1476 3177 ecclesiam
1494 3127 1612 3191 utroque
1624 3126 1749 3191 tempore
1763 3121 1911 3175 constitue

214 3207 327 3263 semins's
364 3208 418 3276 tui,
456 3205 526 3260 dicit
554 3207 708 3277 Dominus,
744 3224 763 3260 a
793 3209 877 3261 niodo
905 3225 992 3278 usque
1021 3207 1154 3264 ise'bant.
1190 3207 1350 3265 evidetur
1368 3207 1454 3279 igitur
1471 3205 1656 3262 Bellarminue
1674 3212 1797 3261 nostram
1815 3206 1912 3260 distin-

213 3295 420 3363 sempiternum.
452 3293 527 3364 Ergo
545 3293 582 3348 ad
599 3294 676 3348 illam
689 3293 833 3350 ecclesiam
848 3295 970 3364 pertinet
981 3294 1050 3350 hsec
1079 3294 1196 3349 ctionem
1208 3294 1281 3349 iuter
1296 3293 1440 3349 ecclesiam
1453 3291 1591 3346 visibilem
1604 3298 1632 3346 et
1645 3292 1809 3348 invisibilem
1822 3293 1913 3347 minus

213 3378 361 3437 foederalis
383 3378 545 3450 promissio,
570 3396 640 3450 quse
666 3381 810 3435 veritatem
828 3380 907 3437 verbi
924 3380 1050 3437 coelestis
1077 3386 1152 3435 recte
1177 3379 1311 3450 accipere.
1354 3379 1452 3450 Neque
1478 3378 1552 3434 enim
1577 3378 1723 3434 ecelesiam
1747 3378 1913 3434 invisibilem

215 3471 374 3536 conservat,
392 3465 444 3520 hoe
463 3465 559 3520 estad
579 3465 724 3520 ecclesiam
743 3465 923 3535 catholicam,
948 3467 996 3524 sed
1014 3467 1050 3523 ad
1079 3467 1195 3521 dicimus
1213 3467 1266 3521 hoo
1284 3483 1381 3535 sensu,
1399 3465 1474 3536 quod
1492 3465 1548 3533 illi,
1572 3465 1620 3535 qui
1638 3480 1730 3519 veram
1747 3463 1832 3519 fidem
1851 3481 1912 3536 pro·

216 3550 340 3606 visibiles
353 3551 535 3620 particulares
555 3551 685 3606 ecclesius
703 3568 759 3608 non
776 3553 897 3622 pertinet
916 3554 969 3609 nisi
987 3571 1050 3609 cum
1078 3552 1204 3620 fitentur,
1230 3569 1287 3607 non
1310 3552 1419 3622 possint
1438 3549 1542 3614 videri,
1572 3550 1621 3604 sed
1645 3549 1728 3621 longe
1750 3550 1805 3605 alio
1824 3568 1912 3622 eoque

216 3636 271 3694 hac
288 3636 447 3692 conditione
464 3642 493 3690 et
510 3636 682 3706 limitatione,
701 3645 837 3709 quatenus
856 3639 1005 3711 puritatem
1024 3647 1052 3697 ιι
1079 3638 1184 3708 duplici
1202 3654 1297 3707 seusu,
1324 3637 1414 3708 primo
1433 3636 1508 3707 quod
1525 3636 1619 3704 electi,
1643 3636 1692 3706 qui
1713 3636 1749 3690 ad
1767 3637 1911 3692 ecclesiam

216 3723 403 3780 sinceritatem
426 3721 504 3777 verbi
528 3730 706 3792 conservant3
733 3725 776 3781 sin
801 3726 906 3794 minus,
931 3727 1050 3782 deficere
1079 3724 1245 3780 catholicam
1260 3723 1427 3779 invisibilem
1445 3723 1598 3794 pertinent,
1625 3723 1805 3792 nonpossint
1825 3730 1911 3779 ermr-

215 3817 347 3885 possunt,
370 3824 423 3864 neo
449 3808 507 3863 ulla
532 3825 627 3865 aarum
651 3808 736 3866 hebet
760 3811 918 3867 absolutum
937 3815 1050 3885 aliquod
1078 3812 1122 3866 nie
1140 3811 1267 3868 sensibus
1285 3809 1322 3865 ab
1340 3809 1501 3880 hypocritis,
1519 3808 1620 3879 quibus
1636 3808 1665 3862 in
1679 3808 1781 3863 visibili
1795 3809 1912 3864 ecclesia

215 3895 391 3967 privilegium
409 3910 443 3949 ac
461 3895 678 3966 promissionem,
697 3897 772 3968 quod
790 3897 908 3954 deficere
921 3916 1050 3970 nonpos·
1078 3897 1218 3955 commixti
1244 3901 1324 3963 sunt,
1351 3895 1478 3951 discerni.
1513 3894 1574 3950 Hoc
1596 3911 1679 3949 sensu
1705 3910 1771 3949 vers
1795 3894 1912 3950 ecclesia

197 3981 260 4039 ‚ait
300 3979 484 4037 Concedimns
516 3980 613 4051 etiam,
642 3981 757 4037 visibilis
788 3982 923 4039 ecelesiae
947 3990 1050 4039 statum
1077 3991 1120 4040 est
1137 3991 1166 4039 et
1183 3989 1278 4038 manet
1296 3980 1443 4038 invisibilis
1462 3981 1547 4035 etiam
1566 3996 1599 4035 eo
1614 3985 1752 4049 tempore,
1777 3996 1833 4050 quo
1850 3996 1913 4051 pas-

215 4068 381 4140 quandoque
406 4067 558 4139 gloriosum
583 4084 658 4137 esse,
692 4068 783 4140 qualis
809 4069 968 4138 cumprimis
997 4068 1051 4124 fuit
1077 4071 1129 4126 sim
1154 4071 1184 4124 in
1211 4075 1270 4124 toto
1294 4074 1431 4129 terrarum
1455 4065 1522 4122 orbe
1545 4082 1626 4120 verae
1649 4064 1715 4121 fidei
1741 4065 1912 4121 confessores

215 4170 280 4209 cum
299 4152 450 4208 ministerio
469 4153 656 4222 apostolorum
673 4154 746 4210 inter
763 4171 858 4210 omnes
869 4161 967 4225 gentes
979 4160 1052 4210 esset
1076 4157 1194 4229 fulgent.
1229 4154 1352 4219 Deinde,
1377 4152 1453 4225 quod
1470 4152 1587 4207 ecclesis
1604 4168 1659 4207 non
1678 4168 1786 4222 semper
1804 4151 1913 4208 fruetur

215 4245 385 4312 propagata,
414 4239 464 4295 sed
487 4256 521 4293 ex
542 4256 574 4295 eo
592 4255 649 4295 non
667 4242 807 4313 seqnitur,
830 4248 966 4313 perpetuo
991 4241 1051 4296 fore
1077 4242 1225 4342 splendore
1243 4246 1365 4309 externo,
1382 4257 1434 4294 nec
1452 4238 1568 4336 alligata
1586 4237 1623 4292 sit
1641 4237 1678 4292 ad
1693 4239 1912 4309 certumlocum,

215 4325 300 4382 talem
324 4324 457 4381 ecclesiae
479 4330 589 4379 statum.
625 4325 767 4382 Praedieit
789 4328 940 4398 propheta,
964 4327 1050 4382 eccle·
1076 4330 1105 4384 in
1135 4347 1191 4400 qno
1226 4331 1361 4399 perpetua
1390 4324 1563 4381 successione
1598 4324 1635 4379 sit
1670 4324 1802 4389 illustris,
1841 4326 1912 4379 sicut

216 4411 285 4466 siam
303 4419 427 4481 tempore
446 4410 510 4465 novi
530 4412 716 4466 testamenti'
709 4430 738 4467 ιιι
761 4414 892 4484 gentibus
910 4431 971 4468 esse
988 4430 1050 4484 pro·
1076 4433 1195 4487 regnum
1221 4413 1330 4470 Galliae
1356 4429 1389 4466 ac
1415 4409 1617 4481 rempublicam
1640 4409 1811 4466 Venetorum
1838 4412 1912 4467 vide·

214 4497 389 4569 pugnum,
416 4503 449 4550 ut
474 4513 568 4552 omnes
592 4498 640 4569 qui
661 4496 714 4553 hoc
731 4498 866 4568 viderint,
892 4499 1051 4570 intelligunt
1077 4519 1153 4570 mus,
1180 4500 1229 4558 sed
1255 4499 1331 4571 quod
1357 4504 1485 4553 externus
1512 4497 1560 4552 ille
1584 4496 1717 4568 splendor
1740 4497 1777 4551 ab
1795 4500 1912 4554 ecclesia

214 4582 267 4640 hoc
285 4601 344 4639 esse
363 4599 472 4651 semen,
499 4583 544 4637 cui
562 4582 702 4638 benedixit
720 4585 810 4652 Deus,
834 4585 864 4639 id
883 4585 1050 4657 completum
1077 4593 1200 4660 tempore
1216 4584 1440 4658 persecutionum
1461 4589 1490 4638 ιι
1509 4582 1664 4661 haeresium
1683 4583 1911 4640 invalescentinm

216 4674 259 4725 est
276 4667 464 4739 apostolorum
483 4674 615 4738 tempore,
634 4668 743 4724 interim
762 4688 816 4725 non
836 4676 902 4725 sunt
919 4687 953 4726 ex
964 4672 1051 4728 oculis
1076 4673 1212 4729 removed
1230 4671 1327 4743 possit
1362 4668 1548 4740 usquequam
1567 4669 1692 4738 dicimus,
1710 4668 1854 4724 ecclesium
1872 4671 1913 4724 ita

214 4755 298 4826 plum
315 4754 500 4811 removendae
517 4754 720 4823 praedictiones
737 4753 824 4820 aliae,
852 4773 924 4826 quee
948 4758 984 4812 de
1002 4759 1051 4813 mi·
1078 4759 1195 4815 deficere
1221 4774 1317 4827 posse,
1342 4762 1374 4811 ut
1391 4755 1462 4810 nulli
1481 4756 1601 4826 amplius
1619 4756 1773 4826 supersint,
1799 4757 1847 4828 qui
1867 4774 1911 4812 ve·

214 4841 328 4897 serrimo
347 4840 482 4896 ecclesiae
500 4845 575 4894 statu
592 4840 762 4912 temporibus
775 4842 941 4898 Antichristi
957 4843 1050 4900 futuro
1075 4862 1135 4901 ram
1153 4843 1239 4898 fidem
1259 4841 1456 4913 profiteantur,
1485 4842 1534 4899 sed
1559 4849 1591 4898 ιιι
1606 4847 1665 4897 tam
1681 4842 1764 4912 pauci
1784 4843 1856 4911 sint,
1881 4849 1912 4896 ιιι

217 4925 348 4981 divinitus
373 4926 465 4982 editae
484 4931 562 4995 sunt,
588 4942 657 4996 quas
675 4927 949 4983 commemoravimus
967 4947 1049 5001 supe·
1075 4928 1187 5001 publice
1213 4945 1269 4983 non
1296 4928 1353 4982 sint
1378 4927 1451 4995 noti,
1484 4935 1516 4983 ut
1542 4945 1610 4999 prae
1637 4927 1806 4999 reliquomm
1828 4928 1910 4983 titulo

215 5010 282 5069 rius.
316 5011 393 5067 Deus
411 5028 467 5067 non
484 5010 575 5066 minus
594 5010 699 5082 diligit,
717 5013 839 5084 protegit
857 5021 886 5068 et
905 5024 1051 5072 conservat
1075 5013 1210 5073 eeclesiae
1240 5012 1460 5085 superbientium
1487 5015 1666 5071 multitudine
1691 5013 1747 5069 sint
1772 5015 1856 5084 pauci
1882 5019 1911 5069 et

217 5097 375 5168 ecclesiam,
399 5098 512 5168 quando
535 5097 610 5169 fugit
633 5098 664 5151 in
687 5098 880 5170 solitudinem,
906 5118 991 5172 quam
1017 5120 1049 5158 eo
1074 5100 1215 5157 contemti.
1251 5100 1394 5172 Negamus
1416 5117 1497 5172 ergo,
1524 5100 1668 5158 ecclesiam
1694 5116 1755 5156 esse
1772 5099 1910 5155 visibilem

214 5188 350 5253 tempore,
376 5185 488 5256 quando
509 5183 686 5239 multitudine
710 5186 897 5243 confessorum
923 5194 952 5244 et
974 5195 1048 5245 tran·
1074 5204 1107 5244 eo
1123 5186 1214 5256 medo,
1232 5203 1288 5258 quo
1307 5186 1344 5242 ab
1361 5186 1527 5242 adversariis
1543 5184 1674 5240 statuitur
1691 5185 1815 5256 visibilis,
1834 5186 1910 5257 quod

214 5267 353 5341 quillitnte
372 5286 390 5324 a
408 5269 649 5341 persecutionibus
668 5276 711 5326 est
728 5273 858 5342 gloriosa.
1074 5273 1215 5328 scilicet
1207 5289 1237 5327 ιιι
1265 5273 1358 5345 capite
1381 5290 1431 5329 suo
1455 5273 1580 5328 Romano
1603 5270 1735 5339 pontifice
1753 5271 1806 5327 ιι
1798 5289 1828 5326 m
1846 5289 1908 5327 sue·

105 5369 140 5415 1¹.
157 5372 201 5416 tsi
249 5358 290 5409 98.
325 5354 449 5411 Tertiam
469 5361 694 5428 argumentorum
719 5358 837 5414 classem
854 5359 924 5427 petit
943 5359 1047 5415 Bellar·
1073 5358 1197 5415 cessione
1230 5360 1424 5431 episcoporum
1453 5359 1494 5436 sit,
1518 5354 1653 5424 visibilis,
1691 5357 1767 5428 quod
1795 5365 1908 5413 externo

85 5423 188 5521 m*
212 5439 305 5497 miuus
322 5456 357 5497 ex
373 5441 528 5513 parabolis,
545 5444 648 5515 quibus
664 5445 787 5500 omnium
804 5460 939 5501 consensu
958 5445 1044 5517 signi-
1074 5445 1222 5516 splendore
1252 5462 1360 5518 semper
1387 5445 1497 5516 fulgeat
1525 5446 1556 5496 θῒ
1583 5446 1697 5498 mem
1721 5443 1850 5499 θῑῑῐῑῑῦῒθ
1875 5460 1909 5499 ⁸0
