4004 6022
872 182 1219 247 aasacaucoarru
1605 263 1612 274 ¹
1850 192 1889 285 81

195 344 228 396 et
247 337 389 413 signatam
412 344 478 395 8888
501 338 589 396 relata
604 339 697 399 realia.
732 340 809 415 Ergo
828 340 934 398 habent
950 343 1033 399 inter·
1093 348 1135 400 88.
1154 343 1217 409 Qua
1235 359 1300 399 vero
1318 343 1482 401 neomutus
1501 345 1607 416 888811,
1625 345 1725 419 quibus
1744 306 1891 421 qurum·
1903 354 1975 409 1888-

197 440 263 480 888
285 427 389 497 8χ188ν.
425 423 490 482 Jam
511 443 577 483 8888
599 443 632 483 es
648 425 796 500 hypothesi
814 429 1033 485 8888888888
1057 427 1094 483 tis
1112 429 1179 484 moti
1195 446 1213 485 s
1228 430 1299 505 8888
1311 430 1341 485 18
1353 429 1446 486 serbis
1463 447 1565 488 888888
1582 430 1749 488 8188888881
1767 432 1892 507 1.·881888
1903 412 1988 487 Μ,

169 508 172 513 ’
195 510 277 583 panis
303 516 333 567 et
354 527 456 584 corpus
478 511 580 569 Christi
604 512 707 571 habent
725 530 755 571 88
773 522 905 589 unquam
922 514 1033 588 signum
1059 531 1092 570 ac
1109 515 1284 587 potissimum
1304 514 1358 573 hoc
1375 522 1489 589 urgent,
1506 518 1834 588 888811888118888888
1847 518 1891 575 iss·
1903 512 1990 607 w

195 602 226 652 et
242 596 429 669 signatum.**
1058 611 1156 655 caerrat
1182 603 1213 656 s'n
1240 603 1390 658 8811881888
1411 604 1489 671 fidei
1512 606 1549 658 ds
1574 605 1691 659 scritate
1716 604 1847 677 corporis
1864 610 1935 671 8181
1950 614 1997 691 8,,-

50 690 128 740 riost
143 691 172 733 tn
229 686 272 740 88.
291 683 409 739 Praeter
423 683 474 740 hos
491 690 593 756 tropos,
614 702 683 760 quos
700 704 794 744 omnes
811 688 903 745 verbis
921 688 1032 758 Christi,
1057 689 1205 757 sorspainis
1229 689 1360 758 Domini,
1388 707 1450 744 cnm
1472 706 1568 744 samm
1593 698 1620 746 et
1640 692 1773 746 naturale
1789 682 1966 763 8888818181

52 744 146 785 ”¹⁵¹⁸
193 768 247 825 188
270 776 312 824 881
336 787 441 841 corpus
460 788 564 841 meum,
585 772 637 825 188
657 781 698 827 881
716 774 832 843 sanpais
851 792 940 841 mass,
962 774 1032 830 infe·
1059 790 1115 828 non
1144 775 1237 843 possit
1264 792 1322 829 esse
1343 775 1428 829 8188881
1451 783 1477 830 81
1499 775 1584 831 semel
1610 775 1640 830 in
1661 761 1797 847 plurilus
1814 776 1892 844 18818,
1902 752 2000 850 ’ὤμω

193 862 274 927 runt,
309 856 393 913 etiam
423 856 492 911 alios
527 857 661 929 quosdam
693 860 898 933 excogitarunt,
931 860 1031 935 quihus
1059 860 1133 933 quod
1161 867 1353 933 argumentum
1380 861 1436 917 late
1465 860 1580 916 deducit
1607 861 1738 918 Bucsnus
1761 864 1826 921 lose
1847 868 1890 922 18.
1903 866 1988 903 ⁸⁸¹⁸·

193 943 290 1016 aliqua
305 942 392 999 rerba
409 960 428 999 a
444 944 568 1016 genuino
586 952 614 1000 et
630 946 742 1017 proprio
760 964 843 1003 sensu
860 946 1032 1019 detorquent
1059 953 1088 1002 et
1113 962 1188 1020 seqq.
1214 952 1243 1003 88
1264 955 1329 1004 8818
1354 965 1416 1004 888
1441 946 1541 1004 Sadeel
1565 947 1600 1003 de
1624 964 1738 1007 888888.
1762 910 1999 1007 mandaciiisiiisn

53 1031 166 1127 ΨΜ
196 1036 220 1087 1.
238 1028 336 1087 Verba
353 1032 436 1101 edite,
455 1030 536 1085 dedite
553 1031 680 1087 nonnulli
698 1033 735 1088 88
752 1034 811 1089 sola
828 1038 941 1090 8888888
959 1052 1031 1106 sym·
1059 1048 1082 1087 8.
1102 1039 1126 1088 4.
1144 1048 1208 1105 pag.
1229 1037 1287 1089 811.
1318 1032 1538 1105 amaremus:
1560 1038 1581 1092 1.
1598 1051 1648 1089 888
1667 1041 1816 1109 auumque
1833 1014 2000 1108 cre-iffi}

106 1091 139 1127 η
191 1113 260 1173 bots
286 1116 426 1186 88188888,
456 1116 570 1190 quidam
597 1119 679 1174 edere
708 1123 737 1175 88
763 1118 860 1176 hibere
880 1137 980 1193 corpus
1004 1127 1033 1175 88
1058 1115 1163 1187 dimus,
1193 1116 1334 1174 Christum
1360 1119 1462 1175 habere
1488 1124 1517 1175 et
1544 1120 1573 1174 iu
1603 1125 1745 1176 aeternum
1771 1118 1999 1210 fanestra·

192 1203 360 1275 sanguinem
383 1200 486 1258 Christi
512 1202 581 1259 nihil
608 1203 684 1259 81188
706 1220 766 1260 esse
786 1204 930 1277 8188818888
948 1224 1032 1279 quam
1058 1220 1153 1260 verum
1170 1205 1323 1261 humanum
1339 1222 1453 1278 corpus,
1475 1212 1504 1263 88
1522 1206 1699 1264 nihilominus
1717 1208 1747 1263 id
1764 1209 1794 1265 in
1811 1226 1893 1267 88888
1904 1180 1995 1265 ilceto

192 1286 323 1358 netes,
346 1288 487 1344 Christum
512 1306 613 1361 corpus
638 1307 719 1345 suum
743 1306 794 1361 pro
816 1290 896 1346 nobis
914 1292 943 1346 in
962 1311 1032 1349 mor·
1058 1308 1145 1347 88888
1176 1292 1315 1348 mediante
1346 1291 1494 1349 benedicto
1519 1309 1592 1364 pane
1617 1294 1793 1365 manducari,
1828 1310 1893 1353 eum

191 1380 251 1431 ten
273 1374 422 1431 tradidisse
446 1380 474 1432 et
497 1376 663 1449 sanguinem
687 1392 767 1432 8888
791 1394 843 1449 pro
865 1378 1032 1435 8818188118-
1058 1376 1206 1451 utrumque
1242 1377 1384 1450 Scriptura
1411 1378 1502 1436 verbis
1530 1381 1649 1453 propriis
1681 1386 1710 1438 et
1739 1381 1894 1456 perspicuis

194 1459 285 1531 diasa;
306 1461 421 1532 quidam
439 1461 558 1534 denique
576 1462 716 1533 duplicem
729 1462 959 1535 significationem
977 1465 1031 1521 11118
1058 1469 1170 1520 asserat.
1212 1470 1234 1520 1.
1255 1464 1388 1532 Quaestio
1411 1465 1571 1537 igiturest,
1595 1484 1631 1522 an
1650 1467 1720 1524 haec
1737 1467 1894 1527 88881881

193 1547 288 1607 verbis
305 1547 443 1618 tribuunt,
461 1554 493 1605 88
512 1547 636 1621 888888
655 1549 766 1606 818188
784 1552 902 1622 proprie,
920 1551 1032 1608 88888-
1058 1551 1207 1606 consistere
1234 1551 1482 1622 8888188,8881888
1509 1552 1616 1609 88111888
1640 1554 1763 1625 corporis
1789 1552 1895 1612 ctrtsu

192 1646 263 1704 8888
292 1640 322 1689 et
348 1635 483 1707 sanguine
513 1632 615 1690 Christi
640 1636 828 1708 metaphorice
852 1638 1032 1709 accipiantur.
1059 1644 1087 1691 et
1103 1637 1207 1692 veritas
1223 1636 1540 1737 praeseutiaeejusdem
1559 1640 1686 1697 1888888
1704 1638 1893 1699 8888811188

56 1716 86 1768 ²·
108 1716 180 1767 1⁰⁸·
193 1722 219 1775 1.
236 1716 343 1775 Vocem
362 1724 508 1780 κοινωνίας
524 1720 601 1792 8888
619 1720 738 1777 Paralum
759 1730 781 1781 1.
800 1722 862 1780 Cor.
883 1730 930 1791 10’,
946 1742 971 1780 8.
992 1731 1032 1782 16.
1059 1722 1241 1793 affirmemus,
1269 1723 1421 1779 8888888888
1448 1731 1569 1797 negant,
1598 1730 1628 1780 et
1653 1742 1686 1783 ex
1712 1724 1894 1783 8818888888

55 1787 162 1839 ''⁹⁹“-
191 1804 337 1877 aceipiunt
359 1807 545 1877 metonymice
566 1824 617 1878 pro
635 1807 743 1864 efficaci
762 1814 883 1878 tessera,
907 1810 1034 1884 symbolo
1059 1809 1141 1864 88188
1175 1809 1298 1865 inferunt
1325 1809 1502 1882 negationem
1527 1811 1641 1867 81888188
1666 1812 1778 1883 vitiosa
1810 1828 1895 1886 8888·

193 1906 244 1949 888
260 1891 380 1967 pignore
398 1894 598 1950 communionis
617 1896 908 1969 888888818888888
926 1903 954 1955 88
972 1916 1033 1954 888-
1059 1901 1128 1950 nent
1154 1896 1228 1951 8818
1254 1895 1404 1963 88118888,
1429 1897 1650 1952 cursantem
1671 1897 1845 1970 8888881188
1864 1899 1895 1955 18

56 1977 181 2074 mn*
195 1978 281 2049 gaiae
298 1976 412 2037 Christi.
449 1984 473 2036 3.
493 1978 598 2036 Vocem
617 1983 776 2037 1888888811
792 1984 867 2055 apud
883 1983 989 2040 Lucam
1008 2003 1032 2042 8.
1060 1998 1146 2038 88888
1164 1982 1257 2054 888188
1275 1989 1390 2055 negent,
1414 1999 1497 2056 quam
1515 1983 1659 2038 88888888
1677 1984 1799 2056 corporis
1815 1983 1895 2043 utst-

142 2043 174 2075 ““
194 2068 238 2129 11,
258 2083 284 2120 8.
303 2070 346 2123 11).
365 2070 393 2123 et
411 2065 531 2123 Paulum
555 2071 576 2121 1.
595 2064 659 2124 eor.
680 2075 768 2135 11,r.
789 2075 831 2127 15.
849 2070 1033 2143 interpretan-
1060 2069 1110 2139 sti,
1132 2085 1196 2125 cum
1221 2075 1369 2141 utrumque
1391 2069 1532 2142 88181888
1552 2069 1691 2140 88888888,
1715 2076 1773 2127 tam
1795 2072 1895 2129 888188·

193 2157 242 2207 888
256 2169 309 2224 888
329 2152 440 2226 signum
460 2171 509 2209 888
529 2154 653 2226 sigillum
670 2156 734 2210 novi
751 2156 826 2213 illius
837 2156 958 2214 18888818
970 2176 1034 2216 888-
1059 2158 1116 2211 tem
1132 2156 1308 2227 praesentius
1326 2171 1410 2227 quam
1430 2155 1574 2211 8881888888
1589 2155 1720 2227 88888818.
1750 2156 1895 2228 8181888,

193 2236 324 2295 11888881
346 2240 579 2312 persanguincm
598 2240 702 2297 Christi
720 2244 891 2314 metonymia
906 2244 1034 2318 subjecti.
1060 2241 1204 2297 vamtatem
1245 2242 1368 2314 corporis
1403 2240 1507 2296 Christi
1541 2258 1603 2298 esse
1637 2241 1787 2298 8881881888
1818 2243 1896 2315 fidei,

58 2323 1036 2487 ..1
1061 2413 1703 2485 ns,
1733 2328 1895 2472 ..88

127 2456 134 2467 ·
419 2455 427 2484 1
1564 2453 1573 2482 s

194 2498 319 2571 corporis
341 2499 445 2556 christi
468 2505 584 2572 propter
605 2500 677 2556 sacri
700 2501 774 2574 sigui
794 2501 927 2569 abusum,
961 2520 1033 2576 quae
1059 2516 1146 2557 coena
1173 2517 1237 2556 8888
1270 2515 1402 2572 praesens
1431 2515 1506 2568 esee3
1543 2515 1611 2572 ergo
1641 2515 1705 2558 sum
1733 2500 1894 2574 8881888888

194 2584 291 2659 glossa
306 2586 336 2641 in
354 2586 448 2642 hrhliis
465 2586 608 2660 'ligurinis
626 2586 680 2659 ipsi
696 2587 786 2643 textui
805 2594 848 2644 888
868 2590 980 2647 inserta.
1059 2587 1174 2643 credant
1197 2587 1243 2642 881
1260 2586 1349 2643 818881
1365 2585 1453 2641 881188
1469 2584 1582 2642 eredere
1601 2586 1631 2641 in
1647 2602 1717 2654 uno,
1741 2602 1792 2644 cur
1807 2586 1893 2645 8888

61 2678 164 2731 881888
231 2678 273 2731 81.
298 2672 432 2738 Quemvis
456 2690 522 2729 vero
545 2678 588 2728 888
610 2689 645 2728 88
668 2677 726 2729 188
743 2675 1034 2748 88888881888818
1060 2672 1086 2729 ci
1107 2672 1247 2746 denegant
1268 2672 1297 2728 in
1315 2671 1421 2728 altero?
1456 2678 1481 2728 8.
1501 2673 1555 2742 Α1,
1580 2672 1721 2746 inquiunt,
1744 2674 1815 2731 nass
1828 2682 1895 2731 88881

61 2732 151 2825 1111“’
195 2759 355 2816 testamenti
379 2762 553 2831 pervertent,
579 2759 693 2832 quidam
710 2766 804 2816 88888
822 2761 961 2818 affirmare
976 2777 1033 2819 non
1059 2760 1296 2815 omnedictors'a:
1326 2760 1452 2816 Christus
1474 2760 1574 2814 retinet
1600 2776 1696 2816 888888
1721 2777 1835 2834 empus,
1867 2769 1894 2818 81

60 2829 185 2947 tzitta?
195 2844 375 2917 erubeseunt,
399 2862 460 2901 sese
478 2844 508 2901 81
529 2844 612 2920 ῥητὸν
628 2846 657 2901 18
676 2847 769 2904 verbis
786 2864 890 2905 888888
907 2850 1032 2908 88818888.
1058 2855 1150 2902 tomen
1171 2846 1294 2901 118818
1311 2862 1404 2901 soona
1411 2861 1550 2916 praecem
1569 2852 1625 2917 est,
1644 2846 1711 2916 jam
1726 2862 1794 2904 asro
1810 2848 1894 2905 Datos

107 2915 324 2989 11“”Ἰ’8881188
360 2932 390 2987 18
419 2938 498 2988 huot
529 2931 565 2989 de
595 2950 682 2990 88888
709 2950 774 3007 pag.
802 2940 860 2992 118.
890 2936 1032 2993 literalem
1058 2952 1115 2989 non
1139 2933 1215 3000 facit
1239 2934 1471 2988 contradictoria.
1514 2932 1739 3005 Respondemus:
1761 2948 1893 3009 urgmus

193 3036 307 3075 senssnn
323 3020 528 3075 manendam
545 3036 605 3075 esse
624 3020 708 3090 dicit,
734 3038 791 3076 non
808 3039 841 3077 ca
854 3023 1032 3095 proprietate
1058 3022 1159 3091 denuo,
1177 3025 1210 3075 88
1227 3026 1366 3092 exponant
1382 3020 1527 3087 rationem,
1545 3036 1595 3075 888
1613 3020 1686 3076 hanc
1703 3024 1811 3092 888888
1827 3036 1893 3078 888-

86 3111 116 3154 t
132 3108 181 3154 111-
192 3106 372 3175 samaram
397 3123 508 3176 suarm,
538 3106 591 3161 ssd
619 3124 652 3162 sc
679 3109 857 3163 cohaerentia
883 3117 910 3164 et
939 3113 1032 3180 σχέσει
1056 3107 1245 3178 indictionis,
1268 3106 1398 3164 818811888
1423 3107 1568 3163 renuam
1583 3108 1770 3179 praesentiae,
1794 3106 1894 3165 malint

188 3194 357 3265 8888888811
381 3198 408 3247 81
432 3192 553 3263 subjecti
573 3195 703 3248 natarali
724 3213 759 3248 ao
773 3195 906 3267 propria.
940 3194 1032 3253 Buca·
1056 3209 1161 3267 negare
1187 3210 1271 3266 quum
1298 3198 1407 3265 partem
1430 3193 1561 3263 8118888,
1591 3192 1721 3249 videlicet
1748 3193 1892 3252 8881881888

192 3296 247 3335 888
271 3279 332 3336 loco
354 3285 397 3337 18.
419 3297 485 3352 pag.
507 3284 570 3336 tet:
605 3282 658 3336 Est
682 3282 795 3352 8118818
821 3283 852 3336 in
876 3282 947 3353 18818
972 3300 1031 3339 osr-
1056 3280 1186 3353 corporis.
1228 3278 1341 3336 Nullam
1364 3283 1440 3335 certe
1464 3279 1599 3334 rationem
1620 3278 1745 3350 proferre
1766 3286 1891 3353 8888888,

191 3366 237 3421 bis
253 3362 285 3422 ssi
311 3365 395 3440 ῥητὸν
417 3367 525 3421 ecstasi
548 3367 754 3422 sacramentale
776 3369 961 3426 retinendam.
996 3368 1031 3425 Id
1056 3385 1129 3441 quse
1156 3368 1192 3423 sit
1220 3366 1311 3423 solida
1337 3372 1366 3421 et
1389 3372 1528 3423 88888888.
1572 3364 1683 3422 ”Cum
1704 3365 1734 3422 in
1751 3366 1891 3440 8811818818

190 3458 291 3526 postes
307 3453 348 3508 sic
366 3452 500 3526 explicat:
528 3453 580 3508 188
599 3454 692 3523 speon
713 3455 922 3511 sacamentote
949 3456 1032 3531 prsis
1056 3453 1249 3527 Marpnrgensi
1271 3452 1357 3525 longa
1379 3451 1439 3508 rixa
1463 3456 1537 3509 esset
1558 3450 1594 3507 de
1614 3456 1779 3524 argumento
1800 3452 1890 3525 philo·

190 3537 332 3594 8188188818
359 3546 399 3594 est
420 3539 600 3608 repalaritsss
616 3539 882 3611 praedicationibus
900 3542 1030 3597 8118188-
1056 3539 1168 3611 sophico
1193 3557 1226 3596 ex
1248 3536 1476 3609 rationaducte,
1501 3554 1589 3593 uuum
1613 3554 1713 3610 corpus
1738 3554 1796 3595 non
1809 3554 1893 3613 88888

187 3625 351 3697 potatione
374 3626 549 3681 amoenante
575 3627 617 3680 od
639 3633 774 3681 88188888
789 3635 1030 3683 88888888188888
1057 3625 1163 3682 888818
1181 3624 1401 3695 818881818818,
1424 3623 1565 3680 refutabat
1581 3623 1612 3679 id
1630 3624 1735 3697 quiden
1752 3622 1892 3687 18881888

189 3710 362 3769 ammaum
407 3710 484 3767 Nam
509 3710 539 3765 in
572 3711 776 3767 sacramentali
802 3712 943 3769 1888818188
972 3730 1030 3769 aon
1056 3726 1090 3766 ex
1115 3712 1177 3783 1888
1193 3710 1370 3785 philosophia
1385 3716 1415 3767 88
1432 3709 1625 3781 Scholasticis,
1648 3710 1699 3766 sed
1716 3708 1892 3786 subjiciebat,

98 3824 108 3849 s
191 3804 252 3853 tam
271 3797 360 3854 litora
381 3813 431 3854 sea
450 3814 536 3853 sonas
554 3796 701 3853 verboram
725 3816 811 3870 queam
833 3798 957 3871 διάνοια,
978 3800 1031 3857 188
1055 3814 1086 3853 88
1104 3816 1161 3853 non
1179 3799 1321 3870 ejsssmods'
1337 3797 1458 3854 rationis
1472 3804 1648 3867 orpumersta,
1664 3800 1891 3870 8888888181·-

191 3892 234 3940 est
250 3883 389 3940 8881888118
407 3886 656 3955 csrta,se‹1aenda
673 3891 727 3956 est,
750 3887 1030 3957 8888888118818888
1056 3903 1156 3958 8188818
1181 3886 1347 3956 Scripturas
1372 3886 1458 3940 88818
1479 3885 1641 3956 requirerer
1674 3886 1779 3956 ptsodsi
1798 3892 1892 3944 881888

189 3978 297 4026 antara
315 3971 500 4034 remanenti,
527 3972 605 4041 qaod
631 3970 759 4028 Christus
779 3974 907 4045 instituit,
925 3981 952 4030 st
968 3992 1031 4031 cum
1057 3976 1169 4029 omnino
1186 3974 1228 4028 818
1244 3972 1387 4043 libentes
1406 3973 1448 4026 ael
1463 3970 1622 4027 condictam
1638 3970 1891 4030 inamoenum·

191 4057 410 4115 maneamus
427 4058 552 4114 88881188
563 4059 749 4114 institutionis
766 4067 793 4115 st
811 4061 948 4131 88818818
958 4063 1033 4133 fidei
1056 4060 1161 4116 metica
1187 4061 1229 4114 ad
1252 4060 1409 4115 sotietatem
1441 4073 1527 4129 usqua
1555 4074 1617 4113 cam
1644 4058 1716 4128 18818
1746 4060 1892 4133 sapsam

191 4143 346 4201 8888888181.
389 4142 455 4200 Huc
484 4144 567 4201 etiam
589 4144 729 4216 pertinent
751 4145 807 4217 illi,
834 4146 882 4221 qui
901 4147 1031 4220 clamant,
1056 4146 1144 4216 selle,·
1166 4163 1238 4200 nanc
1263 4153 1357 4200 tamen
1379 4144 1564 4214 8888818888,
1592 4143 1667 4197 11888
1693 4144 1891 4216 8188881188

192 4246 225 4288 88
246 4234 406 4289 8888888888
428 4231 547 4288 88818888
571 4230 658 4288 rerba
672 4230 790 4303 Christi,
815 4240 885 4305 puta
901 4234 930 4289 18
948 4250 1032 4290 sensu
1057 4235 1106 4288 lus
1132 4234 1163 4287 in
1186 4232 1240 4287 lac
1263 4248 1350 4286 cansa
1366 4230 1438 4285 nicil
1450 4245 1536 4299 posse
1554 4229 1646 4300 81181,
1669 4230 1835 4303 Scriptum
1848 4241 1890 4290 ts·

193 4316 423 4388 momentaria,
450 4318 509 4373 sive
536 4333 600 4373 cum
625 4316 812 4390 explicatione
837 4319 1030 4392 metonymica
1056 4318 1196 4374 stinons'is
1217 4318 1263 4372 118
1280 4332 1351 4387 opus
1368 4331 1436 4371 esse.
1470 4314 1630 4387 wigandus
1655 4314 1685 4372 18
1704 4324 1889 4375 8888888888·

192 4404 283 4479 Δ8881
303 4404 359 4462 hoc
383 4409 426 4461 888
450 4403 644 4475 ἀντικείμενον
670 4404 701 4459 ἐν
719 4410 922 4479 προσκειμένῳ,
946 4422 1031 4479 oppa
1056 4405 1149 4462 riismo
1181 4420 1215 4460 ex
1240 4401 1448 4475 consignatione
1475 4400 1638 4475 cujusdam,
1676 4403 1725 4476 qui
1752 4404 1891 4479 colloquio

191 4490 279 4547 situm
302 4492 334 4547 in
355 4490 500 4563 apposito,
524 4490 550 4546 si
572 4490 601 4547 in
619 4490 711 4547 verbis
726 4507 829 4548 888888
846 4507 903 4547 888
920 4498 979 4549 888
998 4493 1031 4548 li·
1057 4489 1251 4563 Marpnrgensi
1265 4488 1400 4559 interluit,
1417 4486 1438 4545 1.
1455 4488 1551 4546 trab.
1587 4488 1622 4545 18
1639 4489 1736 4545 eodem
1754 4488 1892 4565 cossoqulo

193 4583 255 4634 8888
269 4594 355 4651 quam
373 4576 485 4634 διάνοια
509 4578 665 4653 sequenda,
686 4576 711 4632 si
735 4578 922 4649 metonymica
946 4578 1031 4652 expli·
1056 4578 1195 4634 Lutherus
1229 4576 1354 4634 dicebat:
1383 4577 1445 4631 Nos
1459 4575 1648 4644 fundamenti
1673 4577 1735 4633 loco
1758 4577 1892 4648 ponimus

194 4662 268 4719 ostio
294 4660 350 4720 illis
373 4663 531 4732 inferenda,
560 4665 698 4737 quomodo
723 4664 753 4719 81
778 4664 862 4740 ῥητὸν
883 4664 1030 4721 verborum
1056 4665 1167 4720 8881888
1197 4665 1268 4735 Dei,
1292 4665 1369 4737 8888
1391 4663 1488 4734 primo
1513 4663 1594 4730 81811,
1623 4662 1763 4720 Christum
1789 4664 1891 4721 181888

195 4750 350 4808 retinetur?
369 4751 442 4808 18888
453 4749 536 4825 ῥητὸν
554 4758 583 4808 et
600 4750 728 4809 διάνοιαν
743 4767 800 4806 888
818 4748 900 4807 datur
917 4750 1031 4826 aliquod
1056 4769 1173 4823 carpam
1196 4751 1249 4805 188
1267 4766 1318 4819 epo
1335 4751 1429 4804 creda
1465 4750 1580 4805 Deinde
1599 4751 1684 4818 81811,
1706 4751 1783 4805 illud
1798 4751 1891 4822 ipsum

196 4834 318 4894 medium
340 4836 460 4894 testibus
476 4836 603 4894 omnihus
617 4837 689 4909 J'uris
708 4836 906 4909 interpretibus
925 4842 954 4894 et
971 4837 1031 4894 rhe-
1057 4855 1159 4908 corpus
1182 4836 1362 4891 adscendisse
1380 4836 1422 4890 ael
1438 4835 1530 4892 888188
1547 4843 1574 4890 81
1590 4837 1688 4891 sedsrs
1705 4837 1746 4891 ad
1763 4838 1890 4894 88818888

195 4922 309 4981 turibus.
353 4922 450 4981 Stante
479 4925 551 5000 ῥητῷ
577 4922 691 4980 facessit
721 4924 848 4995 8818888,
872 4930 901 4981 88
920 4930 1031 4993 contra3
1057 4925 1117 4979 Dei
1132 4925 1249 4991 Patris,·
1267 4922 1320 4979 188
1337 4921 1422 4978 etiam
1440 4924 1534 4981 88888.
1570 4923 1651 4978 Dios't
1663 4928 1814 4992 praeterea
1829 4940 1890 4982 sar·

195 5008 312 5082 proinde
336 5009 513 5083 peregrinam
535 5016 564 5064 88
582 5007 702 5067 8118888
720 5010 849 5067 διάνοιαν
867 5028 901 5068 ex
918 5011 1031 5082 proprio
1057 5010 1120 5065 tam
1142 5009 1216 5075 Dei,
1240 5010 1316 5066 illud
1338 5024 1441 5079 corpas
1464 5009 1494 5064 in
1517 5026 1604 5065 coena
1620 5008 1700 5064 88118
1717 5010 1889 5068 8888888888-

196 5095 311 5153 eerebro
336 5095 430 5152 verbis
460 5112 563 5153 888888
590 5094 692 5152 inferre
718 5113 897 5172 nequaquam
925 5101 969 5154 est
993 5096 1031 5166 spi
1057 5097 1125 5151 dam
1150 5097 1233 5160 dari,
1261 5103 1286 5150 et
1309 5095 1361 5149 188
1384 5111 1492 5166 quoqne
1514 5096 1606 5151 ereda
1652 5095 1792 5152 Dominus
1816 5099 1889 5154 ssss'm

195 5180 270 5259 88881
287 5180 432 5238 1818888888
449 5188 478 5238 et
495 5200 528 5239 ex
545 5181 638 5236 verbis
655 5182 765 5254 proprie
784 5182 906 5255 88888818
920 5200 1031 5239 sensum
1056 5199 1132 5237 meas
1151 5180 1377 5236 sauromatas
1393 5181 1535 5248 facillime
1551 5181 1611 5251 188,
1630 5182 1708 5251 quod
1723 5182 1791 5251 8811,
1805 5200 1889 5256 prue-

196 5266 321 5334 haurire,
340 5268 390 5325 sed
407 5268 432 5323 is
450 5268 561 5325 88888
581 5271 624 5323 888
640 5284 737 5324 semus
754 5268 879 5339 11888118,
897 5269 945 5342 qui
964 5273 1031 5324 tunc
1056 5277 1132 5324 stare
1147 5275 1255 5339 potest,
1278 5269 1355 5340 quod
1369 5285 1436 5322 asro
1448 5275 1601 5338 prosam
1618 5268 1671 5323 188
1687 5269 1768 5338 aaa,
1790 5270 1822 5327 iss
1837 5288 1889 5329 suo

196 5354 329 5428 emergit,
351 5355 463 5426 quaudo
485 5355 643 5425 subjectum
664 5360 694 5409 88
714 5355 905 5426 praedicatam
922 5355 952 5410 18
968 5372 1032 5427 pro·
1055 5354 1138 5411 serto
1155 5360 1270 5408 testatus
1287 5359 1335 5423 set,
1354 5354 1402 5409 881
1418 5369 1470 5423 epo
1485 5351 1606 5419 firmiter
1624 5356 1782 5427 1888818888,
1800 5356 1890 5412 88888

197 5439 476 5516 pumannum
496 5438 657 5499 888888.
1042 5398 1268 5510 1888888888
1293 5439 1434 5495 asenna
1454 5441 1607 5498 nnana
1628 5440 1806 5501 naraon.
1838 5444 1890 5499 aa

249 5535 453 5582 88881888.
1541 5548 1560 5605 g
