4004 6022
820 260 875 319 DE
890 260 1084 320 uccuusnt.
1727 270 1796 332 '323

93 425 199 478 ssstmis
221 430 248 476 st
270 422 424 491 impietatis
447 421 552 475 cubum
569 422 715 487 deficient,
737 438 794 475 ucu
812 421 936 488 dubim,
962 419 1100 489 principio
1123 435 1147 472 c.
1173 424 1210 473 ts.
1228 418 1269 472 sic
1288 416 1399 472 scribit:
1435 416 1601 472 Notandum
1618 425 1671 482 est,
1695 421 1797 475 multos

94 511 168 580 quia
196 517 223 563 at
252 516 357 562 ustura
385 508 519 561 ecclesiae
547 508 616 561 tulis
641 507 691 575 sit,
720 524 792 577 qaae
818 509 936 570 deficere
962 521 994 558 ee
1010 505 1114 560 rodeis
1133 515 1240 575 tenpus
1258 512 1355 568 terere,
1374 506 1440 559 dum
1453 505 1587 573 probum,
1607 505 1736 561 absolute
1755 524 1797 561 ec·

88 597 196 666 possit.
232 596 337 664 Deficit
356 601 449 661 totum,
468 595 567 658 forma
584 595 670 648 totius
688 593 854 663 apartibus
869 593 936 658 defi-
961 592 1076 646 ciceiam
1106 609 1162 645 uon
1188 608 1272 660 posse
1297 591 1429 654 derisus,
1456 607 1523 642 uem
1548 591 1682 645 Celsinus
1705 601 1732 645 st
1754 604 1796 646 ee·

95 684 186 735 ciente
209 690 258 737 etc.
299 681 386 734 Solus
412 689 438 735 ct
466 682 594 735 coelestis
617 681 672 735 illc
688 681 783 748 plorio
801 679 936 733 ecclcsiae
961 679 1017 730 teri
1031 677 1166 730 baeretici
1183 678 1216 730 id
1233 678 1398 744 concedunt,
1415 678 1468 728 sed
1483 677 1590 739 dicuut,
1610 678 1735 748 intettipi
1750 680 1795 732 ds·

94 769 164 835 fiais
183 776 231 823 est.
268 769 329 824 Sed
345 768 414 821 boec
427 768 666 837 uepcturuemiei
682 784 793 836 quoquo
813 775 937 835 tempore
961 764 1025 816 tere
1050 767 1086 816 de
1109 764 1226 817 ecclesio
1244 763 1388 816 ium‘sititi.
1424 763 1481 814 Hic
1498 779 1565 830 erpo
1582 780 1639 815 uou
1656 771 1697 817 est
1713 779 1796 831 puce-

97 854 241 909 Gbrsistum
267 855 421 922 profitenti.
460 855 555 908 Durat
582 855 726 918 continue,
756 854 937 921 dissoluatur,
961 850 1061 902 stiones
1086 857 1184 902 status.
1226 854 1249 903 2
1274 846 1336 903 Hoc
1358 864 1422 902 vero
1442 847 1572 915 dicimus,
1600 847 1796 918 particularem

93 941 283 1010 recoitiputur
301 941 432 1005 ecclesia,
453 957 559 994 merces
573 942 639 1010 pios
660 948 755 994 suomet
772 940 935 993 cormesius.
960 935 1105 990 ecclesiam
1137 934 1208 988 benc
1234 941 1263 988 et
1288 934 1364 988 illam
1391 933 1507 989 deficere
1536 951 1629 1004 posse,
1668 934 1720 989 hoc
1746 942 1804 1000 cst,¹

96 1028 233 1092 Miseros,
253 1043 314 1080 eom
331 1027 465 1080 eculeum
478 1028 697 1094 doriucturcm,
716 1026 937 1094 qsscedsficiott
962 1037 1016 1091 quo
1046 1023 1075 1074 in
1106 1022 1165 1075 loco
1194 1020 1273 1076 Deus
1302 1020 1355 1076 sibi
1382 1020 1466 1076 hodie
1490 1038 1541 1091 per
1561 1021 1796 1091 praedicationem

95 1130 208 1167 crucem
238 1121 263 1166 et
287 1113 495 1182 persecutiones
523 1113 585 1180 ejus
612 1115 646 1166 ob
671 1113 768 1166 oculos
789 1128 864 1180 poue
888 1119 936 1166 etc.
960 1105 1038 1162 serbi
1063 1113 1092 1161 et
1114 1106 1379 1162 administrationem
1397 1113 1631 1161 sacramentorum
1651 1108 1794 1163 ecclesiam

99 1199 181 1261 Quos
196 1216 272 1252 uursc
290 1206 331 1252 sst
346 1199 438 1268 culpo,
457 1199 563 1251 dicitur
580 1198 708 1252 militaus
725 1199 853 1251 ecclesio.
885 1197 936 1252 Co·
961 1193 1080 1263 colligit,
1105 1209 1191 1247 ex-eo
1208 1208 1259 1263 par
1276 1193 1402 1247 haereses
1420 1198 1448 1246 et
1466 1194 1671 1263 persecutiones
1690 1195 1794 1263 purita-
1810 1204 1843 1245 xl.
1856 1205 1898 1246 lou

90 1285 164 1356 pice
182 1301 250 1339 sero
268 1286 469 1353 imperatorum
487 1302 562 1338 musso
579 1285 721 1352 uictrices,
747 1300 822 1338 uuuc
837 1285 935 1351 oictce,
961 1285 1017 1334 tem
1035 1279 1113 1334 verbi
1136 1279 1221 1333 divini
1239 1279 1369 1348 temporis
1387 1279 1624 1349 decursu-expelli
1644 1286 1672 1333 et
1691 1279 1794 1336 aboleri

89 1374 159 1442 jam
182 1379 358 1437 emeuuotoe,
380 1387 445 1423 mou
468 1386 632 1423 numerosae
653 1371 755 1423 iterum
771 1371 815 1424 ecl
831 1371 937 1422 uiribus
961 1382 1056 1435 posse,
1088 1382 1178 1437 neque
1201 1367 1273 1419 euim
1300 1365 1350 1419 ulli
1374 1365 1456 1419 alicui
1483 1366 1645 1435 particulari
1664 1367 1795 1421 ecclesiae

97 1459 220 1512 bostium
243 1474 396 1529 oppressae
419 1458 463 1510 oet
482 1457 550 1510 citio
575 1473 625 1510 suo
650 1457 825 1525 dissipatos,·
848 1457 891 1508 ita
907 1457 937 1508 iu
963 1453 1030 1506 data
1046 1459 1089 1506 est
1108 1453 1236 1506 absoluta
1255 1452 1412 1522 promissio,
1438 1451 1513 1522 quod
1531 1451 1626 1506 futura
1646 1453 1683 1507 sit
1699 1468 1796 1523 perpe·

96 1544 240 1599 militante
261 1543 379 1596 ecclesio
397 1543 523 1611 populus
550 1542 658 1595 Christi
680 1544 711 1595 io
735 1541 844 1608 uarios,
869 1558 939 1609 quos
962 1546 1012 1593 tua
1034 1555 1068 1592 ac
1092 1538 1241 1592 defectioni
1264 1539 1480 1609 haudquaquam
1503 1538 1629 1593 obnoxia
1668 1538 1798 1602 Quamvis

96 1631 192 1698 iubet,
214 1647 349 1699 pupuurss
375 1630 468 1682 tostos
491 1646 566 1682 memo
594 1630 727 1682 uictorem
751 1629 827 1698 opit,
864 1645 938 1680 nuuc
963 1642 1028 1679 sero
1047 1625 1116 1678 haec
1136 1632 1164 1678 et
1179 1625 1227 1678 illa
1244 1625 1419 1694 particularis
1437 1625 1557 1679 ecclesia
1570 1625 1689 1694 deliciet,
1706 1632 1798 1681 tamen

95 1717 234 1785 ussaw,
253 1717 314 1783 jum
328 1718 457 1785 potentie
468 1724 652 1783 tyr-cursorum
661 1716 811 1784 premitur,
831 1731 895 1766 mor
908 1715 939 1766 iu
963 1711 1080 1765 eeclesia
1110 1710 1237 1764 absolute
1262 1718 1290 1764 et
1315 1709 1477 1779 simpliciter
1501 1710 1638 1780 loquendo
1656 1729 1798 1783 nunquam

95 1818 242 1856 eumer-rom
261 1803 403 1866 accrescit,
424 1803 526 1854 iterum
544 1801 590 1855 oel
606 1801 736 1870 potentia
755 1807 938 1868 tpruuucrum
964 1797 1072 1865 delicit,
1099 1797 1165 1868 quis
1190 1795 1299 1866 colligit
1321 1796 1373 1849 sibi
1400 1797 1477 1850 Deus
1499 1804 1634 1867 perpetuo
1654 1798 1798 1853 ecclesiam

95 1888 142 1942 ecl
159 1889 287 1956 speciosa
301 1888 460 1941 docentium
476 1889 572 1950 forma
590 1887 634 1939 sel
648 1886 771 1939 uiolenta
782 1902 938 1954 precarium
964 1899 998 1936 er
1022 1899 1125 1952 genere
1149 1882 1271 1937 humano
1296 1898 1386 1952 usque
1405 1881 1441 1935 ad
1461 1880 1544 1936 finem
1562 1883 1671 1951 mundi,
1700 1885 1724 1937 si
1743 1902 1798 1938 non

96 1974 262 2043 opinionum
279 1973 448 2027 ocutos-itate
469 1972 649 2040 opprimitur,
667 1972 711 2024 vel
734 1972 853 2041 domique
873 1971 938 2040 ipso
964 1969 993 2020 in
1012 1968 1079 2034 hoe,
1102 1973 1196 2022 temen
1219 1969 1248 2020 in
1273 1967 1326 2021 alio
1350 1967 1461 2037 populo.
1501 1973 1525 2021 3.
1545 1967 1686 2039 Negamus
1707 1969 1799 2040 igitur,

95 2059 144 2112 sui
175 2059 304 2112 iuteritm
327 2058 538 2111 crcbr'tectotrs'c
560 2059 617 2111 sibi
637 2059 751 2125 usupare
775 2058 938 2126 opiuicuum
966 2054 1110 2108 ecclesiam
1136 2053 1173 2108 ad
1196 2059 1300 2107 certam
1327 2052 1467 2123 quandam
1493 2052 1586 2107 sedem
1610 2072 1642 2108 eo
1661 2056 1743 2109 modo
1762 2056 1800 2111 al-

93 2146 187 2213 mmsis
212 2145 329 2199 mimium
355 2146 475 2213 placens
501 2146 593 2214 officii
620 2145 751 2197 termium
777 2144 937 2212 obsequimn
965 2140 1080 2210 ligatam
1098 2155 1165 2205 esse,
1184 2146 1217 2192 ut
1235 2140 1265 2191 in
1282 2139 1329 2192 illa
1347 2146 1482 2208 perpetua
1495 2140 1616 2208 quadarn
1627 2143 1800 2198 successione

86 2248 168 2300 erpa
187 2233 384 2300 imperatorem
402 2232 483 2286 cesdt.
513 2233 621 2300 Nempe
633 2233 707 2298 repit
717 2247 799 2283 serum
813 2230 939 2287 Girumu
965 2225 1068 2279 visibili
1092 2224 1239 2294 splendore
1263 2225 1300 2278 sit
1326 2224 1473 2290 duratura,
1499 2225 1572 2278 sicut
1595 2228 1744 2281 adversarii
1765 2229 1799 2282 de

94 2317 244 2371 ecclesiam
263 2325 288 2370 st
308 2317 426 2384 coltipit,
446 2333 502 2370 eor
520 2317 707 2384 utquoudcm
719 2324 798 2383 essu,
816 2317 939 2384 crotjcm
965 2310 1089 2365 Romana
1112 2310 1230 2365 ccclesia
1250 2308 1359 2376 dicunt,
1383 2310 1462 2378 quod
1478 2310 1516 2362 sit
1532 2311 1617 2364 unico
1634 2313 1688 2364 iilo
1706 2315 1799 2368 cotto·

95 2421 155 2458 acu
172 2403 333 2472 iutsrmpta
353 2404 399 2470 sit,
418 2404 471 2455 sed
489 2410 519 2454 ut
536 2402 568 2454 iu
584 2402 669 2456 terris
687 2418 797 2471 quoquo
816 2411 939 2471 tempora
966 2395 1023 2449 lica
1043 2395 1175 2464 ecclesia,
1202 2397 1234 2446 iu
1255 2411 1314 2463 quc
1336 2395 1373 2446 sit
1399 2396 1525 2464 poutissu
1548 2395 1655 2450 Olers'sti
1676 2399 1800 2455 sicarius

96 2490 245 2543 collectum
271 2490 302 2541 iu
326 2489 411 2544 codis
426 2488 578 2555 recouipot
594 2487 767 2541 credentium
784 2489 939 2541 multitudi-
964 2489 992 2534 et
1012 2498 1156 2535 successor
1175 2480 1270 2546 Petri,
1293 2481 1341 2533 cui
1360 2496 1453 2535 omues
1473 2481 1586 2534 obestirc
1604 2492 1745 2554 opor-tect,
1768 2487 1798 2538 iu

94 2592 166 2628 uun.
202 2575 331 2641 Florus't,
356 2575 501 2642 domme,
524 2573 679 2637 reflorescit
702 2589 777 2626 uuas
794 2582 821 2625 et
837 2590 937 2642 mcpoo
964 2585 1021 2637 qua
1052 2568 1115 2622 solo
1140 2573 1281 2636 perpetuo
1309 2574 1336 2619 et
1364 2584 1421 2620 sou
1449 2567 1608 2636 interrupto
1632 2572 1798 2639 pontificum

96 2661 129 2713 irs
147 2661 233 2714 terris
249 2661 423 2713 credentium
440 2674 557 2712 numero
573 2658 679 2726 ripctr't
696 2659 824 2714 ecclesio.
862 2659 937 2714 Soci-
963 2656 1136 2709 successione
1152 2668 1240 2722 usque
1257 2655 1298 2706 ud
1315 2653 1384 2705 boec
1402 2661 1529 2721 tempcua
1547 2655 1694 2708 doctrines
1711 2658 1798 2711 coels-

95 2764 151 2801 uus
167 2746 248 2817 epist.
271 2752 292 2801 1.
313 2745 349 2799 ad
368 2745 467 2799 Matth.
486 2744 606 2800 Redecc.
624 2761 653 2814 p.
671 2751 719 2799 ts:
743 2746 878 2808 Deiectio
895 2762 937 2798 ec·
964 2743 1016 2795 stis
1039 2740 1144 2794 ueritas
1164 2740 1201 2792 sit
1218 2746 1395 2807 conseruate,
1421 2748 1651 2808 praesumtum
1667 2744 1799 2812 spteadc·
1847 2756 1850 2762 ’

96 2835 203 2887 etesius
227 2835 422 2902 apostolorum
443 2841 569 2901 tcmpmu
594 2841 690 2885 semota
712 2851 769 2886 sors
788 2833 846 2898 fuit
864 2835 938 2902 ejus·
963 2845 1022 2882 rem
1048 2827 1178 2881 uouere
1200 2834 1226 2879 ct
1246 2825 1379 2880 habituro
1395 2826 1433 2878 sit
1447 2833 1628 2894 perpetuum,
1655 2828 1695 2880 ita
1713 2837 1745 2881 ut
1763 2831 1800 2882 ob
1831 2867 1834 2874 -

97 2920 186 2988 mods,
206 2935 277 2988 qsme
296 2920 405 2972 uultum
423 2919 570 2971 ecetesiam
586 2919 805 2987 sdspmucitsm
816 2921 938 2988 relique·
964 2914 1090 2968 omuibus
1116 2912 1210 2966 uideri
1231 2913 1323 2980 possit
1347 2919 1398 2967 etc.
1443 2918 1468 2968 t.
1492 2911 1551 2970 Ne'c
1575 2915 1647 2967 banc
1666 2917 1755 2969 solum
1771 2924 1800 2970 et

96 3007 139 3058 rit
155 3013 181 3058 et
197 3006 417 3068 fundumentum,
436 3005 513 3072 quod
531 3013 572 3057 est
586 3004 714 3057 Obrutus
726 3004 938 3069 Jemsusubtra-
964 3000 1042 3054 illam
1069 2999 1264 3070 particularem
1298 2998 1457 3067 ecclesiam,
1486 2999 1535 3052 sed
1565 3017 1659 3054 omnes
1689 3002 1799 3056 omniuo

98 3091 179 3143 uerit.
224 3090 382 3158 Uticrruquc
408 3091 481 3142 cuim
507 3089 616 3143 Christi
636 3091 780 3157 doctriua,
806 3093 883 3159 quod
898 3093 939 3144 od
964 3088 1144 3157 particulares
1169 3084 1312 3151 ecclesias,
1339 3085 1464 3155 adeoque
1485 3090 1573 3138 totam
1596 3086 1733 3140 visibilem
1756 3104 1798 3141 ec·

98 3179 161 3244 ejus
175 3183 331 3245 praecepto
349 3177 460 3239 attinet,
486 3176 598 3230 illibate
619 3183 784 3229 conservato
802 3177 873 3244 fuit,
898 3176 939 3229 ibi
964 3173 1076 3226 clesiam
1095 3170 1170 3224 nube
1188 3169 1421 3238 corruptelarum,
1442 3186 1578 3238 enorum,
1595 3172 1798 3240 scandalorum,

98 3264 158 3317 sirm
177 3263 261 3314 didio
278 3262 340 3328 ipse
360 3262 489 3316 Obristm
504 3261 592 3314 Jcsus
608 3262 700 3325 fecisse
716 3276 780 3314 esre
799 3263 859 3314 dici
873 3270 937 3331 pot-
964 3257 1127 3319 haeresium,
1146 3256 1368 3325 persecutionum
1386 3260 1440 3309 eto.
1459 3255 1612 3323 obscurari,
1630 3257 1716 3327 inque
1734 3275 1798 3311 aum

99 3357 148 3412 est,
160 3365 210 3400 uec
223 3349 312 3400 donec
322 3346 491 3400 idololatria
504 3347 533 3400 iu
544 3348 704 3400 mamercum
713 3347 937 3402 Christianorum
963 3349 1066 3397 statum
1084 3342 1173 3411 redigi
1191 3358 1273 3412 posse
1292 3340 1422 3409 dicimus,
1442 3346 1474 3393 ut
1492 3340 1622 3409 splendor
1641 3347 1670 3396 et
1686 3343 1798 3397 claritas

96 3434 166 3504 (qui
199 3433 436 3503 appellabantur)
473 3440 581 3486 coctum
613 3433 723 3486 iuoscta
752 3432 822 3500 fuit,
863 3451 936 3502 potae
963 3430 1023 3498 ejus
1047 3428 1165 3482 exterior
1189 3427 1316 3496 deficiet,
1343 3442 1395 3481 uec
1419 3427 1538 3496 supersit
1561 3427 1674 3482 illustris
1697 3429 1798 3500 aliquis

99 3520 208 3574 ebriati
232 3528 257 3572 et
280 3520 474 3588 apostolorum
499 3521 561 3587 ejus
573 3521 737 3588 praeceptis
751 3521 866 3587 penitus
884 3523 936 3572 ud·
959 3504 991 3570 ‘et
1017 3514 1181 3584 conspicuus
1199 3520 1308 3581 coetus,
1332 3514 1379 3583 qui
1397 3530 1466 3582 puro
1485 3514 1562 3568 verbi
1580 3513 1731 3570 ministerio
1746 3534 1796 3588 pu-

97 3613 235 3672 oersctur,
250 3606 338 3675 pleno
357 3590 417 3669 fuit
436 3605 566 3668 defectio.
602 3606 690 3675 Epist
712 3610 738 3659 t.
760 3623 788 3673 p.
810 3610 858 3661 84:
878 3607 938 3660 Sub
963 3602 1035 3657 blice
1054 3607 1170 3655 sonante
1189 3601 1326 3671 gaudeam
1346 3601 1456 3654 iuterim
1475 3607 1567 3656 tamen
1587 3618 1696 3672 semper
1704 3618 1797 3674 snper·

98 3692 265 3745 antechristo
299 3692 414 3760 pleucm
444 3692 629 3755 defectionum
651 3693 744 3755 fuisse
774 3710 831 3745 uon
857 3709 935 3760 nepo.
961 3694 1028 3743 mint
1050 3688 1138 3758 aliqui
1163 3687 1374 3743 fundamentum
1397 3686 1462 3741 fidei
1490 3689 1638 3743 retinentes
1662 3705 1695 3743 ac
1720 3690 1797 3745 Deus

99 3776 272 3832 Photiniauis
283 3778 422 3832 consentit
433 3775 527 3832 Simon
538 3776 703 3848 Episcopius
713 3776 894 3832 Arminiauus
905 3778 934 3832 in
962 3777 1045 3831 etism
1070 3791 1120 3846 per
1141 3779 1301 3843 corruptum
1327 3773 1509 3827 ministerium
1534 3774 1605 3829 filios
1624 3782 1652 3829 et
1671 3776 1742 3831 filias
1760 3776 1796 3831 ad

99 3863 171 3933 disp.
192 3863 261 3933 priv.
280 3864 316 3917 de
336 3862 452 3919 ccclesia
464 3862 505 3918 th.
520 3869 564 3918 tu:
583 3865 736 3932 Addimus,
753 3865 831 3933 qucd
843 3871 935 3919 mmm
961 3862 1124 3918 catholicam
1150 3860 1316 3915 invisibilem
1346 3860 1492 3914 ecclesiam
1518 3861 1688 3929 pertinentes
1713 3880 1795 3934 geue·

98 3967 132 4003 es
160 3967 192 4003 co
216 3949 336 4018 (scilicet
360 3949 504 4004 ecclesiam
527 3949 681 4020 quamlibet
705 3947 822 4004 deficere
840 3954 934 4020 posse)
960 3955 1012 4004 rat
1055 3956 1079 4006 5.
1103 3947 1308 4018 Distingnimus
1332 3963 1399 4017 ergo
1421 3947 1493 3999 inter
1515 3947 1690 4015 splendorem
1708 3951 1795 4005 eccle·

95 4036 257 4090 messario
281 4037 420 4104 sequitur,
447 4044 536 4090 totum
561 4044 587 4090 ct
612 4036 771 4090 uuiversum
790 4038 934 4092 ecclesium
961 4037 1019 4090 siae
1041 4036 1193 4103 internum,
1217 4033 1266 4103 qui
1283 4032 1312 4086 in
1330 4032 1394 4099 fide,
1412 4048 1474 4100 spe,
1498 4032 1616 4086 caritate
1635 4041 1664 4087 et
1679 4035 1795 4089 internis

96 4121 129 4175 irs
148 4122 233 4175 terris
251 4123 369 4187 deficere
382 4138 475 4190 posse.
504 4122 576 4177 Ibid.
595 4122 665 4177 thes.
690 4127 736 4176 tt:
754 4123 851 4192 Neque
867 4141 934 4178 sero
961 4123 1081 4193 Spiritus
1100 4140 1121 4174 s.
1141 4119 1222 4175 donis
1240 4116 1380 4186 consistit3
1404 4126 1433 4171 ot
1450 4124 1607 4183 externum,
1631 4119 1723 4189 quiin
1741 4119 1794 4174 fre·

95 4224 207 4263 necesse
230 4223 292 4262 esse
319 4208 473 4276 credimus,
499 4211 542 4261 ad
557 4208 621 4271 troo,
645 4216 675 4260 ut
696 4207 825 4262 Curictam
841 4226 893 4264 ree
908 4219 935 4264 et
961 4209 1076 4281 quentia
1099 4206 1256 4272 homiuum,
1281 4201 1520 4274 tranquillitates
1546 4206 1793 4274 persecutionibus,

96 4301 183 4363 caput
210 4301 323 4348 mcueot
347 4295 377 4346 irs
399 4293 499 4361 terris,
525 4294 672 4349 ecclesium
696 4295 823 4363 aliquem
839 4312 933 4349 ueram
961 4295 1089 4350 claritate
1107 4297 1136 4346 et
1152 4290 1273 4362 puritate
1293 4289 1435 4344 doctrinae
1454 4288 1568 4358 publice
1585 4292 1719 4360 sonantis,
1744 4292 1793 4345 mi·

97 4395 206 4448 sempcr
229 4381 333 4433 emet*
372 4379 428 4434 Sed
450 4385 483 4434 ut
502 4381 705 4435 coutroversiae
721 4385 812 4436 status
833 4383 935 4436 rectius
961 4380 1074 4436 nisterio
1092 4376 1170 4433 verbi
1188 4377 1348 4445 incorrupto
1367 4381 1420 4430 etc.
1437 4375 1570 4431 consistit.
1606 4377 1734 4433 Internus
1751 4393 1794 4432 ec-

97 4465 283 4534 peroipiatur,
316 4464 491 4520 observanda
530 4472 596 4520 suut
630 4467 776 4538 sequeutia
804 4466 935 4521 membra.
961 4466 1062 4521 clesiaa
1079 4462 1210 4534 splendor
1228 4466 1271 4514 est
1288 4458 1328 4512 illi
1347 4461 1501 4514 essentialis
1521 4468 1549 4516 et
1565 4467 1730 4533 perpetuus,
1749 4478 1794 4518 er·

64 4593 66 4596 .
101 4557 124 4606 l.
142 4551 325 4622 Nequaquam
342 4550 498 4614 statuimus,
518 4551 665 4606 ecclesiam
682 4552 846 4606 catholicam
868 4549 935 4606 defi·
962 4559 1057 4606 ternus
1078 4566 1143 4604 vero
1162 4544 1342 4602 accidentalis
1361 4551 1390 4599 ct
1403 4546 1570 4616 temporalis.
1607 4547 1734 4603 Ecclesia
1750 4564 1796 4603 ce·

56 4642 84 4702 ,'
98 4653 161 4692 cere
180 4639 224 4693 vel
244 4636 355 4693 interire
372 4655 470 4707 posse,
488 4637 555 4708 quia
574 4637 700 4692 Christus
720 4645 763 4694 est
779 4655 827 4692 rex
848 4643 935 4692 uctor-
962 4637 1065 4692 thelica
1100 4633 1247 4689 invisibilis
1280 4649 1424 4703 uunquam
1454 4632 1547 4687 deficit
1581 4650 1632 4688 nec
1658 4635 1796 4690 internum

99 4740 152 4777 nus
170 4730 199 4778 et
215 4741 334 4793 sponsus
351 4723 485 4778 ecclesiae
501 4730 668 4795 perpetuus,
692 4727 721 4777 ri
741 4740 807 4795 ergo
825 4723 934 4779 relatio·
962 4723 1137 4795 splendorem
1161 4720 1190 4774 in
1212 4718 1299 4775 oculis
1322 4718 1376 4773 Dei
1400 4718 1516 4787 amittit,
1546 4720 1595 4772 sed
1613 4720 1795 4790 particulares

69 4866 72 4873 ,
97 4809 142 4863 uia
166 4825 284 4879 regnum
308 4808 396 4863 habet
417 4813 560 4864 aeternum
582 4815 611 4863 et
630 4827 739 4879 semper
756 4809 811 4863 sibi
828 4808 936 4879 colligit
962 4818 991 4866 et
1013 4807 1136 4864 visibiles
1156 4807 1296 4863 'ecclesiae
1321 4824 1354 4862 eo
1374 4806 1457 4861 modo
1474 4823 1507 4860 ac
1527 4824 1609 4861 seusu
1629 4824 1662 4862 eo
1681 4805 1797 4862 deficere

99 4895 245 4950 ecclesiam
275 4911 309 4950 ex
337 4911 440 4965 genere
470 4895 603 4959 humano,
634 4913 716 4966 quam
746 4902 778 4950 ut
805 4911 934 4966 sponsam
962 4902 1092 4968 possunt,
1117 4900 1149 4949 ut
1172 4911 1226 4948 non
1250 4892 1408 4947 inveniatur
1426 4892 1526 4962 aliquis
1545 4898 1640 4946 coetus
1658 4893 1796 4962 publicus,

50 4993 85 5038 ua.
99 4999 179 5036 suam
196 4981 281 5052 fovet,
303 4986 392 5050 amat,
410 4986 504 5035 tuetur
522 4987 550 5035 et
567 4982 602 5035 ad
622 4981 755 5051 gaudium
772 4981 935 5036 coelestium
962 4980 1076 5037 illustris
1093 4987 1122 5035 et
1136 4979 1257 5034 omnium
1269 4978 1357 5032 oculis
1374 4976 1487 5046 obvius,
1510 4977 1540 5030 in
1559 4995 1613 5048 quo
1633 4978 1746 5047 publice
1762 4995 1796 5035 ac

99 5067 260 5137 nuptiarum
287 5067 353 5122 olim
375 5066 540 5120 introducet.
579 5066 694 5119 Inanem
720 5066 806 5137 igitur
822 5040 1048 5123 sumuntllibere
1073 5071 1152 5121 sonet
1173 5064 1280 5135 puritas
1306 5063 1382 5118 verbi
1407 5070 1435 5116 et
1454 5062 1550 5132 rigeat
1572 5062 1712 5132 legitimus
1729 5081 1796 5119 usus

99 5169 213 5223 operam
234 5153 382 5224 scriptores
406 5152 446 5206 illi
463 5149 617 5219 Pontificii,
641 5150 689 5221 qui
713 5169 815 5223 magno
834 5160 935 5208 conatu
962 5159 1210 5218 sacramentorum,
1236 5148 1286 5203 scd
1310 5149 1349 5219 pii
1369 5148 1540 5204 confessores
1567 5150 1734 5220 quandoque
1752 5151 1795 5205 fu·

100 5257 150 5294 nos
174 5245 354 5311 oppugnant,
375 5238 455 5309 quasi
477 5243 646 5305 statuamus,
672 5237 815 5291 ecclesiam
834 5239 936 5294 Christi
963 5246 1077 5313 gantur,
1100 5237 1288 5308 expelluntur,
1313 5235 1424 5289 latitant
1442 5234 1469 5287 in
1488 5234 1627 5300 cavernis,
1648 5241 1677 5288 et
1694 5236 1795 5292 invale-

100 5340 182 5394 posse
202 5325 313 5395 penitus
333 5323 449 5379 deficere
468 5323 631 5391 etinterire,
648 5328 775 5394 puguant
794 5310 951 5381 enimomel
965 5326 1105 5383 soendbus
1132 5320 1370 5393 persecutionibus
1399 5337 1432 5373 sc
1458 5320 1623 5387 corruptelis
1652 5322 1796 5378 doetrinae

101 5411 276 5481 adversario,
297 5429 362 5467 cum
379 5426 460 5466 nemo
480 5415 606 5465 noenum
626 5408 702 5464 istud
720 5424 844 5478 unquam
862 5411 937 5466 affir-
963 5432 1019 5470 non
1042 5411 1162 5481 amplius
1184 5409 1275 5464 locum
1299 5406 1383 5461 habet
1399 5405 1541 5475 publicum
1561 5411 1589 5462 at
1606 5406 1794 5480 incorruptum

100 5499 192 5553 merit.
240 5497 380 5567 Agnoscit
405 5495 459 5552 uos
486 5497 546 5566 ipss
575 5495 773 5560 Belias-minus,
805 5496 879 5550 unde
908 5499 938 5554 iu
967 5500 1044 5556 verbi
1078 5494 1259 5552 ministerium
1294 5493 1323 5545 iu
1354 5490 1458 5546 risibili
1483 5493 1606 5548 ecclesis.
1657 5496 1796 5551 Pontificii

1415 5595 1465 5652 tl*
