4004 6022
790 192 842 248 DE
862 191 1054 249 eccbusln.
1167 224 1169 231 ·
1700 213 1761 271 499

63 350 183 410 uantur,
201 361 293 415 neque
311 345 384 400 enim
402 345 606 417 seripturarum
628 347 711 403 lectio
729 346 785 402 illis
805 364 900 403 conce·
931 364 1019 403 annos
1041 348 1117 403 edito
1140 348 1170 402 in
1192 364 1266 403 anno
1284 346 1388 402 christi
1408 357 1480 408 teet.
1500 352 1541 409 siu
1556 353 1690 411 habetur:
1716 360 1763 415 De

64 430 155 494 ditur,
172 431 222 487 sed
245 431 381 498 jubentur
401 433 498 487 audire
516 441 641 503 pastores
659 450 723 488 suos
740 433 900 501 ordinarios,
924 433 1096 500 pluralitate
1124 435 1334 502 beneficiorum,
1360 451 1432 502 qnae
1451 439 1528 492 cirea
1545 441 1615 494 baec
1636 451 1762 511 tempora

18 526 49 569 17.
64 516 202 587 quidquid
220 518 332 572 taudem
351 525 521 588 proponant,
540 519 603 573 hinc
616 520 863 576 Bellarmiuuslib.
877 526 900 574 1.
927 520 1010 572 nimis
1040 521 1191 573 invaluisse
1221 521 1333 573 ridetur
1366 528 1392 573 et
1423 522 1552 590 deinceps
1588 530 1761 599 continuata,

64 602 100 656 de
125 603 233 656 clericis
258 620 281 657 c.
303 610 325 658 ἵ.
351 604 489 673 disputat,
517 606 614 658 delere
635 607 745 674 quidem
761 607 900 675 populum
927 606 1096 674 militumque
1123 605 1247 658 eotenus
1275 606 1424 658 ambitione
1448 608 1646 673 praelatorum
1674 623 1699 668 gt
1723 617 1760 667 η’.

63 689 224 741 discernere
242 705 338 741 nerum
352 692 520 758 propnetam
539 710 557 744 1
575 692 669 758 salso,
693 694 819 745 sednon
839 691 900 743 alia
927 691 1055 744 maniaco
1074 691 1136 743 labe
1156 708 1240 759 quam
1258 691 1387 758 plurima
1403 691 1513 759 scripta
1529 701 1647 760 patrum
1661 700 1761 754 laben.

62 775 164 841 rapula
183 792 267 844 quam
283 778 463 838 1111ηά1111,
481 794 519 829 an
531 779 566 842 is,
585 779 635 845 qui
645 780 804 846 praedicat,
823 779 901 830 dicat
926 782 973 827 tur
991 775 1159 830 delectantia
1175 776 1323 829 abusiones
1335 778 1414 832 istae.
1443 779 1483 829 Et
1495 786 1570 845 nota,
1586 781 1663 847 quod
1672 786 1761 842 sanila

63 862 210 914 centuria
237 862 291 924 iis,
316 879 388 929 quae
408 863 576 916 dicebantur
594 881 613 915 a
630 864 900 931 praedecessoribus,
927 860 1032 913 inuenti
1049 869 1113 914 sunt
1127 877 1271 928 pauperes
1293 861 1390 914 clerici
1408 864 1583 928 delectares,
1605 866 1655 932 qui
1664 866 1760 933 pierre·

63 946 115 1008 iis,
143 963 214 1014 prae
242 948 374 1000 dicuutur
401 949 438 1001 ab
464 949 532 1002 aliis
557 949 714 1003 ordinariis
728 950 900 1018 pastoribus,
927 946 1035 998 litatem
1054 946 1247 1012 beneficiorum
1265 954 1290 998 et
1304 964 1440 1017 ponupam
1457 949 1763 1004 ecclesiasticorumre·

57 1034 231 1101 massutim
253 1034 289 1086 ab
308 1033 466 1101 apostatica
484 1034 631 1102 (Romana)
650 1037 716 1088 sede
734 1043 759 1089 et
779 1036 899 1089 molesia
926 1032 1142 1099 prehenderunt,
1160 1033 1248 1085 donec
1266 1033 1380 1101 offerret
1393 1049 1423 1085 se
1436 1035 1546 1086 occario
1554 1036 1762 1105 participandi,

56 1118 228 1187 principali.
261 1117 370 1172 Ibidem
394 1119 549 1174 concludit:
576 1122 645 1175 0111
661 1129 764 1189 pastor
784 1122 900 1176 ordina·
927 1136 982 1185 qua
1016 1126 1131 1186 accepta
1166 1120 1348 1170 communiter
1373 1119 1499 1172 auaritia
1527 1120 1681 1173 meaccauit
1706 1137 1761 1174 eoa.

59 1206 122 1258 rius
143 1213 170 1257 et
187 1205 293 1272 aliquia
311 1205 387 1257 alins
405 1206 455 1273 qui
469 1207 623 1274 praedicat
639 1225 694 1260 non
711 1216 825 1261 uocatus
836 1225 900 1260 con·
927 1204 1031 1256 Fertur
1048 1205 1084 1256 de
1102 1205 1225 1272 quodam
1242 1205 1378 1273 magistro
1393 1206 1697 1276 nrapnaets'tsratnrss,
1713 1208 1763 1276 qui

60 1291 156 1343 traria
178 1292 294 1355 docent,
317 1292 395 1358 quod
419 1291 517 1343 debeat
535 1293 646 1344 omnino
661 1293 789 1361 populus
804 1301 900 1362 pasto·
927 1289 1009 1342 ualde
1027 1289 1182 1343 sublimiter
1201 1290 1356 1358 disputarit
1374 1298 1473 1343 contra
1492 1291 1761 1360 diuitiaspraelato·

59 1393 121 1428 rem
148 1393 227 1428 ereum
252 1376 348 1443 potius
377 1377 457 1443 seqrn
481 1392 565 1445 quam
590 1378 672 1430 illum
689 1378 822 1444 alterum,
852 1378 901 1446 qui
926 1392 989 1426 rum
1007 1375 1285 1441 etsastumeorum,
1305 1376 1388 1443 quasi
1406 1377 1578 1429 omninoeic
1597 1379 1761 1432 1111111111

60 1479 119 1515 non
140 1469 180 1515 est
195 1470 309 1529 pastor,
330 1461 442 1515 etiamsi
459 1464 534 1524 forte
554 1465 733 1531 contingeret,
751 1472 782 1517 nt
796 1473 899 1532 pastor
925 1460 1029 1513 liceret
1065 1461 1146 1513 Haec
1165 1478 1226 1513 cum
1244 1464 1376 1514 nuntiata
1395 1463 1508 1516 domino
1524 1480 1620 1531 pupae
1631 1465 1761 1534 fuissem,

62 1556 181 1601 erraret.
216 1547 280 1601 Huc
298 1548 419 1617 pertinet
436 1549 616 1603 carbonarius
633 1550 689 1618 illa,
708 1550 757 1620 qui
775 1557 898 1604 11111111
921 1546 1117 1613 plausibiliter
1133 1547 1289 1614 reponat,
1307 1548 1404 1600 demus
1424 1548 1563 1601 eitonam
1575 1542 1769 1618 praeposite

60 1650 80 1686 a
106 1632 210 1689 811111
234 1640 262 1687 11
286 1633 321 1688 de
344 1632 399 1688 fide
426 1650 478 1687 sua
501 1634 687 1706 interrogatus
705 1636 899 1705 respondebat,
925 1649 987 1685 ratu
1011 1639 1037 1684 et
1056 1632 1124 1685 laec
1143 1641 1167 1684 et
1185 1633 1238 1686 illa
1260 1633 1406 1701 beneficia,
1431 1641 1458 1686 et
1476 1634 1541 1687 bene
1556 1645 1676 1702 pacatus
1691 1638 1760 1692 erit.

61 1738 93 1774 se
116 1722 245 1782 credere,
268 1721 500 1787 quaemadmodum
519 1720 637 1774 ecclesia
657 1723 761 1784 credit,
780 1738 899 1792 cumque
928 1720 1044 1771 Factum
1063 1727 1102 1771 est
1120 1720 1176 1788 ita,
1206 1728 1233 1771 et
1257 1735 1318 1772 ecce
1336 1721 1469 1788 protinus
1485 1723 1650 1774 sementiam
1672 1731 1760 1775 muta-

62 1806 180 1860 instaret
196 1804 324 1859 diabolus
345 1811 374 1860 et
391 1812 544 1875 quaereret,
564 1824 702 1874 quaenam
724 1816 794 1860 esset
815 1808 898 1862 eccle·
925 1804 963 1856 vit
984 1805 1093 1860 dicens:
1112 1805 1232 1872 Nunque
1250 1805 1376 1858 intellexi
1392 1807 1465 1859 banc
1482 1809 1631 1860 materiam
1646 1817 1761 1877 praeter

61 1893 124 1945 siae
141 1892 225 1957 sidet,
245 1891 446 1960 respondebat,
463 1892 611 1945 ecclesiam
631 1894 745 1946 medere
765 1895 806 1959 id,
823 1895 900 1963 quod
926 1891 1024 1958 medo,
1048 1892 1152 1958 quippe
1175 1891 1225 1958 qui
1248 1893 1284 1944 de
1309 1893 1392 1960 inope
1411 1894 1502 1961 diues,
1527 1895 1562 1947 de
1580 1894 1763 1948 contemtibili

63 1978 138 2046 ipsa,
156 1978 269 2038 credat·
301 1977 343 2030 uti
379 1977 463 2031 etiam
488 1986 624 2033 mercator
646 1978 693 2033 ills
721 1977 900 2032 Placentinus
925 1985 1038 2043 repente
1056 1976 1198 2044 gloriosus
1218 1979 1441 2045 appareteral.**
1471 1977 1577 2042 Quinta
1594 1979 1700 2049 species
1719 1985 1762 2033 est

63 2068 161 2133 (quem
186 2067 330 2132 tantopere
350 2065 524 2118 commendat
543 2064 696 2135 Gregorius
715 2064 750 2119 de
769 2063 900 2120 Valentia
926 2061 1075 2115 concordia
1093 2063 1237 2129 tyrannica
1257 2071 1283 2115 et
1300 2062 1427 2122 seruilis.
1454 2064 1565 2133 quaudo
1584 2065 1678 2132 minis,
1697 2081 1760 2136 per·

63 2147 95 2202 in
110 2147 219 2218 analysi
238 2149 273 2203 de
293 2148 392 2204 eccles.
411 2168 438 2219 p.
458 2154 517 2205 205.
536 2158 567 2203 ut
584 2150 695 2218 scribat,
715 2153 807 2203 Deum
827 2149 899 2202 nibil
925 2147 1113 2201 secutionibus
1134 2153 1162 2201 11
1180 2147 1337 2201 carceribus
1349 2147 1530 2217 prohibentur
1542 2149 1667 2205 homines
1679 2151 1761 2207 aliter

62 2236 176 2287 omnino
201 2235 374 2297 latiturum,
400 2238 475 2304 qnod
500 2235 529 2287 in
551 2237 694 2288 tremendo
721 2236 774 2289 illo
786 2235 899 2302 jndicio
925 2231 1034 2287 1111111.
1071 2231 1117 2287 Sic
1140 2230 1169 2285 in
1186 2239 1293 2301 papatu
1312 2248 1347 2287 ne
1364 2235 1465 2287 mutire
1483 2234 1595 2304 quidem
1614 2235 1679 2290 licet
1695 2252 1759 2290 con·

62 2321 122 2388 ipsi
139 2336 280 2388 oppam
287 2320 405 2388 possit),
423 2319 471 2390 qui
488 2319 640 2388 statuebat,
657 2321 728 2373 uelle
739 2337 768 2372 se
781 2321 898 2389 Pontifi·
925 2325 968 2371 tra
985 2333 1076 2387 papae
1096 2318 1269 2387 tyrannidem
1288 2333 1320 2370 ac
1340 2319 1453 2384 scelera,
1471 2321 1696 2385 111111111111,
1714 2339 1759 2376 sn·

62 2407 138 2458 ciam
155 2405 252 2472 potiris
274 2421 357 2472 11111
375 2406 566 2458 Lutlrmanom
587 2406 719 2472 amplecti
734 2406 899 2473 religionem
925 2403 1099 2472 perditiones
1125 2409 1153 2457 et
1171 2401 1364 2461 idololatriam.
1400 2403 1538 2459 Videatur
1555 2405 1626 2460 liber
1645 2405 1759 2462 Germa·

62 2491 98 2544 ol
116 2491 149 2544 id
164 2491 304 2558 inprimis,
326 2492 393 2559 quia
406 2492 468 2545 illic
481 2490 643 2560 compendio
656 2493 778 2559 quodem
791 2492 898 2545 ducere
925 2489 1002 2543 nicus
1020 2489 1055 2543 de
1075 2488 1218 2558 tyrannica
1238 2487 1406 2558 Hispaniense
1427 2490 1612 2562 inquisitionis
1624 2494 1760 2564 mysterio

58 2578 152 2645 parnt
173 2576 333 2642 sers'tatem,
359 2577 489 2630 uidelicet
510 2578 536 2630 si
553 2579 690 2644 affirmet,
713 2580 790 2645 quod
804 2578 898 2646 ponti·
924 2575 1061 2630 leuchimi
1084 2574 1228 2646 Beringeri
1252 2574 1343 2628 editur
1369 2575 1529 2648 Ambergae
1547 2595 1619 2632 anno
1641 2584 1714 2634 1611.
1732 2586 1761 2634 11

55 2664 113 2730 fes
133 2664 275 2729 affirmat,
301 2672 398 2731 nepot,
419 2665 496 2731 quod
518 2663 578 2732 ipse
599 2671 700 2732 nepat;
727 2664 773 2716 bic
790 2681 854 2717 uero
874 2665 901 2717 si
925 2666 1059 2715 tractatus
1077 2660 1155 2716 Petri
1174 2661 1246 2716 Asili
1266 2662 1459 2732 jurisconsulti
1483 2663 1517 2718 de
1537 2664 1685 2734 tyrannide
1705 2665 1760 2720 Ro·

63 2748 242 2802 musanus
254 2748 319 2809 fieri
332 2748 422 2811 111111,
434 2748 629 2801 catechismum
640 2749 899 2802 nlidiscendumet
925 2763 1068 2801 manorum
1105 2745 1266 2816 pontificum
1302 2748 1393 2801 editus
1423 2749 1550 2804 Francos.
1580 2766 1654 2805 1111
1685 2755 1874 2806 15911111

65 2834 243 2903 Scriptorum
267 2850 326 2887 esse
349 2836 532 2888 smuwndam
557 2841 609 2890 etc.
654 2833 760 2898 Quarta
785 2834 899 2889 unitatis
925 2832 994 2887 Cum
1014 2833 1042 2886 in
1061 2833 1179 2887 comitiis
1197 2832 1468 2904 Norinbergensibus
1488 2852 1560 2890 1111
1582 2841 1655 2892 1523.
1677 2842 1760 2891 asta·

63 2920 170 2991 species
194 2925 236 2974 est
259 2920 442 2987 Iecariotica,
466 2919 577 2990 quando
596 2919 719 2974 homines
738 2921 898 2975 muneribus
924 2917 999 2972 tibus
1018 2916 1137 2972 Romani
1156 2918 1264 2988 imperii
1285 2921 1472 2989 postularetur
1489 2937 1521 2974 ac
1539 2921 1636 2976 sedulo
1649 2939 1760 2995 urgere·

63 3013 92 3061 et
109 3007 238 3076 praemiis
257 3005 379 3075 corrupti
399 3005 472 3060 idem
484 3005 616 3071 sentiunt,
635 3013 720 3076 atque
734 3006 802 3061 baec
815 3024 900 3071 causa
925 3012 983 3073 tur,
1009 3004 1091 3058 utin
1110 3003 1261 3059 Germania
1280 3004 1466 3060 Christianum
1492 3005 1665 3078 liberumque
1683 3008 1760 3062 insti·

64 3092 167 3146 multos
190 3091 218 3144 in
243 3091 350 3145 unitate
375 3090 468 3160 papuli
488 3091 601 3145 detinet.
638 3090 734 3145 Rctcrt
755 3092 899 3147 Sieidanus
925 3098 1049 3145 tueretur
1076 3091 1223 3145 concilium
1243 3098 1276 3145 ct·
1289 3099 1320 3146 ut
1337 3108 1432 3147 omnes
1453 3093 1577 3163 episcopi
1596 3101 1624 3147 et
1642 3093 1761 3164 praelati

64 3175 113 3230 lib.
132 3177 249 3247 septimo
268 3177 362 3231 histor.
382 3174 529 3246 proverbio
546 3175 612 3231 olim
627 3176 788 3246 jactitatum
808 3177 900 3243 luisse,
921 3176 1075 3245 juramenti
1091 3176 1271 3231 obstrictione
1289 3192 1307 3229 1
1323 3193 1398 3246 papa
1415 3176 1607 3244 liberarentur,
1627 3196 1682 3250 quo
1694 3179 1760 3233 alio-

65 3263 140 3333 quod
157 3280 268 3331 pauper
288 3270 316 3315 et
333 3264 423 3315 tenuis
441 3264 579 3317 luitbertus
598 3264 698 3317 rrsrrltos
715 3264 900 3331 locupletare·
927 3263 975 3333 qui
999 3279 1111 3333 prorsus
1135 3263 1273 3317 serviliter
1290 3262 1315 3318 ei
1333 3262 1458 3317 obstricti
1477 3270 1636 3317 tenerentur
1653 3273 1681 3319 et
1699 3265 1759 3319 vice

64 3350 120 3415 rit,
142 3365 175 3402 11
194 3351 272 3419 quod
287 3351 349 3416 ejus
365 3352 573 3418 impupnatores
593 3351 691 3418 ampla
711 3351 866 3403 barroraria
882 3368 900 3402 a
926 3365 1006 3402 versa
1022 3348 1159 3402 contrario
1168 3349 1325 3417 juramento
1338 3349 1541 3416 promovendae
1553 3349 1677 3403 veritatis
1688 3351 1759 3420 pub·

60 3453 145 3505 papa
164 3442 190 3490 et
208 3435 347 3503 episcopis
365 3436 533 3503 acceptarent,
549 3453 583 3488 ac
592 3435 732 3504 plurimos
746 3435 900 3500 &sundere
925 3434 1027 3505 licique
1050 3433 1116 3487 boui
1140 3434 1210 3488 citra
1233 3434 1316 3488 ullius
1340 3441 1496 3504 respectum
1520 3435 1691 3490 seuerissime
1711 3435 1759 3490 ob·

65 3522 159 3574 111111
176 3529 201 3573 et
224 3521 354 3588 chrisma,
371 3529 401 3572 ut
420 3521 479 3588 ipsi
496 3522 645 3574 1111111111
663 3523 810 3578 unctiores.
848 3523 900 3576 Cui
924 3521 1093 3591 ligarentur,
1117 3519 1226 3588 legatus
1250 3517 1387 3588 pontificis
1407 3519 1558 3590 aegerrime
1577 3519 1647 3574 illud
1665 3520 1757 3576 ferens

65 3608 192 3679 ignotum
209 3613 264 3675 cst,
288 3607 402 3661 Eccium
422 3607 548 3661 mercede
564 3606 650 3661 fuisse
667 3608 850 3677 conductum,
869 3618 901 3663 ut
925 3623 1091 3677 prorsusque
1127 3621 1257 3659 recusans
1293 3605 1377 3674 dixit,
1410 3606 1443 3658 id
1477 3606 1549 3659 nibil
1584 3624 1642 3660 esre
1677 3609 1761 3663 aliud

64 3701 162 3748 contra
182 3692 334 3747 Lutherum
353 3691 504 3747 scriberet?
541 3692 672 3747 Erasmus
691 3694 788 3748 itidem
804 3712 899 3749 mune·
926 3712 1010 3761 quam
1036 3692 1173 3759 colliparc
1204 3711 1304 3746 manus
1327 3694 1465 3760 pontifici.
1503 3693 1537 3748 In
1564 3694 1688 3749 11111111
1714 3712 1759 3765 sy·

65 3779 142 3833 ribus
176 3777 329 3832 solicitatus
359 3784 413 3839 est.
444 3784 475 3832 ut
504 3779 641 3833 calamum
672 3780 803 3835 adversus
836 3797 898 3835 eum
926 3778 1025 3832 nedicn
1051 3777 1179 3832 Tridenti
1207 3784 1231 3833 1.
1262 3777 1432 3847 Septembris
1458 3794 1531 3832 anno
1562 3784 1636 3835 1562.
1668 3796 1760 3835 ceram

64 3865 230 3936 stringeret,
257 3864 307 3918 sed
324 3863 481 3934 respondit,
509 3865 646 3932 majorem
664 3882 723 3918 esse
745 3866 900 3934 Latiarum,
925 3864 1051 3934 patribus
1073 3864 1183 3919 concilii
1209 3864 1319 3918 nomine
1338 3864 1412 3934 regis
1433 3862 1542 3920 Galliac
1561 3865 1676 3920 recitata
1695 3873 1762 3920 suut

64 3969 150 4020 qnam
171 3959 201 4003 ut
226 3960 324 4004 contra
344 3952 435 4020 ipsum
462 3952 604 4019 inserpere
624 3953 697 4006 velit.
733 3950 790 4006 Cur
808 3952 899 4006 adhuc
925 3950 994 4005 haec
1019 3957 1136 4021 puncta:
1163 3952 1269 4005 Nostra
1283 3958 1454 4018 patrumque
1473 3960 1632 4004 rsostrorum
1653 3958 1678 4006 et
1696 3970 1761 4006 auo·

64 4038 147 4092 hodie
165 4043 311 4107 tantopere
331 4037 516 4102 reluctantur,
536 4054 571 4092 ne
590 4037 751 4092 111111111ῑί1
769 4038 899 4109 pacifica·
925 4056 988 4089 rum
1020 4036 1154 4089 memoria
1179 4038 1302 4104 synodos
1327 4035 1448 4088 indictas
1467 4037 1580 4101 sumre,
1616 4039 1761 4107 episcopos

63 4123 148 4177 tionis
166 4122 357 4177 Passaviensis
382 4121 467 4192 (quod
483 4122 562 4176 salva
579 4124 789 4191 existimatione,
808 4125 899 4195 digni·
927 4123 1095 4191 conuenisse,
1112 4124 1248 4176 maaimos
1266 4123 1295 4174 t'n
1318 4121 1475 4175 Germania
1493 4129 1576 4190 atque
1588 4122 1679 4175 Italia
1697 4140 1760 4176 con-

64 4215 123 4264 1111
152 4215 180 4262 11
206 4207 339 4280 regimine
366 4207 554 4262 aPontificia
575 4207 631 4264 fide
648 4209 683 4263 ad
705 4211 898 4281 Angustsnsm
926 4216 1021 4262 uentus
1047 4217 1179 4278 peractos
1205 4208 1296 4271 future
1325 4208 1436 4261 scimus.
1492 4205 1543 4259 Vin
1568 4215 1659 4262 tamen
1684 4209 1760 4263 ullus

65 4293 266 4348 consessionem
288 4293 404 4348 cuilibet
428 4293 538 4364 imperii
561 4297 647 4350 statui
665 4297 783 4351 transire
803 4296 899 4363 liceat)
927 4304 976 4348 aut
995 4295 1163 4363 perscipue·
1186 4295 1253 4347 inde
1268 4294 1379 4356 fructus
1401 4292 1613 4348 Obristianitati
1630 4294 1761 4350 cornuue.

64 4379 101 4432 ad
133 4380 278 4449 episcopos
311 4379 487 4448 extendatur,
518 4381 592 4452 quod
620 4382 671 4452 ipsi
700 4399 809 4453 quoque
836 4399 901 4437 euos
928 4380 1003 4435 Nolo
1029 4381 1159 4433 subtilius
1184 4380 1214 4431 in
1239 4396 1340 4433 causas
1367 4378 1524 4447 inquirere,
1551 4380 1617 4433 nolo
1635 4395 1762 4433 rrsmoret

64 4466 242 4535 episcopatus
266 4465 383 4520 retinere
408 4465 528 4521 debeant
552 4469 734 4538 Augustanus
753 4468 900 4523 confessio·
927 4476 1073 4535 remosque
1101 4465 1248 4533 collipera,
1278 4466 1329 4518 boe
1358 4472 1430 4518 certe
1452 4464 1679 4531 praetermittere
1705 4482 1763 4518 non

65 4554 109 4605 nis
131 4551 286 4606 doctrinam
306 4551 518 4622 amplectentes,
544 4554 596 4608 nisi
617 4555 683 4625 quie
699 4560 843 4623 verentur,
866 4572 900 4608 ne
925 4570 1054 4621 possum,
1082 4553 1160 4619 quod
1184 4567 1296 4620 uereor,
1324 4568 1357 4603 ne
1376 4552 1459 4603 nimis
1477 4552 1518 4603 ad
1537 4568 1596 4604 rem
1611 4551 1762 4620 pertineat,

65 4638 93 4691 id
114 4655 201 4709 regno
221 4637 368 4692 Pontificio
385 4637 477 4692 fraudi
499 4640 556 4693 sit?
591 4639 689 4696 Refert
708 4642 819 4696 Aeneas
839 4640 901 4711 Syl·
928 4639 1004 4707 quod
1023 4636 1113 4690 minus
1133 4637 1259 4705 lapitima
1277 4638 1400 4690 minusve
1419 4637 1509 4689 libera
1529 4638 1661 4690 dicamur
1664 4637 1762 4703 fuisse

64 4725 139 4791 vius,
165 4724 267 4776 multos
291 4725 407 4778 cmucilii
432 4725 608 4779 Basilccnsis
631 4736 728 4794 patres
751 4729 781 4779 in
800 4734 901 4794 partes
928 4725 1057 4779 concilia.
1098 4722 1154 4784 Qut
1170 4724 1299 4790 aderant,
1316 4724 1357 4774 ud
1372 4722 1540 4776 voluntatem
1557 4723 1676 4775 alterius
1693 4738 1762 4774 sern-
1792 4718 1797 4730 ¹

65 4811 191 4880 Enqenii
214 4828 313 4879 papae
339 4812 476 4878 praemiis
508 4830 542 4865 ac
570 4815 730 4866 nennerilus
762 4815 902 4866 addrwtcs
924 4828 979 4879 per
997 4810 1183 4877 loquebantur
1200 4816 1250 4861 ant
1265 4809 1360 4876 potius
1378 4809 1546 4872 annuebant,
1567 4823 1666 4877 quare
1680 4807 1763 4860 nulla

56 4896 165 4963 saissa.
196 4895 321 4950 lacobus
332 4895 479 4950 Almniuua
500 4899 528 4950 in
540 4896 617 4951 libris
630 4897 901 4968 contraCajetanum
929 4896 1089 4964 injusticiis
1099 4894 1289 4964 perniciosior
1302 4893 1414 4946 nullave
1427 4893 1582 4961 capitalior
1593 4910 1651 4946 esse
1665 4899 1763 4960 potest.

64 4981 147 5038 editis
174 4980 247 5036 inter
274 4982 330 5035 alia
355 4981 466 5046 scribit,
496 4984 597 5037 rnrsltos
623 4985 707 5038 valde
729 4987 902 5052 praedicare
929 4982 984 5038 Sed
1002 4998 1058 5035 non
1078 4981 1205 5036 obstante
1223 4978 1387 5050 gravissima
1406 4979 1455 5032 illa
1469 4976 1570 5033 Gallici
1582 4977 1699 5033 oraturis
1713 4977 1761 5032 ad·

64 5068 262 5122 auctoritatem
287 5086 383 5137 papae
410 5087 465 5122 non
489 5080 656 5139 propterea,
686 5072 763 5139 quod
786 5073 845 5140 ipsi
861 5059 1080 5124 itaimonitione
1105 5066 1283 5120 nihilominus
1307 5064 1416 5136 papalis
1440 5065 1488 5119 illu
1511 5065 1636 5134 tyrannis
1653 5065 1683 5118 in
1701 5064 1763 5119 Tri·

64 5154 196 5218 sentiant,
217 5156 270 5208 sed
287 5164 395 5208 tantum
406 5164 436 5209 ut
448 5157 521 5209 11111
534 5157 769 5209 asseruationilus
780 5158 903 5223 qratiam
914 5128 916 5199 i
929 5155 1042 5211 dentiae
1069 5154 1186 5209 11111111
1204 5152 1345 5206 dominata
1365 5158 1419 5219 est,
1443 5150 1550 5220 quade
1568 5166 1598 5204 re
1618 5150 1764 5205 audiamus

60 5256 161 5309 papae
187 5240 242 5293 sibi
265 5241 413 5295 concilient
443 5249 468 5295 et
491 5244 622 5306 beneficia
646 5243 836 5295 ecclesiastica
863 5205 1093 5323 adivergerium
1125 5245 1223 5294 testem
1256 5238 1413 5303 oculatum,
1448 5235 1496 5306 qui
1523 5236 1552 5289 in
1581 5235 1697 5305 epistola
1727 5236 1765 5290 ad

63 5343 93 5379 se
121 5325 245 5380 tranant.
293 5327 368 5381 ”Iu
396 5327 526 5380 chronico
553 5327 697 5396 cujusdam
727 5327 902 5389 Curibusiani
915 5328 916 5340 ¹
929 5344 1023 5398 regem
1051 5326 1183 5382 Polouiae
1209 5344 1236 5395 p.
1267 5330 1323 5378 119.
1351 5323 1392 5377 sic
1420 5320 1530 5377 scribit:
1560 5324 1624 5391 Epo
1654 5323 1764 5376 1111111

63 5410 240 5468 Coloniensis
258 5412 339 5467 titulo
360 5413 524 5467 Fasciculus
543 5420 699 5483 temporum
718 5423 782 5471 aute
800 5386 916 5476 multosi
932 5415 1021 5469 aliam
1042 5414 1075 5467 ol
1094 5430 1208 5468 causam
1225 5410 1274 5476 fui
1292 5426 1325 5463 ec
1338 5426 1482 5477 synapopa
1495 5408 1549 5460 illa
1560 5408 1690 5477 rejectus,
1709 5409 1767 5463 nisi

1376 5514 1432 5569 32*
