4004 6022
808 265 861 321 DE
880 263 1071 323 ademta.
1724 275 1784 335 4119

90 426 160 476 1661
174 437 197 476 6.
226 418 510 476 arundineae.
536 419 610 475 Eece
628 418 691 474 dist
710 419 770 478 cad.
803 427 826 478 1.
846 419 926 485 Quod
955 420 1065 476 concilii
1082 419 1197 477 Nicaeni
1215 438 1320 476 canone
1332 419 1450 476 stabiliri
1469 427 1597 492 coeptum
1615 421 1788 494 oppugnavit

91 525 160 580 ergo
177 507 206 560 in
224 505 251 564 (1.
268 506 286 562 l.
305 506 448 574 asseritur,
469 505 623 561 1161666616
641 506 786 563 ecclesiam
805 523 864 562 csse
884 523 927 561 ca·
954 507 1101 562 concilium
1122 506 1341 577 Carthaginsuse
1359 512 1481 574 sextum3
1507 507 1644 563 delectum
1664 508 1788 564 ciborum
1825 517 1830 524 '

91 601 145 667 put
168 593 290 648 omnium
314 599 471 648 sanctarum
489 593 681 660 ecclesiarum,
703 592 732 647 id
751 594 795 649 vel
814 592 880 647 sissi
904 597 927 646 rt
953 593 1119 662 improbavit
1131 594 1279 648 concilium
1290 592 1454 664 Gangrease
1466 599 1589 663 sertnnp3
1601 595 1706 650 cultum
1720 594 1787 650 ima-

92 679 304 751 intelligendum
325 680 359 735 de
378 679 504 734 omnibus
525 679 649 735 ecclesiis
662 679 786 735 Romano
803 678 928 750 pontifici
954 678 1050 751 ginum
1066 679 1224 750 repudiavit
1241 679 1387 734 concilium
1404 677 1651 747 Franeoiurteuso3
1669 680 1788 737 coeliba-

91 765 240 838 subjectis,
265 765 309 821 vel
335 764 369 820 de
396 765 517 834 primatu
540 765 633 836 quoad
659 765 781 821 ordinem
804 764 926 820 sedendi.
954 773 1011 820 tum
1025 763 1333 821 sacerdotumaSiricio
1343 765 1531 819 introductum
1540 766 1644 822 multae
1655 766 1789 824 ecclesiae

90 851 154 906 Etsi
185 851 258 906 enim
287 850 333 904 hic
360 851 487 905 sessionis
514 851 648 921 primatus
672 851 737 905 olim
758 851 927 922 temporibus
955 851 983 907 in
1003 851 1152 908 Germania
1177 851 1341 922 praesertim
1360 855 1388 906 et
1405 850 1510 922 Anglia
1529 858 1736 924 oppugnarunt,
1758 859 1790 907 ut

93 937 211 993 Zenonis
243 936 416 1008 imperatoris
447 936 501 991 fuit
533 936 609 1007 apud
642 937 827 1006 patriarcham
858 935 927 992 Con·
955 956 987 993 ex
1007 938 1145 993 Aventino
1165 945 1287 1000 consum
1317 937 1535 993 communionem
1553 938 1606 993 sab
1624 955 1681 993 ana
1698 939 1790 1008 specie

94 1022 387 1092 stantinopolitanum,
412 1026 445 1077 ut
471 1029 579 1076 constat
602 1039 635 1076 er
660 1022 927 1080 1,(1666161616616.
954 1024 1146 1096 improbarunt
1176 1024 1308 1079 ecclcsiae
1333 1023 1515 1093 Bohemicae3
1543 1024 1631 1078 mults
1660 1024 1791 1095 dogmata

94 1109 296 1166 (1116666166.
315 1108 381 1163 eccl.
403 1113 495 1163 tamen
514 1118 661 1180 postquam
681 1108 726 1162 hic
744 1109 878 1180 primatus
892 1109 927 1163 ad
954 1111 1067 1180 papalia
1092 1111 1257 1165 damnarunt
1281 1109 1455 1164 Waldcnses.
1497 1109 1551 1165 Sed
1576 1110 1645 1182 quid
1664 1128 1734 1187 6666
1754 1111 1790 1167 de

94 1194 238 1251 ecclesiam
268 1194 422 1248 Romanam
443 1194 537 1262 rediit,
571 1201 602 1248 ut
629 1211 661 1249 er
686 1212 747 1250 nov.
776 1200 831 1251 131.
855 1213 879 1250 6.
903 1200 927 1250 2.
955 1195 1077 1251 minutiis
1108 1196 1184 1252 hisce
1211 1195 1349 1250 solicitum
1378 1213 1438 1251 6666
1465 1202 1493 1250 61
1516 1195 1640 1252 homines
1665 1196 1789 1251 veritatis

94 1281 273 1354 perspicitur,
300 1280 363 1335 ideo
387 1279 439 1336 hoc
464 1285 592 1350 respectu
610 1287 695 1352 caput
711 1290 866 1337 sanctarum
885 1297 927 1336 ec·
955 1288 1040 1337 testes
1066 1283 1146 1339 anxie
1173 1282 1348 1354 conquirere,
1379 1300 1442 1336 cum
1469 1281 1613 1353 Scriptura
1639 1301 1660 1336 6.
1686 1282 1790 1353 judicis

95 1368 241 1424 elesiarum
271 1367 436 1438 6666116161.
444 1368 475 1400 *i
517 1373 542 1420 1.
566 1368 716 1436 Nunquam
740 1344 1042 1436 ostenderunt,isicem
1070 1370 1210 1424 sustinens
1240 1375 1335 1439 aperte
1363 1370 1511 1439 loquatur?
1560 1373 1585 1425 6.
1610 1371 1677 1424 Non
1696 1376 1790 1440 661661
1801 1375 1821 1416 t·
1836 1376 1917 1438 Des·-

47 1447 52 1461 '
95 1471 150 1525 666
169 1455 230 1507 1666
248 1454 369 1524 coeperit
388 1453 523 1520 defectio,
551 1470 616 1505 6661
629 1460 698 1522 6661
717 1457 753 1506 51)
772 1471 860 1506 aanor
875 1454 928 1522 slo-
956 1457 1078 1520 66166111,
1109 1459 1186 1525 quod
1207 1457 1339 1509 Romana
1364 1456 1483 1508 ecclesia
1507 1456 1681 1525 separaverit
1703 1472 1732 1508 ee
1754 1455 1791 1509 ab
1804 1433 1929 1478 ⁹⁸¹⁸⁸¹⁰⁰⁸'

94 1540 153 1595 rus't
173 1537 487 1608 &coadunatamque
507 1547 592 1592 totam
610 1539 928 1593 ortemcommunicasee
956 1543 1054 1610 aliquo
1078 1545 1203 1612 maiore,
1234 1543 1276 1596 ita
1301 1549 1331 1596 ut
1357 1544 1406 1612 qui
1428 1542 1621 1596 6111666εό661
1645 1544 1791 1597 Romanu

94 1644 128 1681 ee
146 1626 271 1696 6611116116
290 1627 351 1695 ejas
368 1627 499 1695 cognosci
511 1633 618 1695 661661,
632 1633 699 1695 6661
720 1626 854 1693 Gregorii
872 1624 928 1677 cai·
956 1629 1033 1693 sedi,
1065 1637 1154 1684 cassat
1183 1629 1360 1698 paucissimi,
1389 1629 1493 1696 reliqui
1523 1627 1679 1682 Christiani
1704 1629 1791 1682 multo

96 1722 153 1768 tum
172 1713 338 1766 celebratam
358 1720 399 1766 cst
417 1712 564 1766 concilium
584 1710 636 1766 IV.
654 1713 800 1780 66661616,
823 1729 856 1764 ea
876 1728 929 1779 qao
954 1715 1060 1783 616666.
1103 1715 1326 1786 Respondemus:
1358 1714 1413 1769 imo
1436 1731 1501 1770 vcro
1530 1714 1656 1770 Romana
1676 1714 1792 1770 ecclesia

96 1799 246 1868 manifeste
268 1799 424 1866 colligitur,
450 1806 535 1852 totum
560 1799 692 1853 orientem
716 1807 741 1852 et
763 1799 931 1853 osculantem
956 1800 1113 1870 receptione
1138 1801 1280 1872 papalium
1307 1801 1468 1872 dogmatum
1489 1801 1627 1871 separavit
1644 1817 1674 1855 66
1693 1801 1729 1856 ab
1747 1816 1791 1856 ee·

95 1903 128 1941 eo
149 1894 272 1955 tempore
296 1904 356 1938 cam
378 1886 507 1939 Romano
525 1885 661 1954 pontifice
682 1895 712 1939 ut
731 1886 852 1939 membra
870 1901 931 1936 cum
956 1886 1041 1941 alesia
1065 1887 1215 1956 catholica,
1243 1904 1315 1959 quae
1338 1889 1422 1958 longe
1445 1889 1532 1958 major
1555 1894 1598 1942 est
1622 1893 1649 1942 et
1666 1886 1791 1957 amplior,

96 1991 148 2028 ruo
166 1974 259 2043 capite
277 1973 429 2041 conjuncta
446 1973 547 2037 fuisse.
580 1972 802 2043 Respondemus:
824 1970 930 2025 Locum
956 1990 1019 2027 cum
1041 1972 1163 2028 omnium
1188 1979 1341 2046 temporum
1366 1981 1395 2029 et
1416 1973 1537 2030 locorum
1556 1973 1654 2029 fideles
1671 1973 1790 2044 comple·

98 2059 261 2117 defectionis
281 2060 460 2115 ostenderunt
478 2058 579 2114 Daniel
600 2065 628 2114 et
645 2057 839 2129 Apoealypsis,
856 2056 939 2129 quod,
956 2064 1055 2114 ctatur.

96 2147 133 2202 611
159 2147 226 2200 arba
249 2147 403 2216 septisoliis
427 2147 577 2199 interduo
603 2146 696 2199 maria
718 2145 865 2214 imperium
882 2144 931 2196 lio·
994 2152 1050 2202 169.
1070 2148 1228 2201 Memlrum
1240 2151 1267 2200 3.
1300 2146 1429 2202 Nostram
1449 2144 1593 2201 ecclesiam
1614 2161 1675 2201 esse
1692 2162 1791 2202 novam
1803 2146 1861 2187 ⁸⁰⁰¹
1876 2157 1914 2187 ⁶⁶·

98 2235 162 2288 1666
187 2234 217 2286 in
239 2250 318 2301 repes
339 2240 439 2287 terrae.
477 2232 518 2286 Er
534 2232 624 2287 Roma
640 2231 801 2302 prodierunt
820 2230 932 2284 decreta
956 2231 1140 2288 Bellarminus
1157 2233 1258 2304 probat
1273 2250 1307 2288 ex
1326 2248 1367 2301 eo,
1386 2231 1460 2304 quod
1474 2248 1522 2287 sex
1536 2232 1601 2287 illae
1613 2233 1791 2287 circumstan·
1804 2197 1881 2290 lilii

98 2319 225 2392 papalia,
239 2319 395 2389 jubilaeus,
414 2318 603 2389 indulgentiae
620 2335 653 2372 ac
672 2323 731 2372 tota
749 2315 930 2371 antichristia-
956 2319 1011 2372 tiae
1036 2319 1072 2374 de
1098 2336 1132 2374 ea
1152 2318 1260 2374 ostendi
1280 2318 1392 2388 possint.
1431 2323 1451 2370 1.
1470 2318 1579 2372 Auctor
1598 2320 1659 2388 ejus
1677 2327 1716 2372 est
1735 2321 1791 2373 La·
1804 2303 1836 2343 '¹²
1852 2311 1918 2342 Μ’*

97 2424 150 2463 nae
178 2405 319 2461 doetrinae
340 2406 457 2460 sentina.
501 2405 638 2475 Tempore
660 2403 787 2474 Gregorii
806 2402 931 2457 doctrina
957 2407 1388 2474 116166,’2.661’1’6666116666
1409 2405 1641 2473 (1661661666οᾶ
1658 2404 1790 2470 justifice-

47 2494 190 2549 1*16111166
214 2493 308 2564 purior
331 2501 391 2548 eret
414 2498 442 2546 et
466 2492 612 2561 sincerior,
637 2498 735 2561 postea
758 2505 822 2545 vero
842 2489 930 2559 magis
957 2509 1017 2544 mur
1036 2493 1099 2546 solo
1109 2493 1170 2561 fide
1183 2493 1297 2560 6166611
1309 2489 1478 2543 eucharistia
1491 2490 1592 2543 nonsit
1605 2490 1791 2559 sacrificium,-

97 2580 243 2653 magisque
272 2596 420 2651 progressu
442 2578 572 2649 temporis
596 2595 613 2632 6
634 2576 751 2648 pristina
771 2575 930 2632 sinceritate
956 2582 983 2634 3.
1008 2580 1097 2648 coepit
1123 2579 1190 2631 laec
1215 2577 1443 2631 Lutheranoram
1467 2576 1591 2630 16616611
1616 2593 1690 2628 anno
1713 2577 1795 2633 16111

96 2667 151 2723 fuit
181 2666 340 2722 discessum.
390 2665 568 2736 Hegesippus
599 2664 675 2735 apud
705 2663 807 2718 Euseb.
834 2661 882 2718 lib.
906 2668 930 2717 3.
956 2669 981 2720 4.
1005 2666 1036 2718 in
1059 2666 1204 2731 Sasonia;
1235 2667 1260 2718 5.
1283 2671 1447 2734 oppugnata
1465 2662 1529 2731 fuit
1551 2680 1570 2715 6
1597 2663 1689 2716 Leone
1712 2663 1748 2718 Χ.
1772 2680 1792 2716 6

97 2770 120 2808 6.
141 2758 182 2807 16.
204 2757 330 2816 16616161,
349 2752 495 2806 6661661661
514 2751 652 2819 apostoles
671 2751 764 2804 adhuc
777 2749 930 2819 superstiti·
956 2753 1076 2806 concilio
1098 2751 1278 2819 Tridentino,
1295 2751 1330 2802 61
1349 2750 1503 2803 academiis
1524 2757 1549 2802 et
1569 2749 1729 2802 doctoribus
1746 2766 1792 2803 ca·

97 2840 294 2908 bsmeirpinem
306 2838 449 2905 inarsisse,
468 2839 520 2891 sed
536 2838 571 2889 66
590 2836 808 2891 illarumstatim
821 2853 932 2889 recessu
958 2839 1084 2908 tholicis;
1130 2841 1156 2892 6.
1183 2837 1267 2891 initia
1291 2836 1369 2890 illias
1397 2835 1542 2889 haereseos
1567 2837 1683 2901 fumant
1708 2834 1792 2889 valde

96 2928 198 2982 mirum
216 2927 246 2979 in
264 2927 377 2978 niodum
395 2933 556 2992 corr-uptam
574 2925 672 2989 fussee.
704 2922 891 2994 Hieronymus
903 2922 931 2976 in
958 2925 1057 2992 661666
1083 2932 1109 2977 61
1132 2925 1218 2977 616116
1238 2923 1338 2992 plures
1364 2920 1445 2975 initio
1467 2922 1657 2991 separationis
1676 2922 1793 2986 suerunt

95 3013 154 3068 vita
179 3010 282 3067 Malchi
307 3028 358 3067 666
380 3017 506 3080 tempora
526 3007 662 3064 ecclesiae
683 3011 773 3074 fecem
796 3010 931 3079 66661161.
959 3011 1071 3066 0611161ι
1092 3012 1104 3066 ’.
1143 3010 1367 3081 Respondemus:
1392 3007 1614 3079 **Evangelium
1636 3008 1699 3079 ipsa
1721 3006 1792 3064 Scri·

97 3099 272 3171 Augustinus
301 3099 382 3170 epist.
411 3103 466 3154 119.
492 3096 528 3151 ad
556 3095 671 3150 ianuar.
693 3097 931 3164 praesumtionem
958 3107 1040 3170 ptura
1056 3104 1138 3154 vocat
1158 3099 1296 3152 canticam
1312 3097 1638 3166 666661Α666.5,1.6.
1666 3094 1792 3151 Christus

96 3195 123 3242 et
140 3187 360 3241 ceremoniarum
380 3184 533 3254 plusquam
550 3182 740 3236 Judaicarum
756 3180 845 3250 plena
865 3181 931 3250 jam
957 3188 1017 3257 ipse
1042 3185 1194 3241 doctrinam
1219 3201 1298 3238 suam
1317 3189 1459 3253 comparat
1477 3183 1541 3234 cino
1559 3199 1630 3234 nouo
1648 3181 1746 3236 Matth.
1766 3190 1790 3250 9,

96 3281 155 3328 turn
171 3274 265 3327 omnia
281 3274 372 3338 fursee
390 3270 573 3342 conqueritur.
605 3268 684 3324 Beda
700 3267 729 3321 16
749 3266 869 3326 Samuel.
882 3266 930 3321 lib.
958 3291 983 3326 v.
1005 3277 1044 3328 11,
1083 3271 1163 3327 Nova
1183 3274 1225 3325 est
1242 3267 1368 3323 doctrina
1379 3275 1480 3336 nostra,
1499 3284 1600 3322 navum
1614 3267 1791 3338 evangelium

97 3367 121 3417 1.
153 3376 215 3430 666.
243 3365 270 3415 2:
307 3358 408 3413 Videat
433 3359 535 3426 lector,
563 3373 612 3409 nec
636 3356 696 3408 sine
721 3354 847 3407 lacrimis
873 3371 931 3406 rem
958 3346 1082 3412 nostrum
1118 3364 1137 3410 1.
1169 3355 1275 3410 1611666
1304 3354 1523 3409 adversariorum
1551 3353 1713 3421 errantium,
1743 3354 1792 3426 qui

96 3448 214 3515 61166661
238 3446 451 3515 contempletur,
476 3452 610 3513 (61661661
630 3441 763 3497 eccleciae
783 3448 871 3493 status
891 3441 932 3492 ad
959 3460 1050 3498 veram
1075 3443 1228 3497 doctrinam
1249 3457 1299 3513 pro
1319 3458 1390 3497 6616
1407 3440 1512 3496 11611661
1530 3440 1652 3511 66116616
1671 3445 1700 3494 et
1717 3440 1792 3496 inva-

94 3535 199 3606 666616
216 3534 350 3602 quotidie,
371 3533 414 3586 vel
432 3539 460 3585 ul
480 3531 574 3584 millae
592 3528 694 3592 dicam,
714 3528 756 3580 ati
773 3527 932 3591 infirmiora
958 3530 1053 3585 teretis
1090 3529 1228 3584 erroribus
1264 3528 1377 3593 imbuti,
1415 3533 1446 3582 ut
1480 3543 1575 3582 eorum
1605 3531 1792 3583 antecessores

96 3622 222 3690 peranda
248 3620 420 3673 (1666166166.
461 3615 640 3673 Bernhardus
666 3615 773 3686 quoties
795 3622 824 3670 et
848 3632 932 3687 quam
959 3615 1043 3672 Marc.
1064 3622 1087 3684 1,
1105 3634 1130 3670 v.
1151 3620 1192 3671 ti.
1222 3613 1792 3682 Α61.17,1.1110611611666116161·

98 3707 220 3778 graviter
239 3706 273 3761 de
291 3710 421 3775 corrupto
440 3703 571 3760 ecclesiae
589 3701 853 3772 6161666616161611
889 3701 933 3754 lta
958 3722 1024 3758 num
1049 3701 1252 3772 recipientium,
1280 3701 1345 3773 quia
1368 3718 1457 3755 66166
1481 3706 1588 3755 1661616
1611 3699 1692 3754 116616
1716 3699 1793 3757 illam

99 3793 228 3848 nimirum
252 3791 420 3846 zizaniorum
443 3790 549 3845 semina
571 3787 679 3843 occulte
698 3787 816 3858 primum
836 3805 933 3858 sparsa
958 3790 1085 3863 percipit,
1103 3795 1254 3844 66616166
1271 3786 1370 3855 Adam,
1393 3793 1415 3843 1.
1436 3784 1497 3840 Cor.
1517 3793 1540 3842 1.
1572 3792 1595 3842 3.
1607 3787 1674 3858 quia
1691 3803 1792 3841 novam

99 3896 247 3952 progressu
271 3885 424 3947 temporum
450 3876 478 3930 in
506 3874 650 3946 largiorem
675 3873 793 3929 subinde
810 3882 932 3944 segetem
958 3878 986 3933 in
1011 3877 1091 3933 nobis
1115 3875 1206 3930 lucem
1231 3872 1382 3946 agnitionis
1404 3880 1431 3929 ct
1452 3871 1518 3928 fidei
1535 3873 1678 3942 accendit,
1707 3891 1792 3929 novas

100 3971 287 4024 excreverunt.
335 3965 396 4029 Quo
420 3963 554 4034 pertinet,
587 3960 662 4031 quod
694 3961 781 4014 nostri
810 3961 933 4032 quinque
958 3969 1098 4020 creaturas
1119 3962 1330 4023 efficituovum
1347 3977 1394 4015 cor
1411 3959 1664 4030 positurarum.
1696 3968 1719 4016 4.
1727 3960 1793 4032 quia

99 4070 198 4110 causas
221 4056 377 4118 recensent,
403 4049 504 4120 quibus
527 4048 633 4103 factum
650 4046 699 4115 sit,
723 4053 753 4100 61
772 4045 933 4102 incoelesia
958 4053 994 4107 ad
1024 4067 1124 4105 novam
1154 4049 1284 4121 gloriam,
1324 4063 1425 4100 norum
1453 4045 1561 4101 coelum
1587 4063 1636 4101 nos
1664 4047 1793 4118 perducit

98 4141 225 4197 Romana
248 4137 382 4209 paulatim
409 4137 445 4191 611
468 4135 584 4206 6611666
607 4133 775 4204 apostolicae
794 4133 858 4189 fidei
878 4134 1022 4219 sin-,Ean
1049 4138 1128 4192 65.**
1162 4142 1184 4192 1.
1205 4151 1261 4189 non
1287 4131 1461 4204 agnoscimus
1489 4130 1644 4186 Lurhemm
1671 4133 1791 4203 primum

99 4227 213 4284 acritate
232 4227 381 4281 discessum
399 4223 495 4290 fuerit,
519 4225 688 4294 quaesunt,
712 4219 801 4273 nimio
814 4228 932 4289 patrum
958 4223 1022 4280 fidei
1058 4228 1169 4278 nostrae
1204 4225 1344 4276 auctorem
1371 4219 1415 4273 vel
1445 4217 1632 4283 inventorem,
1669 4220 1719 4274 sed
1748 4236 1791 4274 ω.

97 4307 932 4379 666666116,11616666661666166666161611616166616116·
959 4310 1069 4382 quimus
1095 4325 1190 4365 vocem
1217 4305 1321 4360 Christi
1346 4304 1375 4360 in
1399 4303 1549 4375 Scripturis
1571 4312 1727 4374 sonantem,
1755 4306 1792 4361 ad

98 4401 192 4455 olibae
208 4407 336 4469 66166166
355 4406 381 4451 ct
391 4397 568 4466 jurisdictio,
588 4393 824 4449 &holoeticorum
839 4394 926 4462 61616-
959 4414 1041 4468 quam
1062 4394 1204 4451 liutherus
1229 4391 1309 4446 unice
1330 4410 1380 4447 nos
1397 4397 1516 4447 revocat.
1554 4391 1899 4448 &demonstraturamn

98 4489 214 4559 sophica
232 4487 393 4556 speculatio.
415 4486 627 4554 §sripturarum
642 4483 792 4537 rarissime
809 4484 890 4539 lectio
907 4493 933 4539 et
958 4490 1053 4554 posset
1083 4479 1280 4543 Bellarminus,
1310 4477 1464 4533 Luthernm
1492 4479 1664 4551 excogitasse
1691 4497 1793 4535 rrovum

98 4576 317 4631 orthodoxorum
329 4572 449 4625 uiolenta
461 4571 613 4640 oppressio.
634 4570 707 4627 Vide
717 4569 752 4623 D.
766 4570 931 4626 Meisnerum
959 4569 1074 4640 aliquod
1096 4569 1198 4638 dogma
1222 4564 1368 4636 ascriptis
1391 4565 1560 4637 propheticis
1583 4573 1612 4620 61
1635 4565 1794 4636 apostolicis

75 4663 127 4719 ·in
143 4661 411 4730 16616661662111.
451 4660 932 4728 6.Ν666666166166661661.6616
960 4658 1092 4719 alienum,
1113 4660 1197 4726 prout
1215 4653 1252 4710 ab
1272 4654 1348 4722 Ario,
1369 4652 1497 4707 Nestoris
1514 4659 1542 4709 et
1561 4653 1623 4706 aliis
1642 4652 1793 4708 haeresiar-

47 4809 48 4815 ,
75 4746 224 4805 'nostram
241 4749 407 4817 religionem
426 4754 560 4814 16666661
577 4763 666 4815 66666
685 4753 775 4799 ortem
789 4762 932 4813 6666666-
959 4744 1017 4799 chis
1039 4749 1081 4798 est
1094 4742 1261 4805 factitantem,
1279 4741 1403 4797 obtinere
1420 4739 1526 4811 aliquid
1544 4745 1650 4810 posset,
1668 4740 1717 4795 sed
1736 4739 1794 4795 Lu·

99 4839 177 4893 ecrit.
206 4836 428 4905 Respondemus:
446 4834 501 4888 imo
519 4849 583 4888 vero
602 4831 1052 4945 166166611666611616661116166
1082 4835 1184 4884 61666
1211 4846 1273 4884 cum
1300 4829 1359 4898 ipso
1387 4835 1522 4898 perpetuo
1546 4844 1729 4897 provocamus
1754 4826 1792 4882 ad

100 4923 159 4992 siis,
196 4938 268 4995 6666
298 4939 361 4977 eum
391 4921 517 4975 Romana
545 4918 662 4974 ecclesia
694 4918 828 4973 hodierna
854 4919 1051 4974 nobisrveram
1077 4916 1270 4988 antiquitatem
1295 4917 1324 4970 in
1342 4914 1490 4985 Scripturis
1510 4913 1595 4969 sacris
1614 4912 1793 4983 propositam,

100 5009 286 5077 intercedunt,
307 5008 452 5062 ostendero
469 5023 614 5078 possumus
635 5004 808 5076 antiquitatis
821 4975 947 5089 consen-,l
960 5004 1080 5061 Proinde
1099 5003 1174 5058 dicta
1192 5002 1248 5069 illa,
1267 5019 1338 5074 quae
1357 4989 1453 5056 eontra
1467 5002 1626 5072 dogmatum
1640 4998 1792 5055 6611161616

100 5115 167 5153 sum.
202 5096 344 5153 Victorem
360 5095 515 5150 Romanum
537 5091 696 5163 pontificem
710 5091 992 5173 J'urisdictionemjex
1023 5089 1210 5154 Tertulliano,
1236 5088 1419 5158 Hieronymo,
1449 5085 1551 5158 061616
1577 5085 1737 5140 Milevitano
1764 5090 1792 5141 st

100 5185 128 5239 in
151 5190 277 5246 externas
301 5182 432 5238 ecelesias
450 5195 575 5236 exercere
595 5184 740 5233 conantem
757 5177 1117 5248 reprehenditihugustino
1141 5174 1324 5231 Bellarminus
1350 5173 1478 5242 adducit,
1508 5190 1559 5228 nos
1576 5172 1792 5243 haudquaquam

101 5276 129 5327 et
151 5268 325 5340 oppugnavit
347 5268 480 5322 Irenaeus
503 5266 578 5336 apud
604 5263 703 5320 Euseb.
728 5263 776 5318 lib.
796 5271 819 5319 5.
845 5282 869 5320 c.
890 5271 932 5320 24.
960 5264 1078 5331 feriunt,
1111 5276 1202 5332 neque
1230 5259 1303 5315 enim
1334 5276 1436 5314 novum
1464 5258 1577 5329 aliquod
1599 5258 1712 5331 dogma,
1741 5258 1796 5314 sed-

101 5357 141 5411 uti
164 5357 248 5411 etiam
271 5353 402 5410 ecelesiae
421 5354 577 5421 Asiaticam
603 5350 819 5407 ceremoniarum
842 5351 933 5405 multi·
959 5356 1080 5406 veterem
1104 5347 1285 5418 apostolicam
1307 5343 1462 5400 doctrinam
1485 5361 1501 5399 e
1524 5343 1661 5408 tenebris,
1684 5343 1713 5399 in
1731 5344 1792 5415 qui·

101 5443 224 5497 tudinem
241 5436 933 5511 16616161111166661166666161.111611166661.
959 5437 1012 5494 bus
1029 5436 1155 5491 demersa
1169 5432 1295 5504 jacebat,
1320 5432 1349 5486 in
1367 5429 1546 5485 clarissimam
1561 5430 1653 5485 lucem
1671 5429 1725 5486 Dei
1744 5430 1792 5488 be·

101 5527 218 5585 Romani
252 5525 393 5598 pontificis
421 5526 571 5598 primatum
602 5542 636 5581 ex
663 5521 781 5578 conficto
812 5523 934 5594 quodam
959 5521 1058 5581 neiioio
1088 5519 1233 5576 reductam
1264 5516 1434 5590 pantenu.
1483 5515 1513 5575 si
1542 5532 1577 5573 ex
1605 5517 1797 5590 apostolorum.
