4004 6022
777 232 809 250 --
853 211 905 267 nn
922 208 1119 268 somnus:
1244 236 1251 249 =
1768 207 1830 284 sn

128 368 205 421 neat
225 366 317 422 Saule
344 370 479 422 datassn
498 368 652 438 prophetia
677 375 703 421 et
725 356 868 436 Bouana,
897 368 971 420 unde
998 381 1109 433 eorum,
1133 366 1233 436 quihtes
1247 368 1393 437 praedicit
1411 369 1499 437 Deus,
1518 386 1553 423 ns
1563 369 1663 436 salsos
1678 373 1834 442 prophetas

131 453 219 506 etiam
247 454 330 507 multi
357 455 386 507 in
413 455 466 517 tine
492 455 583 518 sqouti
608 453 715 505 dicturi
740 461 820 522 sunt,
851 453 970 507 Domine
997 460 1189 520 sequerentur,
1212 454 1265 507 aed
1286 461 1423 508 necarent.
1460 452 1582 509 Ibidem:
1608 457 1687 509 Deus
1704 455 1834 526 permisit

131 556 226 592 nonne
243 541 359 593 nmmos
376 540 407 592 in
425 541 535 593 nomine
552 547 598 593 tuo
611 540 750 602 semmua!
767 540 866 609 quihus
882 540 972 591 dictu·
999 538 1156 606 aliquando
1181 539 1255 593 inter
1276 540 1394 606 qentiles
1415 548 1440 593 et
1459 540 1639 594 abhorrentes
1662 559 1680 595 a
1697 542 1756 610 leqe
1777 543 1836 596 Dei

133 643 186 678 sus
206 635 255 690 est,
274 628 366 679 nocio
386 645 442 694 aas,
460 629 535 679 unde
553 627 623 694 sitis,
645 626 748 682 Matth.
763 631 785 690 7,
801 645 825 680 o.
838 629 883 680 23.
903 627 971 681 Istc.
998 631 1075 676 rates
1092 641 1158 678 sera
1174 627 1313 694 quaedam
1326 627 1477 694 praescire
1499 634 1525 678 et
1538 627 1708 696 praedicere
1717 622 1833 693 fnturd.

73 718 117 763 tat.
135 715 187 780 13,
210 730 233 764 s.
259 714 342 767 25.**
383 710 541 767 Daemones
564 712 650 782 igitur
673 713 841 784 quandoque
864 711 971 781 praedi·
998 708 1105 765 Ederae
1123 711 1151 764 in
1171 727 1265 767 meon.
1285 711 1361 771 Bibl.
1380 712 1428 767 lib.
1441 719 1465 768 2.
1486 713 1514 766 in
1532 711 1616 767 Dent.
1632 718 1678 768 13:
1703 713 1738 768 Si
1752 730 1834 783 prae-

132 805 203 851 eunt
221 797 380 852 futuraocl
400 812 432 850 ea
452 797 798 869 revelatione'superioris
815 797 972 867 potestatis,
999 797 1103 850 dicerit
1127 799 1190 866 quis
1207 799 1318 866 sipnum
1336 807 1362 851 et
1374 806 1535 868 portentum
1556 807 1582 853 et
1600 800 1734 868 evenerit,
1760 801 1837 868 quod

133 883 176 937 sic
192 884 306 955 qnando
323 883 400 938 Deus
417 882 521 954 Cynam
542 891 571 938 et
588 884 693 939 Jcsiam
709 886 738 939 in
752 884 897 955 Scriptura
916 883 971 937 suis
997 882 1107 935 locutus
1130 890 1182 952 est,
1212 901 1269 936 nan
1295 885 1397 938 audies
1421 886 1506 939 verba
1524 885 1692 955 prophetiae
1710 884 1790 939 illiso
1810 893 1836 939 et

132 970 260 1040 appellat
281 970 456 1037 nominibus,
478 970 571 1040 potuit
589 970 658 1024 illud
677 969 805 1025 diabolus
822 970 906 1037 seim
928 969 972 1022 acl
998 969 1074 1022 ratio
1098 978 1151 1039 est,
1178 971 1245 1039 qnia
1263 971 1372 1034 falsam
1388 973 1548 1026 doctrinam
1562 974 1676 1043 profert
1694 980 1720 1025 et
1735 973 1835 1025 Domi·

133 1072 168 1109 ea
187 1055 335 1125 probabili
352 1057 515 1124 conjectura
534 1057 683 1112 effectuum
701 1074 734 1112 ex
752 1056 843 1110 causis
861 1056 889 1108 in
907 1061 971 1110 actu
999 1073 1050 1108 nats
1070 1057 1149 1110 Deris
1165 1063 1418 1112 cataractentat.
1447 1059 1515 1112 Etsi
1530 1075 1597 1125 erqo
1615 1057 1741 1124 menois,
1760 1059 1837 1126 quod

132 1141 340 1205 exsistentibus,
358 1142 399 1195 sic
417 1140 495 1198 Sauli
514 1142 652 1212 praedixit
671 1148 786 1198 mortem
809 1141 910 1197 isam.
930 1146 971 1207 28,
997 1142 1072 1205 falsi
1092 1143 1248 1211 prophetae
1269 1145 1490 1212 praedixerunt,
1517 1152 1610 1197 tamen
1634 1160 1688 1198 non
1711 1159 1771 1196 esse
1795 1160 1835 1196 ss·

134 1244 161 1283 v.
184 1233 224 1282 19.
248 1227 376 1298 calquis
394 1243 427 1282 ex
446 1228 590 1298 impietate
608 1228 695 1298 ipsius
712 1229 851 1300 tragicum
869 1227 971 1281 exitam
999 1230 1135 1295 quendas,
1164 1229 1315 1298 Scriptura
1342 1230 1406 1299 ipsa
1431 1231 1545 1297 copiose
1573 1231 1660 1286 docet.
1708 1228 1837 1284 Peterius

131 1312 263 1383 collegit,
282 1314 328 1368 vel
348 1314 413 1385 quis
431 1313 508 1367 Deus
527 1315 730 1369 exsecutionem
749 1314 791 1367 aui
806 1312 906 1382 judicii
924 1313 972 1367 ad·
998 1320 1143 1371 comment.
1167 1315 1196 1368 in
1214 1315 1301 1370 Exod.
1330 1334 1352 1370 c.
1376 1323 1413 1372 tt.
1439 1317 1511 1387 disp.
1533 1322 1578 1372 11:
1612 1316 1686 1370 Sinit
1711 1336 1836 1370 nonnun-

132 1416 230 1453 versus
246 1398 359 1455 Saulem
379 1400 404 1454 ei
423 1400 563 1454 revelavit.
600 1401 646 1453 Sic
664 1399 794 1470 gentibus
812 1399 876 1453 olim
895 1414 971 1468 prae·
1000 1418 1083 1469 qnam
1106 1404 1186 1454 Dens
1209 1403 1472 1471 pseadoprophctcs
1501 1402 1639 1456 nonnulla
1657 1401 1835 1471 mandasse,

132 1484 204 1538 dixit
222 1484 358 1540 idolorum
376 1487 484 1538 ruinam
497 1485 549 1539 sub
562 1485 665 1539 Christi
679 1485 971 1551 adventumfuturam,
1000 1506 1071 1557 quiae
1090 1490 1226 1542 eveniant.
1267 1489 1444 1544 Maidouatus
1461 1491 1490 1543 in
1503 1507 1526 1544 c.
1540 1497 1564 1545 t.
1577 1488 1689 1545 Matth:
1709 1491 1836 1544 Balaam

131 1586 194 1625 eam
214 1571 317 1641 quippe
337 1572 366 1626 in
382 1571 533 1641 scripturis
549 1577 664 1626 noverat
681 1571 837 1626 revelatam.
875 1578 899 1627 6.
919 1572 973 1627 No·
993 1576 1093 1641 salnes
1118 1575 1230 1643 alioqui
1250 1582 1276 1627 et
1299 1575 1424 1640 infidelis
1437 1574 1579 1644 propheta
1599 1591 1666 1628 sera
1681 1575 1835 1645 praedicit.

131 1674 199 1710 vum
222 1674 278 1711 non
303 1664 345 1712 cst
369 1657 413 1712 rel
440 1657 595 1726 insolitum,
626 1659 709 1712 etiam
726 1659 822 1723 falsos
845 1660 973 1711 mames
1000 1662 1039 1713 Et
1062 1676 1093 1714 es
1111 1660 1261 1714 Matthaeo
1274 1661 1369 1727 facile
1387 1661 1545 1728 colligitur,
1571 1660 1665 1722 falsos
1680 1661 1837 1730 prophetas

94 1776 96 1780 .
132 1742 168 1797 de
189 1743 351 1813 prophetiae
371 1743 442 1799 dono
463 1745 584 1815 gloriari.
607 1743 708 1799 Matth.
729 1750 753 1807 t,
773 1761 798 1799 v.
818 1749 865 1798 tt:
884 1744 975 1797 Multi
998 1762 1061 1799 aere
1083 1747 1270 1815 prophetasse
1299 1754 1325 1800 et
1350 1764 1418 1800 vcra
1439 1747 1639 1817 praedicando
1666 1765 1722 1800 non
1748 1765 1837 1817 mam,

132 1831 229 1882 dicent
247 1830 277 1883 in
295 1832 343 1884 die
359 1831 518 1900 mammo,
538 1831 669 1893 Domine,
687 1832 819 1898 Domine,
837 1848 927 1884 nonne
943 1831 973 1882 in
1000 1835 1052 1885 sed
1070 1833 1176 1902 populi
1191 1835 1252 1888 Dei
1268 1835 1359 1900 fidem
1387 1835 1573 1898 confirmasse.
1614 1832 1694 1897 Quod
1718 1831 1837 1904 prophe·

133 1917 246 1968 nomine
271 1924 318 1969 tua
339 1917 590 1985 prophetavimus!
619 1915 720 1986 quibus
741 1915 866 1970 Christus
885 1916 973 1969 dicet:
999 1919 1055 1974 tiae
1080 1919 1183 1972 donum
1214 1935 1269 1973 non
1294 1919 1331 1973 sit
1355 1921 1488 1975 ecclesiae
1507 1927 1684 1991 perpetuum,
1708 1926 1787 1990 patet
1804 1935 1837 1974 ex

132 2019 190 2054 non
206 2003 273 2055 nori
288 2018 344 2068 nos,
363 2002 411 2056 ubi
427 2019 478 2072 per
495 2003 598 2056 donum
617 2001 780 2072 prophetiae
798 2002 880 2056 etiam
896 2001 971 2055 intu-
998 2022 1044 2072 eo,
1072 2005 1139 2075 quia
1164 2005 1199 2059 de
1220 2006 1394 2074 primordiis
1421 2006 1556 2060 ecclesiam
1581 2006 1616 2063 N.
1640 2006 1674 2059 Τ.
1703 2006 1838 2060 duntaxat

132 2105 226 2141 rorum
251 2088 453 2158 praedictiones
483 2083 601 2158 intelligi
625 2104 681 2142 non
709 2093 752 2142 est
778 2087 971 2157 improbabile,
998 2090 1171 2158 praedictum
1191 2096 1289 2157 exstat,
1311 2091 1385 2162 quod
1406 2091 1523 2145 visiones
1544 2097 1573 2145 et
1589 2091 1751 2162 prophetiae
1767 2099 1836 2146 tunc

133 2190 198 2228 oum
219 2172 322 2227 donum
342 2173 536 2229 miraculorum
556 2175 645 2228 cidem
664 2175 858 2245 conjungatur.
894 2174 971 2243 Lyra
997 2177 1129 2248 temporis
1148 2177 1178 2230 in
1198 2194 1231 2231 ea
1248 2176 1340 2231 locum
1359 2175 1513 2244 habebunt,
1532 2177 1605 2231 Joel.
1625 2182 1650 2241 2,
1670 2194 1696 2233 r.
1707 2182 1748 2233 28.
1769 2176 1840 2233 Act.

132 2259 162 2313 in
182 2275 278 2315 comm.
305 2266 327 2315 t.
346 2259 415 2330 Reg.
436 2265 482 2316 13:
508 2261 665 2329 Prophetis
682 2262 796 2330 respicit
818 2269 910 2314 actum
929 2261 970 2313 in·
999 2268 1022 2325 2,
1049 2281 1073 2316 r.
1103 2268 1141 2318 tt.
1175 2262 1224 2315 sed
1256 2261 1291 2316 de
1320 2261 1475 2315 novissimis
1502 2261 1635 2317 ecelesiae
1663 2260 1952 2332 temporibusxnan

132 2347 291 2415 telliqendi‚
310 2347 528 2414 caritasautem,
541 2357 612 2416 quae
623 2348 698 2411 facit
711 2347 848 2400 hominem
864 2348 971 2412 bortum,
998 2348 1096 2403 nullibi
1120 2348 1175 2403 tale
1203 2348 1270 2419 quid
1293 2347 1464 2417 promissum.
1505 2347 1643 2419 Agnoscit
1661 2347 1714 2402 hcc
1732 2345 1837 2402 Ribera

133 2441 176 2487 est
190 2432 449 2497 adusooluntatim
465 2434 651 2501 priuspotest
665 2435 795 2487 essedae
807 2433 970 2501 posteriori.
997 2434 1107 2489 Jesuita
1132 2435 1161 2488 in
1179 2440 1325 2491 comment.
1362 2433 1434 2489 Joet.
1459 2439 1487 2490 2:
1511 2434 1548 2487 In
1567 2429 1618 2488 ilio
1635 2434 1696 2487 salo
1713 2441 1837 2502 tempore

132 2515 175 2572 Ut
193 2523 285 2571 autem
302 2517 331 2570 in
349 2517 455 2586 impiis,
477 2518 517 2571 ita
535 2534 644 2589 quoqne
663 2518 692 2572 in
712 2518 790 2572 falsis
810 2519 970 2574 doctoribus
996 2521 1120 2591 (inquit),
1147 2523 1224 2590 quod
1243 2523 1345 2575 Petrus
1369 2519 1521 2589 indicavit,
1547 2521 1760 2589 intelliqendum
1777 2535 1836 2574 esse

132 2608 229 2674 potest
251 2620 312 2657 esse
336 2603 438 2657 donum
460 2603 639 2674 prophetiae,
663 2605 730 2674 quia
755 2604 854 2658 notitia
872 2605 969 2659 literae
996 2608 1069 2660 hunc
1096 2607 1265 2676 prophetiae
1289 2607 1395 2671 locssm,
1421 2609 1520 2661 docent
1538 2608 1673 2661 Hilarius
1690 2607 1738 2661 lih.
1757 2610 1781 2662 8.
1800 2606 1837 2660 de

133 2688 271 2743 differta
294 2690 393 2745 notitia
415 2690 534 2759 spiritus.
574 2692 620 2743 De
640 2691 757 2743 Εεεαοίε
778 2689 874 2744 scribit
891 2689 969 2745 Jose-
1000 2694 1100 2749 Trinit.
1130 2678 1342 2761 chrysostomus
1360 2694 1432 2749 hom.
1449 2699 1476 2750 4.
1494 2695 1524 2747 in
1542 2695 1626 2763 Acta,
1644 2694 1835 2762 Hieronymus

131 2774 207 2845 phas
226 2773 274 2829 lib.
291 2781 314 2830 2.
333 2775 369 2831 de
388 2776 462 2830 bello
482 2775 602 2831 Jndaico
620 2793 646 2833 c.
665 2782 694 2830 t:
716 2777 788 2830 Sunt
804 2778 834 2829 in
855 2778 902 2840 eis,
922 2777 972 2845 qui
998 2782 1039 2832 ad
1059 2781 1221 2850 Hedibiam‚
1240 2780 1423 2835 oecumenius
1441 2780 1472 2833 in
1492 2798 1514 2834 a.
1534 2782 1559 2834 2.
1579 2781 1642 2835 Act.
1664 2788 1690 2832 et
1709 2780 1764 2832 alii
1781 2779 1839 2832 oiri

132 2862 220 2914 etiam
230 2863 338 2928 futura
356 2879 437 2914 nosse
450 2863 626 2930 promittant,
645 2862 735 2915 sacris
746 2863 876 2915 uidelicet
888 2863 971 2915 libris
998 2867 1168 2934 dementini,
1189 2867 1240 2936 qui
1257 2866 1368 2919 omnino
1389 2867 1424 2919 de
1441 2866 1492 2919 hoc
1510 2873 1632 2935 tempore
1653 2866 1837 2935 interpretan-

132 2954 161 3000 et
179 2948 270 3000 uariis
286 2947 554 3015 sanctificationibus
570 2948 827 3017 prophetarumque
849 2948 933 3001 dictis
952 2966 972 3001 a
998 2960 1060 3015 tur,
1087 2970 1137 3006 nec
1161 2969 1283 3021 unquam
1302 2952 1420 3005 alterius
1438 2951 1571 3020 temporis
1588 2951 1744 3004 meminere.
1781 2951 1841 3006 Sed

128 3034 237 3103 primis
262 3034 399 3087 aetatibus
421 3035 624 3101 adhaerentes,·
651 3052 720 3088 raro
747 3042 839 3088 aedem
858 3034 972 3102 accidit,
998 3038 1069 3106 qnid
1087 3055 1137 3107 eqo
1157 3046 1268 3092 sanans
1285 3045 1383 3105 patres
1399 3053 1590 3104 commemoro,
1610 3053 1671 3088 cum
1690 3035 1840 3089 etJudaei

131 3127 164 3172 ut
195 3121 427 3188 praedicationes
464 3137 559 3175 eorum
595 3120 747 3186 fnatratio
777 3129 971 3189 consequatur.
997 3125 1129 3177 nonnulli
1146 3126 1188 3177 ad
1206 3132 1332 3191 tempora
1351 3122 1475 3175 Messias
1494 3121 1644 3184 reserant!
1663 3129 1688 3174 et
1707 3138 1740 3174 ea
1758 3120 1836 3175 Acti·

132 3208 182 3260 De
200 3207 386 3260 Montanists’s
403 3210 508 3274 notum,
528 3213 698 3276 quantopere
718 3206 877 3276 prophetias
891 3206 972 3274 jacti·
999 3210 1048 3261 hus
1075 3211 1267 3278 apostolorum
1293 3207 1490 3275 intelliqimus,
1518 3205 1661 3273 impletam
1686 3222 1745 3259 esse
1763 3206 1837 3259 hane

132 3292 235 3354 tarint,
255 3290 398 3347 habebant
414 3291 544 3345 Priscam
564 3301 591 3345 et
609 3292 803 3346 hlaaimillam
821 3292 920 3347 divites
938 3310 972 3346 ac
995 3295 1175 3364 prophetiam
1205 3302 1272 3364 post
1304 3293 1425 3348 Domini
1458 3292 1685 3355 asbcensianem,
1720 3291 1837 3360 quidam

133 3377 283 3447 opulentas
306 3378 436 3432 mulieres
462 3375 697 3447 prophetissarum
720 3378 792 3434 loco.¹
836 3378 972 3449 Hierony·
999 3382 1071 3434 enim
1085 3380 1309 3450 prophetabant,
1335 3387 1365 3433 ut
1382 3379 1500 3446 Aqahus
1520 3378 1642 3445 etfiliae
1661 3377 1837 3446 Philippici

133 3481 198 3517 mus
222 3463 251 3516 in
267 3469 410 3518 comment.
434 3480 459 3517 c.
481 3470 500 3517 t.
519 3463 556 3517 ad
574 3463 629 3518 Tit.
650 3464 749 3533 retent,
775 3466 972 3534 Epimenidem
998 3466 1129 3520 nonnulli
1150 3483 1183 3519 ea
1202 3466 1370 3528 Corinthius,
1396 3471 1478 3517 nant
1503 3462 1586 3516 etiam
1611 3463 1641 3514 in
1661 3463 1837 3516 Antiocheno

132 3550 284 3618 scrspsisss
308 3550 409 3602 librum
432 3552 466 3602 ds
491 3551 616 3603 oracsdis
635 3568 670 3603 aa
692 3553 849 3619 responsis,
871 3553 901 3605 in
919 3568 972 3620 quo
999 3551 1118 3606 ecelesia
1143 3552 1316 3621 prophetae,
1354 3550 1437 3603 etiatn
1468 3550 1614 3603 Jahannea
1646 3548 1834 3618 apocalypsin

133 3637 226 3689 malta
253 3636 370 3699 factura
396 3637 656 3704 praedicebantur,
691 3652 807 3705 eamque
832 3655 850 3689 a
878 3639 973 3693 Paulo
998 3639 1069 3691 uidit
1093 3645 1119 3691 et
1143 3638 1244 3690 Petrus
1270 3645 1295 3690 et
1317 3636 1426 3690 Paulus
1452 3636 1536 3689 etiam
1562 3634 1692 3689 visiones.
1738 3634 1837 3692 Claud.
1873 3680 1877 3695 .

134 3722 239 3775 lectum
257 3737 317 3775 esse
333 3729 360 3773 et
377 3721 441 3774 hinc
458 3728 575 3775 eumaem
594 3723 779 3775 uersiculum.-
803 3710 907 3795 Κρῆτές
929 3722 972 3776 ἀεὶ
998 3725 1174 3794 Espencaeus
1200 3727 1344 3777 comment
1370 3721 1400 3774 in
1430 3726 1452 3776 t.
1474 3719 1545 3774 Tim.
1572 3719 1643 3774 libro
1670 3726 1692 3775 1.
1724 3720 1837 3793 digrest.

134 3811 259 3877 ψεῦσται
278 3813 330 3864 etc.
364 3807 444 3862 Idem
460 3807 489 3861 in
510 3823 532 3861 c.
552 3814 575 3861 t.
595 3807 707 3860 Maon:
726 3810 768 3860 Et
784 3808 856 3862 Saul
875 3809 972 3862 etBa-
998 3828 1023 3865 c.
1042 3816 1072 3865 2.·
1099 3810 1258 3878 Prophetae
1276 3826 1349 3861 nunc
1367 3807 1502 3860 dicuntur
1521 3805 1734 3875 scripturarum
1755 3796 1838 3860 inter'·

132 3895 216 3949 laam
234 3901 260 3947 et
278 3891 404 3963 Caiphae
416 3893 622 3963 prophetarunt
637 3895 796 3962 nescientes,
814 3896 886 3962 quid
899 3897 973 3948 dice·
995 3904 1090 3966 pretes
1107 3904 1133 3948 et
1151 3895 1366 3965 explanatores,
1393 3902 1422 3946 ut
1441 3895 1522 3946 docet
1540 3892 1719 3962 Ambrosius,
1743 3910 1838 3962 msam·

130 3985 205 4034 rent.
238 3979 417 4035 l.Accedant
433 3979 590 4033 testimonia
605 3978 726 4049 ipsorum
742 3978 972 4035 adversariorum.
999 3983 1041 4035 cis
1067 3983 1140 4035 inter
1160 3983 1237 4048 fidei
1257 3980 1424 4050 primordia
1452 3981 1493 4033 ad
1524 3981 1748 4032 commendanda
1777 3980 1838 4056 ejus

130 4065 257 4120 Thomas
280 4072 303 4122 2.
330 4072 354 4120 2.
379 4083 406 4136 q.
427 4071 484 4122 tta.
508 4072 558 4120 art.
579 4071 603 4120 6.
637 4065 752 4135 probat,
777 4069 860 4120 etiam
879 4069 973 4129 salsos
999 4069 1158 4122 rudimenta
1189 4069 1299 4132 fuerint
1326 4067 1485 4136 prophetae
1517 4065 1601 4118 etiam
1627 4061 1838 4135 prophetantes,

126 4151 288 4223 prophetas
312 4151 454 4204 interdum
472 4168 540 4203 vera
554 4153 739 4219 praedicere,
763 4153 920 4221 aliquando
941 4169 974 4206 ea
1000 4157 1099 4223 qtsales
1123 4157 1241 4217 suerunt
1265 4154 1383 4222 Aqahus
1408 4159 1434 4204 et
1458 4159 1579 4219 quotuor
1604 4151 1681 4214 filiae
1707 4150 1841 4220 Ptttsppi

132 4241 302 4292 daemonum
323 4237 509 4305 revelatione,
535 4238 692 4306 aliquando
718 4254 752 4290 ea
770 4239 868 4291 diutina
887 4240 1129 4319 inopi-joirqines.
1170 4240 1248 4295 Idem
1273 4239 1356 4293 etiam
1384 4235 1548 4308 comprobat
1565 4252 1609 4291 res
1627 4235 1701 4307 ipsa,
1726 4236 1792 4307 quia
1810 4235 1839 4291 in

131 4325 260 4390 ratione,
285 4322 359 4393 quod
381 4321 526 4377 confirmat
551 4323 674 4392 exemplo
693 4323 812 4378 Bileami
834 4331 863 4380 et
882 4324 1035 4394 Sibyl-,u
1053 4327 1088 4381 T.
1112 4327 1218 4397 aliquot
1244 4326 1340 4381 secula
1364 4323 1505 4392 abierunt,
1530 4321 1643 4395 quando
1666 4321 1759 4375 nullus
1784 4323 1839 4377 fuit

132 4412 225 4466 larum
251 4414 335 4478 atque
362 4423 396 4462 ex
421 4408 580 4480 Augustino
609 4409 656 4465 lib.
687 4415 727 4465 12.
754 4410 788 4465 de
812 4410 915 4465 Genesi
937 4412 1136 4483 εᾶέρτορὶιεὶα
1166 4418 1187 4468 l.
1213 4409 1337 4464 Maccsb.
1358 4414 1388 4473 9,
1410 4427 1435 4462 v.
1456 4416 1498 4463 27.
1520 4408 1548 4462 in
1566 4407 1602 4463 N.
1621 4407 1654 4463 T.
1674 4424 1691 4460 a
1708 4407 1838 4477 tempori·

131 4497 293 4551 literamc.
323 4499 361 4548 19,
399 4495 637 4550 Bonaventnra3
662 4496 867 4552 sanctiate.
895 4502 974 4566 q.6.
985 4495 1052 4553 bus
1076 4497 1263 4568 apostolorum
1281 4495 1378 4567 propia
1397 4500 1425 4549 et
1445 4493 1573 4564 specifice
1591 4493 1682 4548 dietus
1701 4492 1839 4565 propheta

133 4583 203 4636 Non
230 4580 310 4633 debet
334 4580 415 4633 homo
439 4582 515 4633 omni
539 4581 655 4649 spiritui
678 4585 807 4650 cresim,
834 4586 886 4635 sed
905 4598 973 4652 pro·
1000 4584 1092 4638 nullus
1108 4583 1171 4637 fuit

133 4671 219 4736 hare,
246 4667 296 4736 qui
318 4683 350 4718 ee
374 4669 438 4719 Dca
464 4667 528 4718 sint.
576 4665 630 4728 Qui
652 4669 725 4720 enim
749 4671 804 4722 cito
829 4669 957 4722 oedit
944 4687 973 4720 sn
1034 4675 1094 4725 288
1129 4668 1298 4733 Videamus,
1337 4664 1475 4736 quomodo
1508 4663 1693 4718 Bellarminus
1731 4641 1838 4734 probet,
1850 4685 1922 4734 argn-

133 4754 255 4820 talibus,
279 4752 349 4805 levis
372 4759 414 4805 est
439 4755 525 4805 eorde
549 4760 575 4804 et
597 4754 723 4813 fortasse
751 4755 834 4807 etiam
860 4756 987 4823 inflatus
999 4757 1093 4809 lumen
1116 4753 1310 4825 propheticum
1337 4768 1398 4807 esse
1424 4750 1557 4806 ecclesiae
1583 4755 1685 4804 notam
1712 4754 1735 4802 l
1759 4743 1938 4829 δίστιέξζῃξζ

133 4841 230 4904 corde,
249 4840 315 4891 dum
331 4838 454 4890 adtales
471 4838 590 4891 visiones
609 4845 635 4891 et
654 4841 849 4907 apparitiones
866 4858 895 4894 se
912 4842 974 4894 ido·
1003 4842 1127 4900 Christus
1138 4842 1232 4893 Marc.
1241 4856 1264 4891 c.
1276 4841 1317 4892 16.
1330 4837 1473 4905 promittit
1487 4835 1623 4889 ecclesiae
1637 4838 1740 4890 donum
1753 4836 1837 4888 mera·
1852 4841 1907 4879 mtnt
1923 4849 1965 4889 tto

133 4943 219 4980 neum
239 4940 298 4978 esse
316 4922 467 4990 existimat,
486 4925 562 4976 unde
581 4924 685 4977 tales
670 4925 896 4995 tisionespotius
910 4934 988 4987 sunt
1001 4929 1136 4995 culorum,
1156 4925 1197 4977 ita
1212 4924 1296 4977 etiam
1308 4923 1382 4977 Joet.
1398 4925 1424 4978 2
1440 4930 1590 4992 exponente
1604 4923 1690 4976 Petro
1707 4923 1837 4977 Astomi.
1849 4892 1949 4994 Ιρῖῗρῃῖ.

132 5011 357 5080 formidandae,
385 5026 469 5077 quam
495 5011 701 5064 desiderandae
727 5019 777 5066 etc
820 5000 1137 5085 Tolosanuslprontnn
1163 5013 1266 5064 donum
1287 5009 1461 5079 prophetiae.
1515 5008 1684 5079 Responsio:
1717 5006 1836 5063 ostendi·
1850 5001 1904 5035 ⁸¹⁶⁰·

134 5098 185 5154 lib.
207 5102 229 5153 3.
249 5095 285 5152 de
302 5095 411 5166 republ.
429 5112 453 5150 c.
474 5101 524 5151 3³:
550 5097 731 5160 Permisit,
719 5115 774 5152 amo
788 5099 877 5167 jussit
897 5102 976 5152 Deus
1000 5119 1062 5155 mns
1076 5101 1135 5169 jam
1152 5103 1226 5163 ante,
1245 5095 1406 5151 vaticinium
1423 5093 1494 5148 illud
1512 5094 1650 5163 pertinere
1669 5093 1706 5148 ad
1723 5095 1837 5163 primos

135 5201 220 5238 cous
241 5183 332 5236 mrtlta
352 5182 488 5249 praedici
507 5199 562 5251 per
586 5182 729 5236 idolorum
754 5186 932 5254 sacrificulos
951 5192 976 5238 et
1002 5186 1048 5239 dia
1071 5183 1206 5239 ecclesiae
1223 5181 1410 5245 Christianae,
1435 5180 1464 5233 in
1486 5178 1588 5250 quibus
1611 5194 1691 5232 suum
1711 5179 1838 5233 sortitum

131 5286 190 5341 per
215 5269 335 5323 macula
356 5285 451 5322 eorum
466 5267 626 5330 sabama,
651 5286 707 5321 non
724 5286 803 5323 secus
822 5288 907 5339 quam
922 5289 977 5341 pcr
1002 5277 1044 5326 est
1072 5269 1317 5339 complementum
1347 5283 1398 5320 nos
1424 5281 1490 5320 vero
1516 5264 1569 5318 hoc
1595 5263 1654 5318 loco
1680 5266 1839 5335 quaerimus

137 5356 249 5411 annam
281 5355 408 5408 Bilecmi
437 5354 604 5408 annuntiari
630 5355 719 5408 voluit
745 5357 975 5425 approbationem
1001 5363 1150 5429 perpetuas
1176 5363 1205 5411 et
1231 5351 1430 5425 inseparabiles
1449 5350 1581 5407 ecclesiae
1601 5358 1691 5407 notas.
1729 5356 1756 5409 2.
1778 5355 1839 5408 Do·

188 5449 291 5493 canna
304 5447 354 5490 loct.
374 5447 398 5491 t.
1475 5458 1506 5509 37
