4004 6022
261 278 333 367 ιιι
357 313 359 319 v
819 298 941 359 nocua
957 296 1164 358 monemus
1182 298 1382 360 sncuunos

260 457 379 512 remees
414 472 508 511 eorum
540 462 693 526 temporum
723 456 832 527 scripta
859 456 996 527 teprnrtar.
1045 454 1089 509 Ae
1118 456 1190 511 citur
1213 455 1341 512 vitiorum
1366 457 1425 527 fex,
1451 456 1580 513 infamiae
1604 458 1748 530 speculum
1762 458 1803 515 'ac
1825 458 1952 515 diabolus

201 577 207 592 .
261 548 371 614 postea:
392 544 453 597 Noc
471 543 645 611 agnoscnnus
658 551 684 597 et
691 542 829 612 fatemur,
849 544 919 598 citio
929 543 1092 613 pontificum
1119 541 1332 603 incarnatus.**
1373 548 1399 602 2.
1426 545 1569 600 Seriumne
1590 546 1728 600 advene
1751 547 1951 614 mmmmm

256 631 353 700 firmae
377 647 433 684 non
453 646 550 699 pauca
573 634 625 685 etc.
664 629 759 701 Atque
776 630 855 686 utin
873 629 965 701 specie
982 625 1092 700 pontifi·
1119 628 1162 685 De
1183 629 1320 702 Gregorio
1337 630 1403 688 Vll.
1429 630 1514 686 refert
1531 631 1641 696 Benna,
1664 632 1740 704 quod
1759 632 1886 688 Henrico
1904 633 1950 688 111.

265 733 327 771 cum
346 715 469 770 facinora
486 714 638 787 insigniora
655 731 688 770 ex
706 721 786 786 parte
803 730 1001 771 enumeremus.
1028 712 1093 778 Qni-
1119 716 1278 788 imperatori
1298 716 1413 772 insidias
1432 717 1506 774 ritae
1524 717 1654 774 struxerit
1671 718 1834 791 etquidem
1850 719 1880 774 in
1895 721 1950 775 loco

265 792 328 857 dam
348 800 466 857 infames
482 801 576 858 fuere:
603 806 627 855 1.
649 803 761 872 Magia.
786 801 882 857 Refert
900 800 972 857 enim
989 800 1093 864 Benna
1119 819 1204 859 sacro.
1236 803 1280 859 De
1297 804 1456 860 Alexandro
1475 805 1526 860 IIL
1545 806 1668 861 referunt
1681 806 1808 862 Puncius
1820 806 1949 864 inchron

265 888 338 960 quod
359 887 482 960 quinque
505 905 597 960 papae
615 905 644 945 se
664 895 736 944 totos
757 888 945 945 consecrarint
964 887 1248 981 Saunaeqliaucler.
1273 895 1396 962 generet.
1426 897 1464 948 14.
1500 890 1641 948 Johannes
1665 892 1754 947 Stella
1778 893 1809 948 in
1838 893 1948 949 Alexan·

265 975 407 1045 Sylrester
423 975 461 1029 II.
487 974 657 1031 Benedictus
676 975 727 1030 IX.
748 976 888 1031 Johannes
907 974 972 1030 XX.
991 973 1093 1030 Johan·
1121 974 1171 1029 dro
1196 976 1247 1032 ΠΙ
1273 992 1338 1048 pag.
1368 982 1408 1032 tr.
1439 977 1513 1049 quod
1541 977 1715 1034 Fridericum
1742 979 1949 1042 Barbarossam.

265 1078 314 1117 nes
332 1060 423 1116 xxi..
442 1060 592 1133 Gregorius
611 1061 676 1119 Vll.
701 1062 854 1118 Nauclerus
878 1069 907 1117 et
928 1060 1036 1115 Platina
1056 1065 1094 1113 te·
1121 1061 1187 1133 qula
1207 1061 1234 1116 ei
1257 1078 1360 1118 morem
1386 1064 1416 1118 in
1437 1063 1511 1120 bello
1533 1063 1720 1134 protrahendo
1740 1082 1800 1121 non
1818 1066 1948 1139 gessisset,

161 1146 206 1190 ¹¹¹·
219 1147 250 1191 ⁷¹·
265 1153 387 1216 stantur,
419 1165 511 1202 omnes
534 1165 633 1218 papae
659 1166 678 1202 a
704 1150 845 1218 Sytoeuro
868 1149 911 1204 II.
941 1164 1027 1216 usqae
1055 1148 1096 1199 ad
1121 1149 1397 1205 excommunicaverit
1419 1149 1501 1221 eique
1523 1149 1640 1206 fulmine
1662 1153 1948 1208 excommunicationis

268 1234 439 1303 &euenum
461 1237 527 1289 VII.
548 1235 681 1290 facturive
692 1237 789 1303 sumre
807 1253 912 1303 napos.
942 1233 985 1289 De
999 1232 1094 1303 Sylve·
1120 1233 1233 1288 turbato
1257 1251 1291 1289 ac
1311 1234 1458 1306 perterrito
1481 1235 1554 1291 diem
1571 1236 1685 1306 dixerit,
1707 1254 1765 1310 qno
1783 1254 1815 1294 se
1833 1238 1948 1295 Venetiis

265 1328 321 1377 stro
344 1321 382 1378 II.
405 1322 481 1393 prius
504 1320 656 1378 Gereberto
682 1321 755 1376 dicto
773 1323 802 1375 in
821 1321 913 1392 specio
932 1335 1095 1376 commemo·
1120 1319 1150 1374 in
1169 1337 1275 1375 summo
1293 1320 1396 1393 templo
1414 1321 1450 1375 ed
1465 1321 1551 1392 podes
1566 1324 1626 1393 ejus
1640 1324 1761 1395 supplex
1772 1323 1949 1396 provolvere,

267 1416 311 1465 rat
329 1408 451 1477 Plotina,
469 1409 544 1479 qnod
561 1408 712 1464 ambitione
728 1413 758 1463 et
778 1407 916 1464 diabolica
934 1403 1094 1461 dominandi
1121 1422 1176 1477 quo
1206 1406 1280 1462 facto
1312 1423 1387 1478 papa
1416 1408 1489 1478 pede
1519 1408 1691 1479 imperatoris
1722 1411 1799 1466 collo
1829 1411 1949 1482 imposito

266 1495 420 1567 cupiditate
439 1495 573 1565 impulsus
583 1494 757 1550 Pontificiam
769 1495 931 1566 dignitatem
945 1493 1094 1564 adjuvante
1121 1491 1267 1547 acclamari
1290 1510 1308 1548 a
1333 1511 1384 1549 suo
1407 1495 1480 1549 clero
1499 1494 1551 1550 sibi
1576 1496 1673 1566 jussit:
1711 1498 1810 1566 Super
1829 1500 1949 1567 aspidem

265 1582 375 1638 diabolo
404 1587 566 1637 consecutus
595 1581 645 1649 sit,
676 1581 727 1636 hac
752 1586 846 1635 tamen
869 1579 945 1651 lege,
977 1585 1009 1634 ut
1031 1583 1095 1648 post
1121 1586 1147 1632 et
1174 1580 1334 1634 tantumn
1360 1581 1518 1635 ambutabit
1545 1589 1572 1635 et
1593 1582 1773 1636 eometcabr'c
1796 1585 1906 1638 honen
1929 1595 1948 1638 et

265 1675 379 1725 mortem
404 1673 479 1723 totus
502 1665 577 1721 illius
600 1673 686 1735 esset,
715 1669 795 1738 cujus
819 1666 962 1721 fraudibus
988 1671 1093 1720 nutam
1120 1667 1279 1723 draconem.
1322 1666 1392 1722 (lum
1419 1683 1484 1723 vero
1510 1683 1657 1739 merosus
1686 1669 1825 1725 Friderici
1849 1672 1948 1726 animm

265 1755 430 1827 dignitatern
447 1759 506 1808 eret
522 1752 656 1823 adeptus,
679 1769 733 1823 quo
754 1753 865 1808 nomine
883 1753 966 1808 etiam
984 1751 1094 1807 diabolo
1121 1753 1286 1824 indignitate
1309 1753 1349 1807 rei
1372 1760 1591 1824 permoveretur,
1616 1755 1709 1825 palam
1733 1756 1871 1812 audiente
1890 1775 1947 1829 pon-

264 1840 423 1913 homug'um
440 1838 554 1905 fecerat,
573 1843 645 1894 teste
656 1839 780 1894 Arnoldo
794 1838 938 1894 Albertino
953 1838 987 1892 de
999 1853 1094 1908 agnos.
1120 1838 1195 1893 tifice
1214 1839 1294 1894 dicit:
1313 1840 1378 1893 Non
1397 1840 1456 1904 tibi,
1474 1841 1527 1894 red
1544 1842 1646 1908 Petro,·
1664 1840 1714 1895 sed
1733 1841 1865 1912 pontifex
1883 1844 1947 1914 plm-

267 1934 362 1984 assert
376 1925 477 1982 cathol.
491 1929 520 1981 et
529 1925 631 1981 haeret.
647 1944 674 1998 q.
684 1932 709 1983 9.
723 1943 797 1982 num.
810 1930 848 1981 12.
872 1921 1096 1980 Benedictule.
1121 1941 1204 1996 quam
1223 1925 1367 1996 tyrannice
1386 1924 1559 1980 reclamavit:
1583 1929 1623 1980 Et
1639 1926 1709 1980 mut
1720 1934 1748 1980 et
1761 1929 1860 1986 Petro.
1889 1929 1948 1986 en·

265 2020 414 2087 antequam
446 2016 586 2068 crearetur
609 2012 746 2084 pontifex,
777 2012 885 2084 magiae
908 2009 1043 2066 beneficio
1067 2008 1096 2062 in
1121 2012 1248 2067 sulantur
1265 2028 1344 2083 ¹vero
1373 2011 1517 2082 historiae,
1551 2013 1688 2084 quomodo
1716 2013 1872 2084 pontifices
1900 2032 1949 2070 sese

266 2103 308 2157 sui
337 2115 457 2156 amorem
486 2114 665 2172 quascunque
696 2098 780 2155 vellet
813 2097 988 2153 mulierculas
1020 2100 1096 2166 pote·
1122 2098 1258 2171 gesserint
1287 2115 1354 2170 erga
1381 2098 1531 2153 Henrieum
1561 2097 1610 2154 IV.
1640 2116 1724 2170 quem
1752 2118 1831 2172 papa
1856 2101 1947 2174 Grego-

266 2194 310 2245 rat
342 2186 479 2259 pellicere.
527 2183 571 2242 De
601 2185 737 2258 Gregorio
762 2185 826 2243 Vll.
859 2184 993 2252 refertur,
1023 2181 1097 2253 quod
1121 2185 1179 2239 rius
1195 2184 1261 2241 VII.
1281 2182 1568 2240 excommunicavitet
1587 2189 1684 2240 contra
1697 2201 1764 2241 enm
1777 2186 1949 2260 Rndolphnm

267 2274 377 2349 quando
412 2272 533 2328 manicas
564 2278 719 2337 excuteret,
756 2271 829 2344 Ignis
858 2269 1038 2327 scintillarum
1068 2267 1097 2322 in
1124 2273 1276 2327 suevorum
1301 2271 1399 2327 ducem
1423 2270 1585 2335 concitavit,
1609 2271 1656 2342 qni
1682 2272 1788 2328 amisse
1806 2275 1836 2328 in
1856 2272 1949 2342 praelio

266 2379 368 2418 morem
389 2359 529 2416 exsilierit.
563 2358 760 2415 “Aventinus
779 2357 825 2413 lib.
842 2364 866 2413 5.
884 2356 976 2413 annal.
994 2374 1021 2427 p.
1038 2361 1096 2411 400.
1123 2358 1220 2414 dextra
1234 2359 1325 2428 justas
1342 2357 1475 2429 perfidiae
1494 2372 1562 2413 suae
1579 2373 1683 2428 poenas
1699 2358 1791 2424 dedit,
1822 2356 1948 2412 referente

266 2448 366 2504 recitat
391 2447 532 2502 decretum
556 2444 747 2516 episcoporum
772 2461 806 2498 ex
831 2442 938 2511 Gallia,
969 2441 1052 2496 Italia
1070 2445 1099 2494 et
1123 2444 1308 2517 Urepergensi
1334 2461 1408 2499 anno
1438 2448 1512 2500 108⁰.
1551 2443 1713 2502 Helmoldo‚
1747 2441 1882 2497 Orantzio
1905 2454 1948 2498 etc.

268 2533 418 2590 Germania
441 2539 685 2605 congregatorum,
713 2530 742 2585 in
767 2547 821 2601 quo
849 2528 1012 2600 Gregorium
1031 2527 1096 2582 Vll.
1124 2546 1190 2601 erga
1212 2529 1364 2584 Henrieum
1386 2530 1421 2585 V.
1445 2539 1540 2584 cenna
1558 2544 1640 2599 quem
1656 2525 1775 2580 Romam
1793 2528 1949 2598 profectum,

267 2622 338 2676 rivis
361 2619 516 2691 depingunt
539 2610 685 2675 coloribus.
726 2617 864 2680 Quoniam
882 2615 1098 2668 Hildebrandue
1123 2622 1155 2670 ut
1171 2616 1321 2687 imperator
1336 2615 1554 2680 renuntiaretur,
1576 2626 1650 2681 papa
1667 2611 1816 2668 Panchalis
1833 2615 1869 2669 Π.
1887 2615 1949 2669 sedi·

268 2708 364 2773 faisses
383 2706 548 2774 nommetur,
570 2721 682 2773 mpure,
710 2702 901 2768 divinatoriae,
929 2700 1098 2754 somniorum
1123 2703 1226 2757 tionem
1254 2702 1355 2773 morit,
1388 2706 1421 2756 ut
1448 2701 1639 2765 imperatorem
1666 2697 1760 2768 ipsum
1787 2699 1827 2754 de
1851 2701 1907 2755 rita
1926 2707 1950 2755 et

266 2792 521 2865 prodigiorumque
552 2799 592 2845 est
615 2791 770 2858 conicetur,
806 2787 879 2841 mate
903 2789 939 2840 de
963 2786 1098 2857 rdiptane
1125 2789 1241 2844 fortunis
1265 2789 1322 2844 suis
1349 2787 1477 2838 dimicare
1502 2784 1666 2854 oportuerit,
1698 2801 1768 2856 erga
1787 2785 1950 2859 Philippum,

271 2879 436 2935 curubitana
460 2878 549 2932 sentit
593 2877 708 2930 Primae
730 2874 925 2945 pontificatum
950 2874 1098 2927 marimum
1125 2892 1207 2947 quem
1218 2875 1312 2929 itidem
1324 2885 1399 2940 papa
1409 2868 1586 2924 Innocentius
1595 2869 1647 2926 ΙΙΙ.
1660 2872 1948 2929 excommunicaritsc

269 2946 368 3023 contre
393 2981 497 3020 morem
518 2964 658 3034 majorum
679 2961 774 3016 inritis
796 2959 922 3015 omnsbuc
939 2960 1017 3014 bonis
1035 2960 1099 3013 emit
1124 2953 1293 3031 principibus
1304 2953 1454 3020 interdixit,
1465 2971 1501 3009 ne
1517 2955 1660 3026 imperinm
1672 2957 1698 3011 ei
1711 2958 1872 3029 traderent3
1890 2977 1950 3033 erga

270 3063 295 3110 ct
314 3060 413 3108 eontra
431 3051 599 3106 columniam
616 3056 739 3104 noctram
759 3048 834 3103 orbis
853 3055 992 3101 terrarum
1011 3046 1097 3101 domi
1123 3037 1253 3095 Ottonem
1278 3039 1328 3094 IV.
1357 3056 1437 3111 quern
1461 3040 1638 3097 anathemate
1663 3045 1826 3113 perculsum
1855 3046 1948 3117 privari

269 3143 346 3197 nium
375 3139 496 3195 retinere
527 3145 654 3194 conatur.
710 3135 883 3203 Berenpnrr'i
910 3126 1097 3202 antiqrsuss'ntr'
1122 3125 1236 3196 imperio
1252 3127 1408 3198 praecepit3
1425 3143 1492 3198 erge
1507 3127 1658 3182 Henrieum
1672 3128 1739 3184 Vll.
1759 3138 1946 3204 contraquam

270 3228 377 3284 „.,.0„·,
395 3232 552 3297 mmm,
572 3232 597 3279 α
617 3224 789 3293 (rismum,
813 3221 1030 3291 conjuratorem
1048 3214 1095 3265 bo·
1123 3211 1211 3266 edidit
1228 3213 1376 3282 decretum,
1396 3213 1425 3267 in
1444 3231 1499 3285 qno
1516 3214 1609 3269 omnia
1617 3231 1704 3286 regna
1716 3216 1870 3274 Christiani
1881 3219 1947 3273 orbis

270 3318 353 3371 ,gum
370 3313 543 3386 ,amurcae
560 3319 643 3382 aequ,
660 3310 834 3366 mmmm·
851 3300 962 3369 imperii
972 3298 1095 3352 caesaris
1122 3297 1263 3352 Romanae
1280 3298 1450 3355 hierarchiae
1467 3299 1605 3370 subjicere
1619 3308 1783 3361 conatum.
1805 3304 1947 3360 Pastoralir

271 3401 513 3469 Ciristimu'srr‘mi,
532 3401 582 3469 qni
599 3398 712 3468 caepim
725 3409 825 3461 pacm
844 3386 871 3438 a·
882 3386 997 3455 ejusque
1012 3384 1095 3438 sociis
1121 3382 1281 3440 Clementia.
1313 3384 1375 3439 libr.
1408 3391 1430 3440 2.
1463 3387 1504 3442 tit.
1537 3393 1575 3444 ll.
1605 3388 1640 3444 de
1667 3395 1737 3447 sent.
1768 3396 1799 3446 et
1823 3410 1854 3446 rc
1867 3392 1947 3462 judic.

270 3491 345 3545 ugr„
370 3488 481 3555 optulit,
508 3487 598 3540 ,alm
620 3473 745 3544 emperie
762 3478 788 3526 et
807 3473 918 3527 animae
934 3471 1096 3540 insidiatur,
1122 3470 1395 3542 turmariorum,
1413 3474 1573 3542 centuriis,
1592 3474 1750 3530 incestibus.
1775 3475 1990 3550 SerginslIIffl

270 3579 356 3631 miano
383 3573 582 3643 imperiumque
599 3564 721 3633 perdere
745 3566 875 3629 amatur,
897 3561 949 3629 jue
972 3559 1096 3612 diuinum
1122 3572 1156 3610 ex
1179 3556 1299 3611 Maronia
1323 3556 1478 3614 iohannem
1501 3558 1566 3613 XII.
1592 3565 1690 3629 postea
1712 3576 1819 3630 papam
1838 3566 1947 3635 spureis-

270 3665 472 3729 humanumque
496 3649 647 3722 pervertit,
668 3647 748 3712 falsa
771 3646 1026 3714 proscinderet,
1051 3662 1095 3699 aa·
1122 3642 1206 3696 simus
1233 3643 1342 3698 adulter
1372 3645 1482 3716 genuit,
1520 3644 1626 3714 Luitpr.
1656 3643 1815 3702 ‘litinensis
1843 3650 1903 3706 libr.
1927 3658 1947 3707 3.

270 3747 404 3818 cristata,
425 3738 573 3810 perjuria,
602 3732 760 3796 mendacia,
780 3731 945 3799 homicidia,
965 3732 1096 3785 incendio
1123 3729 1157 3785 de
1176 3730 1262 3801 gestis
1281 3730 1406 3802 imperat.
1424 3749 1448 3786 o.
1470 3737 1508 3787 tt.
1535 3730 1677 3786 ‚Iohannes
1696 3730 1779 3787 XIII.
1801 3736 1831 3791 in
1849 3738 1948 3794 adulte

269 3834 344 3888 velut
361 3833 427 3884 bene
438 3827 526 3892 sactu
544 3821 686 3888 indntpet,
708 3817 867 3879 collaudat,
892 3818 932 3870 ad
948 3818 1016 3871 baec
1030 3834 1094 3887 per·
1122 3817 1162 3870 rio
1180 3817 1366 3887 deprehensus
1385 3823 1414 3873 et
1433 3817 1573 3873 confessus
1591 3823 1646 3887 est,
1682 3817 1777 3890 Sigeb.
1799 3839 1873 3878 anno
1895 3831 1948 3881 tue,

268 3918 412 3991 patranda
431 3909 580 3966 classicum
597 3904 685 3972 eund,
711 3909 859 3971 tyrannum
882 3906 1022 3972 perfidam
1044 3921 1095 3958 ruo
1122 3902 1220 3956 Laudo
1232 3903 1253 3956 l.
1271 3903 1343 3958 inter
1361 3904 1515 3959 meretrices
1532 3904 1665 3974 majorem
1677 3903 1751 3959 vitae
1767 3917 1947 3982 suaepartem

271 4018 346 4059 more
364 4006 483 4067 tutatur,
508 3991 668 4048 discordiae
684 3988 757 4042 inter
773 3990 891 4052 frenes,
914 3990 1033 4058 amieos,
1050 4008 1094 4043 eo·
1122 3989 1221 4059 exegit.
1240 3989 1948 4065 ”GregoriusVII.familiariterususestMathilde;

270 4096 369 4160 ynam
393 4084 475 4153 ecrit,
506 4080 571 4135 liter
592 4075 693 4139 nutrit,
725 4075 798 4128 iruer
819 4074 948 4143 conjugae
973 4077 1097 4130 divortia
1122 4076 1289 4131 Clementem
1301 4076 1336 4132 V.
1370 4075 1566 4148 Urepergensis
1579 4078 1818 4146 vocatpublicum
1826 4085 1947 4148 famice-

215 4215 217 4219 .
264 4176 358 4247 sacis,
387 4170 482 4228 mnu
506 4169 586 4220 tama
610 4164 782 4227 sacerdotes,
807 4161 856 4229 qui
878 4179 977 4216 enarer
996 4164 1097 4217 tabent
1123 4171 1217 4219 torem.
1239 4161 1540 4219 DelonocentioVIII.
1553 4163 1868 4224 narratVolatcrrannsr
1882 4173 1947 4225 Por·

271 4262 423 4332 gwffimm’
452 4255 595 4324 gamflcor
621 4263 674 4301 aree
697 4254 848 4316 pernegat,
871 4247 981 4301 interim
1004 4256 1095 4302 tamen
1122 4250 1225 4314 tisinum
1240 4251 1361 4304 omnium
1372 4251 1563 4320 primnserat,
1581 4250 1780 4319 quinorumet
1795 4254 1854 4324 ipae
1867 4273 1947 4312 erem

272 4353 456 4407 ,corgam-03,
489 4339 643 4397 adultam,
672 4332 842 4387 incestuosae
870 4335 930 4386 arur
959 4337 1095 4405 admouet,
1119 4337 1200 4406 ptum
1221 4337 1410 4390 introduceret
1422 4337 1636 4406 palamliberee
1653 4338 1751 4392 notter
1771 4341 1905 4407 jactandi
1919 4363 1948 4397 ec

272 4434 413 4508 quidquid
436 4429 544 4498 neptem
558 4416 637 4487 pecti
657 4418 835 4473 Christianae
851 4422 960 4489 suerat,
988 4423 1095 4489 labefa·
1122 4424 1213 4475 soluta
1239 4424 1315 4476 amni
1331 4425 1448 4493 antiqua
1465 4423 1617 4492 disciplina
1634 4423 1742 4477 diuitiis
1760 4440 1811 4480 eoo
1830 4431 1947 4483 omnibru

273 4519 403 4575 ,ganuae
435 4512 573 4569 Johannes
591 4499 656 4558 XII.
676 4504 816 4559 diabolum
835 4505 862 4559 in
880 4507 940 4562 alea
958 4507 1096 4565 invocavit
1121 4509 1291 4563 cumrrlandr'.
1313 4509 1385 4564 Vide
1396 4511 1478 4581 plura
1486 4508 1620 4580 ejusmodi
1628 4510 1752 4580 exempla
1761 4513 1840 4583 apud
1849 4513 1885 4568 D.
1892 4515 1948 4570 Hoc·

274 4608 354 4673 eique
379 4597 474 4651 vinnm
504 4586 605 4643 libent
655 4588 757 4644 Paulus
785 4590 836 4647 111.
866 4608 927 4646 cum
955 4594 1095 4653 Asculano
1120 4596 1150 4649 in
1170 4612 1193 4651 c.
1209 4601 1231 4651 2.
1245 4593 1331 4665 Apoc.
1345 4613 1373 4666 p.
1386 4597 1487 4650 270.00
1520 4591 1660 4649 Johunnes
1670 4594 1749 4650 VIII.
1763 4614 1841 4670 pape
1857 4601 1948 4655 mulier

274 4683 376 4758 insigni
394 4694 476 4750 mago
494 4688 618 4744 magnam
635 4673 731 4731 habuit
744 4676 966 4738 familiaritatem.
992 4682 1094 4738 ”Pro
1121 4681 1280 4737 scortationi
1299 4697 1410 4751 operam
1429 4677 1512 4740 dedit,
1531 4677 1703 4750 concepitac
1716 4685 1837 4753 peperit
1871 4687 1945 4741 inno

275 4771 354 4831 fluxit
372 4767 436 4824 hinc
448 4763 587 4833 Epicurea
599 4761 741 4818 securiter.
759 4764 862 4822 Concil.
877 4766 959 4823 Basil.
973 4786 1037 4825 sess.
1055 4776 1094 4827 11.
1121 4784 1186 4822 cens
1205 4767 1283 4823 VIII.
1308 4766 1425 4821 sedecim
1450 4761 1521 4817 filios
1540 4764 1647 4835 spurios
1667 4784 1700 4821 ex
1720 4769 1839 4825 dirersis
1856 4773 1944 4827 mule

275 4861 328 4918 sub
338 4856 383 4906 dn.
395 4856 458 4906 tom.
469 4855 492 4903 4.
503 4863 576 4905 conc.
588 4845 687 4902 Venet.
700 4848 719 4901 f.
731 4857 788 4906 294.
802 4854 837 4907 de
846 4852 973 4911 Johanne
984 4855 1093 4916 XXIII.
1120 4854 1198 4910 ribus
1217 4852 1368 4919 suscepisse
1389 4848 1532 4915 scribitur,
1551 4851 1625 4907 unde
1642 4853 1794 4910 Marullus:

274 4954 357 5008 saepe
386 4941 415 4990 et
442 4933 547 5005 mepius
572 4949 663 4988 coram
688 4932 799 4992 dirersis
826 4940 956 5009 praelatis
981 4950 1008 4998 et
1034 4945 1094 5000 aliis
1156 4943 1223 4996 Octo
1239 4950 1340 4988 nocens
1352 4951 1459 5005 pueror
1476 4938 1569 5002 perunit
1586 4939 1754 5011 totidemque
1766 4946 1894 5012 puellae,

274 5020 395 5078 honestis
413 5037 446 5076 ac
463 5016 553 5091 probis
572 5017 637 5072 viris
654 5019 828 5089 pertinaciter
841 5023 950 5082 diabolo
962 5030 1094 5085 euadente
1188 5022 1271 5074 wa
1288 5021 1386 5074 m⁰r²⁸i⁰
1400 5028 1515 5090 emittat
1534 5023 1626 5076 ditm
1647 5026 1738 5079 Rome
1752 5037 1876 5097 patrem.

276 5110 355 5176 dixit,
387 5101 513 5167 asseruit,
540 5102 737 5174 dogmatizavit
763 5107 846 5164 vitam
876 5117 1015 5169 aeternam
1040 5133 1092 5169 non
1119 5108 1156 5146 *i
1169 5107 1275 5162 Aeneas
1302 5106 1413 5177 Sylvius
1439 5108 1518 5176 (Pius
1548 5109 1584 5164 11.
1614 5116 1710 5181 postea
1739 5113 1846 5183 dictus)
1886 5117 1946 5190 qnid

276 5211 335 5249 esse
358 5204 442 5264 neque
466 5186 547 5242 uliam
571 5195 635 5259 post
651 5189 735 5254 hanc,
761 5195 882 5264 quinimo
900 5197 970 5253 dixit
988 5206 1016 5254 et
1031 5212 1092 5266 pcr-
1121 5196 1155 5250 de
1181 5213 1211 5251 se
1238 5195 1297 5265 ipso
1321 5194 1438 5264 scribat,
1465 5196 1529 5252 ride
1554 5196 1631 5268 epist
1652 5204 1692 5254 45.
1716 5203 1744 5255 et
1767 5207 1810 5258 92.
1847 5204 1947 5259 Paulus

278 5271 542 5340 tinacitercredidit,
566 5276 685 5331 animam
704 5277 819 5336 hominis
837 5301 900 5338 cum
917 5298 1029 5351 corpore
1048 5298 1092 5336 cx·
1119 5281 1216 5338 Joviur
1242 5281 1276 5336 de
1300 5280 1394 5337 Leone
1412 5282 1448 5338 X.
1475 5282 1503 5337 in
1527 5283 1614 5354 ipsios
1631 5285 1689 5341 rita
1706 5303 1772 5360 pag.
1795 5295 1859 5347 192:
1888 5295 1946 5347 Non

280 5361 378 5432 stingui
397 5364 424 5413 et
450 5359 517 5414 mori
545 5360 632 5416 instar
654 5362 795 5422 brutorum
815 5366 986 5431 animalium,
1016 5367 1092 5440 dixit,
1119 5370 1212 5423 caruit
1241 5368 1384 5422 sodomiae
1415 5370 1554 5435 infantia,
1589 5374 1665 5440 quod
1697 5390 1807 5442 param
1840 5379 1946 5433 tenen

282 5452 404 5500 nortuum
423 5445 508 5500 semel
527 5464 586 5502 esse
605 5448 687 5502 etiam
706 5449 732 5503 in
752 5451 795 5506 dic
813 5451 963 5507 novissimo
982 5454 1092 5510 minime
1119 5453 1268 5509 nonnullos
1294 5455 1431 5508 adamare
1455 5462 1481 5509 et
1505 5473 1565 5509 eum
1590 5457 1634 5510 bie
1658 5460 1784 5516 tenerius
1805 5480 1840 5517 ac
1866 5466 1948 5520 libere

271 5536 492 5586 termentumm.
512 5545 513 5549 ’
534 5532 611 5590 Idem
632 5534 772 5594 iohannes
794 5537 903 5594 XXIII.
928 5545 978 5599 art.
1003 5547 1027 5596 5.
1052 5540 1092 5597 di·
1112 5540 1212 5613 jocari
1236 5541 1385 5600 oiderw.
1434 5542 1494 5599 see
1519 5545 1615 5599 dentre
1643 5545 1757 5618 obqrdd
1783 5549 1949 5608 immunes·
