3998 6024
744 222 1091 294 nnsnmseosnn.
1746 251 1764 312 g

63 393 128 433 nem
155 385 186 434 et
213 377 269 436 alia
293 380 451 452 spiritualia
475 384 612 441 sacrificia
638 386 728 442 eidem
746 390 904 459 conjuncta,
930 391 997 444 tatis
1008 398 1035 444 et
1048 393 1190 446 abeodem
1201 392 1386 463 liberationis,
1397 412 1469 464 qaae
1479 397 1591 466 quirina
1600 399 1695 452 omnia
1703 417 1766 453 cam

64 470 125 519 turn
152 466 272 538 denique
295 479 410 541 propter
435 473 721 529 commemorationem
747 474 822 529 unici
850 474 904 528 illis
931 477 1032 546 optime
1052 480 1216 533 conveniant
1236 481 1425 549 praedictos
1446 481 1558 537 Christo
1577 484 1702 538 instituite
1720 503 1765 539 so-

63 553 251 622 propitiatorii
274 553 404 612 beneficii
423 557 452 612 in
471 575 521 614 ars
538 559 628 615 crucis
646 577 664 614 a
683 559 793 615 Christo
809 559 905 628 oblati,
929 563 1045 633 criticis,
1070 580 1101 617 eo
1119 565 1218 634 potins
1241 567 1366 635 majores
1392 570 1483 622 nostri
1501 570 1548 622 nsi
1564 578 1629 623 sant
1647 572 1764 638 nomine,

65 655 121 709 qua
146 638 181 694 de
205 657 236 695 re
261 640 331 697 alibi
352 643 434 713 plura
464 645 609 716 dicuntur,
645 645 694 701 ubi
721 646 804 701 fulcri
829 645 903 699 illins
928 666 1013 717 quom
1025 651 1149 719 cujusvis
1161 653 1279 706 citerius
1290 654 1436 719 sacrificii.
1462 653 1765 728 (Nemenergomissae

64 725 163 795 robur,
192 727 267 798 quod
291 745 326 784 er
343 729 579 801 appellationibus
599 737 769 805 λειιουργίας
793 738 821 787 et
850 738 903 786 ev·
928 734 1019 805 potius
1043 736 1079 789 ad
1101 736 1310 793 eucharisticum
1339 757 1421 810 quam
1445 742 1668 812 propitiatorium
1697 741 1765 797 ullu-

63 817 126 871 σίας
152 812 288 869 senso
314 816 455 872 missatico
474 817 674 888 substernitur,
703 819 902 875 consideratur.
931 820 973 873 dit
997 822 1219 891 sacrificium).**
1256 824 1352 879 Monet
1376 832 1470 881 umen
1487 827 1602 883 Sanctes
1620 828 1764 899 Pagninus

10 903 88 954 sao.
108 897 277 969 Μασιήριον
296 908 406 958 etcum
425 904 582 975 adjectione
602 906 728 979 φρικτὸν,
757 906 902 979 φρικῶδες,
929 920 1025 961 vocem
1049 908 1161 962 missam
1183 908 1221 963 ibi
1246 927 1302 964 non
1325 910 1481 983 significare
1507 915 1689 979 oblationem,
1715 914 1764 969 sed

63 987 294 1058 φρικωδέστατον
326 988 500 1065 μυστήριον,
536 993 708 1045 tremendum
733 993 900 1060 mysterium.
928 995 1145 1063 wfyieientiam,
1172 989 1225 1050 hoc
1251 1003 1294 1052 est
1311 1003 1394 1067 prout
1412 998 1505 1055 ferunt
1523 1001 1659 1071 cujusque
1679 999 1764 1054 facul·

10 1080 15 1096 ·
61 1070 193 1127 lustinus
207 1075 281 1145 apol.
303 1080 327 1131 1.
346 1093 397 1147 pro
416 1076 517 1132 Christ.
551 1076 900 1148 Chrysostomushom.38.
928 1085 1008 1149 tates,
1028 1082 1057 1136 id
1076 1081 1151 1153 quod
1171 1081 1335 1139 confirmant
1352 1082 1441 1139 verba
1459 1086 1613 1155 sequentia.
1643 1093 1669 1143 4.
1685 1087 1764 1141 Allu-

59 1158 87 1211 in
100 1158 203 1214 Matth.
220 1159 294 1215 hom.
312 1167 354 1217 23.
374 1163 404 1218 in
423 1169 445 1219 1.
465 1163 527 1220 Cor.
546 1165 617 1219 hom.
632 1171 658 1221 5.-
675 1165 712 1219 ad
727 1163 831 1220 Coloss.
848 1168 899 1220 etc.
927 1167 988 1222 siva
1006 1168 1176 1240 etymologia
1193 1175 1248 1237 est,
1269 1169 1344 1239 quod
1364 1169 1476 1240 quidam
1489 1171 1630 1225 deducunt
1644 1190 1662 1226 a
1681 1164 1762 1247 N'ttp

58 1245 189 1301 ”Anda
208 1264 320 1318 quoque
335 1247 492 1305 Radeccius
508 1251 538 1305 in
557 1252 630 1306 notis
643 1252 679 1306 ad
697 1251 798 1307 librum
810 1251 899 1322 Smig·
927 1260 1047 1323 portare,
1064 1260 1096 1309 ut
1110 1255 1146 1309 sit
1164 1256 1248 1310 missa
1266 1256 1347 1327 quasi
1364 1246 1455 1328 &ltili
1474 1273 1551 1325 onus,
1571 1257 1677 1311 nullum
1688 1258 1764 1313 enim

57 1330 129 1395 lecii,
149 1348 235 1401 quem
250 1333 446 1390 refutationem
467 1335 653 1393 dissolutionis
667 1337 734 1393 nodi
746 1339 791 1392 sui
802 1335 899 1391 Gordii
926 1341 1039 1413 graviiu
1067 1358 1188 1412 unquam
1214 1341 1348 1396 ecclesiae
1367 1357 1437 1396 onus
1462 1341 1516 1395 fuit
1543 1341 1700 1413 impositum
1726 1344 1763 1398 ad
1777 1362 1802 1402 x.
1821 1361 1852 1403 ro.

56 1417 185 1489 appellat
204 1438 232 1489 p.
250 1426 297 1476 48:
321 1422 457 1491 Mysterii
473 1424 584 1477 nomine
602 1441 688 1478 coena
708 1425 827 1478 Domini
844 1442 898 1477 non
926 1427 1098 1482 obruendam
1114 1426 1197 1483 fidem
1218 1433 1247 1482 et
1260 1428 1382 1482 fructum
1404 1428 1499 1483 mortis
1512 1427 1614 1482 Christi
1628 1429 1761 1501 sepelien·

53 1513 149 1572 potest
171 1507 325 1576 appellari.
361 1509 438 1562 Nam
457 1510 530 1562 nihil
548 1511 578 1563 in
598 1528 644 1575 ea,
667 1512 745 1580 qaod
763 1528 856 1565 omnes
874 1512 901 1563 si
927 1514 1006 1583 dum,
1034 1531 1117 1584 quam
1143 1515 1288 1568 missarum
1312 1513 1486 1568 nundinatio.
1523 1512 1578 1568 Sed
1603 1515 1687 1570 etiam
1706 1533 1761 1570 non

56 1592 144 1645 semel
173 1600 353 1663 mmseantnr,
382 1614 439 1649 non
464 1597 636 1666 intelligant,
669 1598 785 1651 inest.**
825 1597 900 1652 Beza
926 1608 969 1655 est
988 1598 1140 1671 probabile,
1159 1618 1258 1655 nomen
1277 1599 1378 1655 missae
1396 1598 1642 1666 esseHebraicum,
1663 1602 1761 1673 l.quia

57 1679 173 1750 quidem
190 1685 299 1750 partt.
319 1698 392 1752 resp.
411 1681 449 1736 ad
466 1682 607 1738 Hoffmf.
630 1687 818 1741 sennodum
838 1687 899 1754 ejas
926 1704 959 1741 eo
976 1694 1106 1757 tempore,
1126 1705 1180 1758 quo
1198 1704 1297 1742 nomen
1317 1686 1417 1741 missae
1436 1686 1464 1740 in
1483 1704 1563 1741 usum
1582 1688 1675 1752 venit,
1699 1706 1761 1743 rara

50 1766 186 1834 facilem,
202 1767 321 1836 plenum
338 1776 364 1822 et
380 1771 512 1823 natarali
528 1772 611 1824 etiem
629 1771 832 1840 intellipentice
851 1790 899 1824 no·
925 1773 980 1827 fuit
1002 1774 1086 1828 etiam
1110 1774 1182 1828 inter
1208 1774 1303 1828 doctos
1322 1773 1468 1828 Hebraeae
1493 1773 1606 1844 linguae
1631 1775 1761 1845 cognitio,

57 1861 135 1905 strae
148 1855 334 1923 perspicuam
352 1872 412 1909 esse
430 1855 546 1922 dictitat,
575 1874 632 1928 qua
651 1858 756 1913 ratione
775 1858 899 1928 mysterii
926 1867 958 1915 ut
981 1878 1014 1914 ex
1037 1860 1148 1929 scriptis
1173 1859 1284 1914 illorum
1305 1867 1460 1930 temporum
1479 1857 1561 1914 facile
1582 1860 1762 1929 deprehendi·

56 1938 213 2015 appellatio
242 1956 336 1996 sacrae
359 1959 461 1997 menae
485 1959 541 1997 non
559 1943 629 1997 adeo
649 1944 822 2011 conveniret,
850 1943 899 1998 sed
926 1954 979 2002 tur.
1015 1952 1038 2003 2.
1055 1945 1129 2012 Quia
1149 1944 1292 2017 Origenes,
1310 1945 1499 2016 Hieronymus
1515 1944 1762 2001 etaliiHebraeae

56 2025 187 2094 procedit
205 2025 258 2081 hoc
278 2043 312 2082 ex
330 2026 402 2081 falsa
421 2027 569 2099 hypothesi
589 2029 624 2084 de
643 2029 774 2100 analogia
788 2033 898 2104 σχετικῇ
926 2033 1039 2103 linguae
1066 2030 1150 2102 periti
1176 2031 1276 2085 missae
1304 2030 1415 2086 nomine
1436 2030 1465 2083 in
1489 2028 1600 2100 scriptis
1623 2032 1680 2085 suis
1707 2049 1762 2086 non

57 2119 85 2167 et
103 2112 291 2184 significativa
309 2118 419 2168 tantum
437 2115 509 2170 inter
524 2132 626 2185 panem
645 2115 859 2171 eucharisticum
872 2124 901 2171 et
925 2125 1049 2173 utuntur.
1086 2122 1110 2173 3.
1140 2118 1170 2171 Si
1196 2135 1249 2172 vox
1276 2117 1324 2171 illa
1347 2116 1488 2171 Hebraica
1511 2114 1611 2172 fuisset
1632 2117 1763 2187 apostolis

57 2215 158 2269 eorpus
181 2198 292 2254 Christi.
327 2198 385 2257 Nos
407 2207 505 2256 contra
522 2201 584 2272 pios
604 2208 712 2257 veteres
739 2202 826 2258 secuti
844 2208 898 2256 sta-
925 2206 954 2260 in
978 2224 1045 2275 usu,
1070 2205 1165 2271 utique
1188 2204 1366 2260 retinuissent
1390 2221 1450 2260 eam
1477 2210 1506 2258 et
1523 2201 1624 2257 Graeci
1643 2210 1672 2257 et
1690 2201 1762 2272 Syri,
1853 2226 1858 2231 ·

57 2285 176 2354 tuimus,
204 2284 330 2357 mysterii
353 2285 567 2358 appellationem
585 2293 643 2343 tum
662 2289 789 2344 omnibus
809 2304 900 2343 sacra·
926 2292 1159 2364 quemadmodum
1197 2290 1371 2346 retinuerunt
1403 2289 1473 2345 alias
1510 2307 1536 2344 v.
1573 2305 1600 2359 g.
1638 2287 1761 2356 alleluja,

57 2373 171 2441 mentis,
197 2377 258 2427 tum
277 2371 413 2442 imprimis
437 2389 534 2429 sacrae
558 2391 662 2430 coenae
679 2373 831 2429 rectissime
852 2373 899 2427 tri-
926 2397 1020 2446 amen,
1049 2376 1172 2433 Zebaoth
1191 2383 1244 2432 etc.
1266 2383 1296 2429 at
1313 2393 1378 2431 vero
1397 2375 1472 2444 apud
1493 2373 1615 2428 Graecos
1635 2374 1712 2427 nulla
1730 2372 1762 2427 fit

57 2459 121 2528 bui,
145 2476 211 2513 cum
234 2459 353 2529 mystica
376 2459 425 2514 illa
449 2459 572 2532 corporis
590 2467 618 2515 et
634 2461 777 2532 sanguinis
797 2460 900 2515 Christi
925 2466 1028 2522 mentio
1046 2464 1159 2531 missae,
1177 2462 1227 2516 sed
1244 2478 1295 2532 pro
1313 2478 1347 2517 ea
1365 2461 1463 2514 dicunt
1480 2463 1661 2531 λειτουργίαν.
1698 2458 1761 2530 Syri

57 2545 86 2598 in
107 2562 195 2599 coena
218 2544 397 2616 participatio
420 2563 507 2617 supra
533 2551 647 2618 captum
674 2553 703 2603 et
720 2552 898 2617 conspectum
923 2551 1020 2607 itidem
1056 2567 1112 2605 non
1144 2546 1249 2603 habent
1276 2545 1401 2610 missam,
1437 2542 1486 2599 sed
1516 2559 1567 2615 pro
1600 2560 1633 2599 ea
1663 2543 1761 2599 dicunt

57 2632 172 2686 rationis
196 2630 336 2687 humanae
360 2632 452 2703 posita
479 2631 522 2687 sit
571 2632 632 2696 Quo
657 2634 792 2705 pertinet,
823 2632 899 2704 quod
925 2628 1006 2704 einp
1049 2640 1184 2689 sanctum.
1225 2640 1248 2688 4.
1271 2631 1355 2686 Adde
1384 2630 1458 2702 quod
1485 2629 1671 2702 etymologiae
1694 2628 1760 2686 illae

58 2718 172 2788 qnidam
190 2735 225 2772 ex
243 2718 383 2774 veteribus
402 2719 485 2791 hujus
504 2719 670 2775 sacramenti
685 2719 839 2775 doctrinam
851 2736 898 2773 vo·
923 2726 979 2780 sint
1002 2723 1088 2777 durae
1112 2726 1139 2775 et
1156 2718 1390 2774 inconvenientes.
1428 2714 1542 2771 Interim
1561 2721 1653 2772 tamen
1669 2715 1756 2771 haud·

58 2812 122 2858 cant
139 2810 353 2879 μυσταγωγίαν,
370 2805 572 2862 institutionem
591 2824 700 2863 sacram
719 2813 771 2863 etc.
808 2804 898 2861 Gene-
925 2826 1065 2883 quaquam
1085 2805 1273 2877 improbamus
1291 2803 1328 2860 D.
1345 2802 1463 2858 Lutheri
1483 2803 1663 2873 sententiam,
1685 2800 1760 2873 quod

58 2890 176 2945 brardus
197 2891 229 2945 in
253 2890 350 2964 liturg.
370 2882 457 2962 apost.
476 2910 500 2950 c.
521 2899 544 2949 3.
566 2902 685 2965 quatuor
705 2893 899 2950 nominibusa
926 2897 1041 2969 angelus
1059 2893 1131 2948 Dan.
1154 2899 1193 2961 11,
1211 2911 1238 2949 v.
1257 2896 1299 2947 38.
1315 2889 1425 2945 nomine
1442 2886 1563 2959 witti,
1589 2906 1644 2960 quo
1657 2885 1761 2942 idolum

58 2975 194 3049 Dionysio
219 2978 321 3049 Areop.
347 2978 400 3033 hoc
428 2979 591 3050 mysterium
613 2979 777 3053 insignitum
795 2978 899 3048 scribit,
924 2979 1089 3039 Antichristi
1113 2985 1207 3048 notat,
1234 2977 1271 3032 ad
1290 2978 1401 3031 missam
1419 2975 1597 3047 papisticam,
1628 2989 1699 3044 quae
1718 2976 1761 3027 est

58 3081 129 3135 quae
149 3070 217 3118 simt
234 3065 387 3136 ἱερουργία,
404 3063 513 3137 pinon,
532 3075 674 3138 κοινωνία,
696 3066 818 3127 cinctis.
925 3061 1013 3126 robur'
1027 3073 1055 3124 et
1074 3065 1167 3122 anima
1185 3065 1265 3136 regni
1282 3061 1497 3119 Antichristiani
1513 3060 1629 3128 alludat,
1650 3076 1707 3129 qua
1726 3060 1761 3114 de

10 3171 48 3213 in.
95 3157 118 3207 8.
155 3151 310 3220 Scriptores
333 3150 427 3205 Latini
446 3151 569 3208 Graecas
593 3154 677 3209 hasce
696 3151 899 3225 appellationes
925 3176 955 3212 re
972 3155 1040 3211 alibi
1057 3154 1146 3225 plura

10 3231 36 3313 ζ
58 3239 163 3309 passim
183 3243 321 3308 repetunt,
341 3237 406 3291 dum
424 3256 531 3294 sacram
549 3257 662 3296 coenam
680 3245 780 3294 vocant
801 3237 898 3292 eucha-
960 3249 985 3298 9,
1014 3240 1068 3305 Qui
1095 3239 1194 3293 missae
1213 3252 1315 3292 nomen
1331 3234 1464 3290 Latinum
1483 3249 1543 3288 esse
1563 3239 1689 3299 censent,
1713 3231 1761 3286 ite·

10 3325 175 3416 prienam,
193 3341 313 3397 agapen,
332 3325 458 3396 synaxin,
476 3327 647 3398 mysterium,
669 3325 834 3382 sacrificium
847 3332 898 3381 etc.
925 3347 987 3383 rum
1009 3328 1038 3381 in
1064 3326 1186 3381 diversas
1211 3323 1316 3378 abeunt
1333 3320 1500 3378 sententias:
1531 3317 1686 3388 aquidum
1705 3314 1761 3370 dici

58 3411 170 3469 Vocant
195 3417 226 3465 et
248 3421 455 3466 sacramentnm
481 3413 600 3483 altaris,
626 3414 692 3484 quia
714 3413 744 3467 in
763 3411 899 3467 altaribus
925 3413 1022 3468 volunt
1048 3411 1175 3480 missam,
1203 3411 1281 3479 qaod
1303 3407 1408 3461 oblatio
1434 3414 1460 3460 et
1476 3421 1579 3475 preces
1603 3406 1645 3456 od
1670 3404 1761 3455 Deam

59 3498 190 3570 lapideis,
214 3515 286 3569 quae
310 3499 413 3554 mensis
438 3500 467 3555 in
492 3499 633 3571 primitiva
652 3499 771 3556 ecelesia
790 3496 898 3553 usitatis
924 3500 1072 3554 mittantur
1092 3506 1119 3550 et
1138 3497 1262 3551 vicissim
1285 3493 1401 3562 anpelue
1420 3510 1438 3545 a
1458 3493 1523 3545 Deo
1544 3491 1684 3556 mittatur,
1712 3487 1762 3557 qai

56 3595 181 3656 ternpore
199 3583 376 3639 Constamini
393 3594 598 3656 successerunt,
623 3586 677 3641 fuit
696 3584 897 3653 administrata,
923 3585 1064 3650 sacrificio
1082 3583 1199 3636 assutct
1217 3588 1244 3634 et
1263 3580 1339 3634 iiissd
1356 3581 1397 3632 od
1409 3580 1503 3632 Deam
1522 3577 1644 3644 deserat.
1674 3571 1759 3643 Hugo

58 3690 139 3743 quam
166 3670 381 3742 appellationem
405 3690 462 3727 una
487 3689 551 3727 cum
577 3673 678 3727 mensis
696 3673 751 3728 illis
769 3671 896 3743 lapideis,
923 3672 971 3727 lib.
989 3676 1013 3726 2.
1035 3669 1070 3725 de
1087 3685 1201 3724 sacram.
1221 3685 1249 3738 p.
1263 3671 1287 3723 8.
1306 3665 1392 3720 cult.
1421 3663 1543 3721 Thomas
1554 3667 1626 3734 part.
1640 3666 1663 3716 3.
1676 3679 1703 3730 q.
1717 3665 1758 3716 ⁸3.

56 3776 106 3829 pro
119 3760 187 3828 jure
202 3756 377 3812 Christianae
395 3757 542 3828 libertatis,
560 3758 620 3812 sine
632 3759 690 3813 ulla
701 3758 897 3830 superstitione
923 3765 974 3813 art
994 3763 1023 3812 4:
1046 3756 1142 3810 bleisa
1160 3755 1335 3821 nominatur,
1361 3751 1429 3821 quic
1443 3767 1499 3821 per
1518 3749 1759 3818 depetunt-socer-

58 3846 85 3899 in
112 3843 240 3899 ecclesiis
263 3841 367 3898 nostris
386 3843 544 3900 retinemus.
577 3844 702 3900 Utuntur
717 3845 832 3916 insuper
848 3838 896 3897 no·
924 3845 1024 3899 cordos
1045 3858 1145 3911 preces
1170 3842 1211 3894 cd
1233 3841 1328 3893 Deam
1349 3838 1447 3906 mittit,
1474 3837 1546 3890 sicat
1566 3835 1692 3905 popalus
1705 3851 1761 3903 per

10 3961 25 3991 s
57 3930 130 3985 mine
149 3930 259 3986 missae.
295 3929 460 3984 Ambrosius
478 3928 525 3985 lib.
539 3937 563 3986 5.
583 3929 665 4001 epist.
680 3935 721 3986 3³.
743 3929 803 3984 Leo
815 3929 896 4000 epist.
924 3931 1114 3996 sacerdotem
1133 3928 1176 3980 vel
1195 3925 1355 3979 nominatur
1372 3925 1467 3990 masa,
1487 3923 1555 3991 quia
1573 3920 1700 3975 Christus
1719 3926 1760 3972 est

58 4017 202 4072 adDiosc.
229 4014 378 4071 Cassianus
390 4015 438 4072 lib.
452 4022 475 4072 2.
487 4015 523 4072 de
536 4016 618 4072 modo
629 4015 728 4088 psalm.
748 4033 772 4072 c.
789 4021 827 4072 13.
844 4022 896 4070 etc.
923 4017 1016 4072 bostis
1040 4015 1120 4068 nobis
1142 4013 1228 4065 missa
1252 4030 1271 4064 a
1293 4013 1372 4075 Deo,
1400 4010 1475 4062 ande
1495 4015 1521 4061 et
1538 4009 1568 4060 in
1581 4009 1639 4076 fine
1658 4007 1760 4059 mesos

58 4105 91 4160 de
119 4104 205 4172 cujus
231 4102 361 4157 vocabuli
387 4102 555 4175 etymologia
584 4108 612 4158 et
639 4103 747 4174 origine
771 4102 897 4157 diversae
925 4106 1061 4158 diacones
1086 4100 1116 4154 in
1134 4099 1252 4165 festivis
1276 4097 1372 4151 diebus
1396 4094 1536 4165 populum
1562 4092 1691 4147 licentiat
1716 4092 1760 4144 di-

55 4197 120 4246 snnt
139 4189 309 4257 sententiae,
334 4205 403 4260 quas
419 4196 545 4244 recenset
561 4188 597 4243 D.
619 4190 773 4244 Meisnerus
789 4189 896 4244 amicus
925 4207 1003 4244 cess:
1022 4188 1075 4250 Ite,
1095 4185 1181 4239 mbae
1199 4185 1255 4237 est!
1279 4182 1340 4236 scil.
1360 4181 1453 4235 tostin
1471 4181 1513 4233 ad
1532 4180 1625 4232 Deam
1638 4195 1692 4248 per
1710 4196 1759 4230 on·

55 4284 151 4333 noster
182 4275 362 4330 honorandus
391 4280 461 4347 part.
492 4280 515 4331 2.
543 4274 615 4329 sobr.
644 4274 743 4347 philos.
774 4283 841 4331 sect.
875 4282 895 4330 1.
924 4277 1029 4346 petum,
1054 4282 1084 4326 ut
1110 4272 1148 4324 sit
1173 4274 1238 4325 Deo
1266 4277 1391 4337 accepta.
1426 4265 1563 4320 Alcuinus
1583 4264 1630 4319 lib.
1651 4265 1686 4319 de
1705 4265 1758 4319 div.

55 4382 78 4419 c
100 4369 123 4420 1.
144 4381 173 4432 q.
196 4368 237 4417 16.
265 4362 384 4428 Quidam
403 4361 500 4417 volunt
519 4377 579 4418 esse
597 4379 697 4417 nomen
716 4362 897 4426 Hebraicum,
924 4361 996 4416 offic.
1018 4359 1059 4414 tit
1082 4357 1117 4412 de
1134 4355 1265 4411 celebrat.
1288 4354 1402 4409 missae:
1433 4354 1528 4407 Μίααα
1550 4353 1655 4405 dicitur
1677 4349 1762 4420 qnasi

10 4449 171 4521 ‘.s.qnidam
189 4465 257 4503 vero
274 4448 414 4504 Latinum.
443 4446 547 4502 Eorum
565 4449 614 4521 qui
625 4448 793 4503 Hebraicam
812 4449 896 4521 hujus
924 4448 1104 4514 transmissa,
1122 4444 1166 4498 oei
1185 4442 1268 4512 qicasi
1284 4440 1474 4502 transmissio,
1493 4454 1525 4491 00
1544 4438 1621 4508 911θᾶ
1634 4438 1760 4507 P0P¹tl²¹⁸

10 4544 24 4573 s
54 4535 187 4592 vocabuli
215 4535 352 4607 originem
379 4543 530 4607 quaerunt,
563 4542 584 4591 1.
614 4535 728 4606 quidam
754 4534 897 4591 deducunt
923 4535 1018 4600 tidelis
1037 4535 1073 4587 de
1090 4532 1149 4585 susa
1166 4530 1273 4582 ααααίιὶα
1291 4546 1347 4581 non
1359 4543 1543 4596 praesumens
1557 4542 1657 4593 preces
1677 4533 1702 4577 et
1715 4524 1760 4576 ob·

55 4623 90 4677 ab
112 4613 194 4696 πὶζξ
216 4622 324 4684 facere,
354 4621 493 4675 interdum
519 4622 600 4676 etiam
625 4621 796 4686 sacrificare,
824 4621 898 4675 unde
924 4622 1058 4683 lotiones,
1089 4636 1159 4687 qnos
1191 4619 1254 4670 Deo
1277 4614 1458 4683 omnipotenti
1480 4614 1582 4682 afferre
1606 4611 1760 4677 desiderat,

10 4699 161 4785 {arleff
189 4724 258 4778 opus
283 4723 332 4761 seu
352 4696 532 4774 sacrificium,
559 4713 582 4762 2.
602 4707 713 4778 quidam
734 4707 897 4760 derivante
920 4725 975 4777 per
997 4705 1183 4759 ministcnum
1206 4710 1232 4756 et
1256 4702 1410 4755 orationem
1433 4698 1592 4752 sacerdotis
1610 4698 1651 4750 ad
1669 4698 1759 4748 Deum

57 4777 147 4862 natta,
163 4793 267 4861 altare,
287 4797 311 4847 3.
331 4792 473 4863 quidama
491 4793 536 4854 0⁷2
555 4793 699 4854 tributum,
717 4792 792 4846 unde
811 4792 895 4855 Reli,
924 4794 1103 4846 transmittet.
1138 4789 1265 4860 Angelus
1291 4787 1326 4841 de
1350 4785 1472 4841 Clavisio
1497 4785 1525 4837 in
1548 4800 1655 4837 summa
1676 4798 1759 4851 ange-

56 4863 162 4934 oblatio
180 4878 346 4946 voluntaria,
364 4878 448 4933 Dent.
470 4884 509 4943 111,
526 4897 552 4932 r.
572 4886 612 4935 111.
641 4878 897 4934 11Βαοιιαιιιαι.
924 4881 979 4935 lica
999 4880 1034 4933 de
1052 4876 1162 4932 casibus
1183 4873 1367 4929 conscientiae
1385 4871 1414 4925 in
1438 4886 1506 4925 voce
1535 4869 1619 4923 musa
1643 4868 1759 4922 eandem

57 4967 157 5021 eccles.
183 4982 210 5021 a.
234 4963 264 5019 C.
288 4969 330 5019 34.
357 4980 432 5018 num.
450 4971 497 5020 59:
523 4966 631 5019 Nomen
654 4967 756 5020 macae
783 4982 815 5018 ee
841 4968 898 5019 He·
924 4964 1121 5037 etymologiam
1139 4960 1248 5031 probat.
1289 4960 1383 5013 Μίααα
1401 4957 1513 5027 (inquit)
1534 4956 1685 5009 senensium
1698 4956 1760 5007 Hc·

58 5053 157 5107 troica
182 5052 227 5107 vel
256 5050 415 5105 Chaldaicis
437 5053 649 5105 norissnctatoro
673 5057 817 5120 acceptum
839 5068 899 5105 ease
924 5068 1024 5123 ponem
1047 5053 1082 5103 de
1103 5049 1132 5103 S.
1158 5049 1283 5114 Victore,
1307 5046 1412 5098 dicitas·
1433 5041 1517 5112 quasi
1533 5042 1708 5105 transmissa,
1728 5059 1759 5094 eo

58 5143 177 5196 sidant.
227 5139 312 5203 Quod
349 5139 422 5191 enim
452 5139 482 5190 in
516 5145 615 5191 siostra
645 5138 762 5206 culpata
796 5137 900 5204 lepitnr
926 5141 1002 5209 qaod
1021 5137 1147 5207 populna
1163 5152 1217 5202 por
1236 5132 1420 5185 ministeriam
1439 5128 1609 5190 sacerdotis,
1635 5130 1684 5196 qni
1707 5146 1760 5181 me·

59 5230 145 5281 Dent.
164 5228 207 5280 16.
237 5230 395 5294 spontanec
414 5223 528 5288 oblatio,
543 5224 681 5276 Hebraiee
697 5243 731 5299 ας
743 5223 899 5277 Cioldoiee
926 5223 1048 5278 dictoris
1066 5222 1125 5274 vice
1140 5220 1272 5287 fungitur
1289 5219 1362 5271 inter
1381 5219 1476 5269 Deam
1493 5221 1519 5266 et
1537 5212 1672 5283 loniinee,
1694 5232 1760 5284 pre-

61 5316 163 5367 dicitur
183 5312 303 5381 abach,
328 5327 412 5379 pisam
429 5311 581 5380 offerebant
599 5312 724 5365 Domino
743 5312 773 5364 in
792 5312 900 5380 protio—
926 5328 985 5375 ees,
1012 5315 1077 5363 vota
1101 5314 1126 5360 et
1149 5305 1304 5359 oblationes
1327 5301 1500 5357 transmittat
1522 5303 1594 5354 Deo.
1631 5301 1685 5355 Sed
1709 5300 1760 5357 hae

61 5420 121 5456 ηαα
138 5399 276 5455 amonem
295 5399 332 5453 de
346 5397 489 5464 fructibus
509 5405 617 5466 terroe,
637 5415 693 5466 pue
710 5406 736 5450 et
754 5399 899 5452 omnebon—
926 5392 1111 5468 etymologiae
1134 5398 1200 5446 sunt
1223 5395 1332 5446 tantum
1357 5387 1491 5444 abusivae
1515 5394 1544 5441 et
1567 5386 1693 5441 nituntur
1711 5388 1761 5444 illa

62 5496 104 5543 tu·
129 5490 158 5543 in
179 5488 285 5562 tempto
310 5502 373 5539 cam
396 5484 594 5539 recordatione
614 5483 788 5554 pronesiae
813 5482 898 5540 seroi-
925 5479 1085 5554 hypothesi,
1109 5478 1185 5549 quod
1206 5494 1287 5533 sacra
1303 5492 1391 5530 coena
1408 5473 1445 5528 sit
1463 5470 1628 5528 sacrificium
1647 5476 1761 5546 proprie
