4004 6022
834 209 887 265 Dll
904 206 1099 267 rocasels.
1756 224 1815 283 251

120 367 151 418 ut
173 362 289 435 qnidam
311 378 346 418 ex
369 361 539 420 Celsinisnis
566 367 693 421 statuunt
716 370 746 420 01
762 381 796 421 ex
813 364 868 420 illis
885 362 955 419 locis
981 362 1073 419 Parsa
1093 368 1136 420 est
1153 364 1312 437 0100001100,
1332 378 1405 438 quae
1422 362 1484 421 κατ’
1505 365 1594 432 oleos,
1621 369 1817 440 persingulas

120 447 238 519 probare
260 449 401 520 nituntur,
427 455 521 506 10000
544 467 578 505 ex
603 450 826 506 reconciliatione
843 451 952 523 generis
981 449 1091 519 domus,
1115 449 1269 522 colligitur,
1292 467 1375 523 quam
1401 469 1500 508 vocare
1525 453 1614 524 possis
1634 454 1814 511 ecclesiolam.

120 533 233 590 humani
249 552 314 591 cum
330 535 392 593 Deo
411 552 461 607 per
480 535 620 592 Christum
638 536 714 593 111011
732 536 781 591 illa
798 536 905 592 utilitas
917 534 954 589 1111
980 535 1058 591 Rom.
1083 541 1121 603 16,
1140 555 1166 592 0.
1188 544 1217 592 5:
1238 537 1368 591 Salutate
1389 536 1437 605 τὴν
1454 537 1515 591 κατ’
1529 539 1609 593 sisar
1622 538 1712 594 oritas
1726 543 1818 608 10010-

120 637 168 676 000
194 621 377 688 redundarit,
407 628 439 676 ut
464 623 604 678 societatis
630 622 764 694 pristinae
791 622 954 678 instauratio
981 628 1059 688 ator,
1089 624 1271 677 domesticam
1300 640 1396 678 eorsum
1428 624 1571 693 (Aquilae
1597 633 1622 678 et
1647 627 1819 696 Priscillae)

119 705 202 761 fuerit
219 706 305 775 iacta,
323 706 429 780 absque
449 726 504 779 qua
521 708 544 762 si
563 715 643 778 esset,
661 709 753 780 angeli
770 725 819 763 nos
837 708 955 763 fuissent
981 709 1134 764 0001001000.
1176 713 1197 764 1.
1217 708 1280 765 Cor.
1309 715 1354 778 16,
1376 725 1401 764 0.
1424 715 1467 766 19:
1493 709 1627 764 80101001
1646 730 1694 765 000
1712 714 1820 782 Aquila

119 792 246 847 00000811.
282 791 402 856 Quidam
425 793 571 849 ecclesiam
593 793 757 849 militantem
778 798 906 849 statuunt
924 794 1006 847 ἑτι-01
1045 795 1182 848 Pritatila
1212 795 1266 849 aiv
1296 800 1326 870 ιῇ
1359 795 1419 849 stos’
1454 797 1533 851 clear
1561 795 1652 852 αὐτῶν
1681 799 1819 868 ἐκκλησίᾳ.

112 877 183 944 fieri
206 877 361 934 secundum
379 880 587 951 generationem
605 886 633 935 et
649 896 841 951 progressum,
861 880 954 934 trium·
981 877 1085 934 (101οο0.
1105 887 1128 948 4,
1148 898 1174 933 0.
1197 885 1242 935 15:
1263 880 1390 935 80101010
1410 882 1559 952 Nymphon
1580 891 1606 937 et
1626 900 1687 937 eam
1706 901 1777 953 quae
1789 886 1820 938 in

118 960 252 1033 pbantem
276 965 308 1018 in
322 966 407 1033 sacto
431 981 491 1022 0000
515 966 668 1021 seeundum
693 964 844 1037 perfectam
867 966 954 1037 ipsius
982 967 1064 1021 domo
1085 967 1146 1034 ejus
1165 973 1205 1019 est
1224 967 1378 1022 ecclesiam.
1410 967 1498 1039 Epist
1517 968 1553 1022 ad
1569 968 1686 1027 Philam.
1707 976 1737 1026 t:
1765 971 1818 1027 Ar·

118 1049 360 1119 contitutionem,
385 1010 1083 1123 000110000οι0ᾶο00010100100000110001011000
1108 1051 1295 1126 συστρατιώτῃ
1314 1051 1392 1125 ἡμῶν
1410 1056 1456 1106 sat
1476 1055 1507 1127 τῇ
1525 1053 1586 1108 snr’
1607 1053 1687 1109 olrir
1705 1072 1756 1110 σου
1775 1057 1818 1110 trr-

118 1134 228 1191 scilicet
243 1135 414 1204 incrementi,
432 1137 507 1209 quod
526 1136 660 1193 ecclesiae
678 1136 808 1193 militanti
829 1138 858 1192 iu
876 1136 955 1194 donis
967 1102 970 1165 7
982 1130 1087 1205 010010.
1107 1136 1318 1193 Observandum
1338 1138 1389 1194 hoc
1407 1139 1476 1208 loco,
1494 1139 1628 1195 ecclesiae
1644 1157 1744 1196 nomen
1756 1157 1818 1211 par-

118 1226 148 1276 et
170 1220 297 1292 personis
320 1221 413 1277 adhuc
431 1223 577 1294 competit,
600 1222 731 1278 militanti
750 1238 815 1278 vero
831 1229 895 1295 post
909 1225 954 1294 ju·
981 1221 1134 1278 ticularitcr
1153 1228 1299 1293 acceptum
1317 1241 1430 1279 numero
1448 1223 1637 1279 multitudinis
1657 1226 1731 1297 poni,
1754 1227 1819 1298 quia

118 1305 188 1362 dicii
213 1307 286 1362 diens
314 1324 370 1363 non
390 1307 508 1380 amplius
526 1314 673 1381 competet.
708 1309 868 1364 Photiniani
888 1308 955 1362 divi·
982 1307 1110 1362 nimirum
1129 1308 1224 1379 plures
1238 1316 1303 1364 sunt
1314 1309 1498 1380 particulares
1510 1311 1652 1379 ecclesiae,
1671 1328 1741 1384 quae
1754 1328 1817 1367 cong

120 1391 227 1447 sionem
250 1393 382 1449 ecclesiae
406 1394 436 1447 in
453 1394 617 1450 militantem
637 1400 665 1451 et
681 1393 898 1465 triumphantem
915 1411 955 1449 re·
980 1394 1100 1464 junctim
1130 1400 1237 1449 sumtae
1267 1395 1441 1449 constituunt
1466 1411 1548 1449 unam
1568 1395 1739 1451 catholicam
1761 1397 1820 1452 sive
1891 1392 1894 1399 ’

119 1478 259 1550 pudiant,
287 1479 327 1534 sic
345 1479 418 1535 enim
437 1479 535 1535 scribit
559 1481 707 1536 Smaltaius
725 1482 754 1535 in
773 1479 883 1535 refutat.
898 1480 956 1536 the·
983 1478 1168 1534 universalem
1193 1480 1351 1550 ecclesiam,
1377 1497 1529 1552 quaecum
1547 1498 1605 1536 000
1621 1482 1757 1537 duntaxat
1774 1483 1819 1550 sit,

121 1564 194 1620 sium
211 1564 249 1621 D.
266 1563 390 1619 Prantzii
408 1565 478 1637 disp.
497 1571 520 1622 8.
539 1567 573 1622 de
591 1566 709 1623 ecclesia
728 1584 756 1637 p.
776 1571 841 1622 27³:
862 1567 957 1620 Error
983 1563 1046 1619 ideo
1067 1582 1166 1622 nomen
1184 1565 1319 1621 ecclesiae
1337 1584 1388 1638 pro
1409 1583 1443 1621 ea
1460 1574 1605 1640 acceptum
1622 1584 1730 1638 semper
1742 1567 1819 1638 poni·

121 1657 169 1718 est,
187 1650 419 1706 damascianam
437 1652 602 1707 invisibiles
617 1653 747 1723 partitur
760 1653 912 1706 Fronteius
927 1652 957 1705 in
983 1656 1030 1704 tur
1048 1650 1076 1703 in
1097 1668 1212 1706 numero
1230 1651 1374 1724 singulari.
1410 1652 1443 1707 In
1463 1653 1535 1708 notis
1553 1653 1590 1708 ad
1607 1653 1655 1709 lib.
1675 1660 1697 1710 1.
1716 1653 1818 1710 Euscb.

73 1749 109 1791 11.
122 1737 339 1807 triumphantem
369 1745 395 1791 et
420 1737 593 1792 militantem.
639 1738 731 1793 Nulla
758 1740 831 1793 enim
856 1755 956 1793 reuera
983 1751 1046 1807 000.
1074 1742 1096 1793 1.
1122 1736 1300 1808 admonetur,
1325 1739 1478 1793 Eusebium
1496 1740 1656 1809 000001000ιο
1680 1756 1820 1809 usurpare

119 1841 195 1878 nunc
211 1831 251 1877 est
267 1823 451 1893 tiunqshans,
468 1825 520 1877 sed
531 1824 599 1878 olim
608 1825 711 1891 futura
727 1833 776 1889 est,
795 1843 858 1879 cum
870 1826 957 1880 Jesus
983 1822 1118 1876 vocabula
1136 1829 1282 1895 παροικίας
1300 1832 1326 1877 et
1338 1824 1490 1892 ἐκκλησίας,
1508 1843 1570 1879 cum
1584 1833 1676 1880 tamen
1688 1831 1819 1897 nepotata

121 1909 252 1966 annus
272 1910 376 1965 0000011
392 1911 535 1964 redditum
546 1912 695 1982 unicuique
707 1913 858 1966 secundum
869 1929 957 1982 opera
979 1909 1098 1978 proprie
1119 1917 1192 1963 notet
1205 1911 1414 1979 particularem
1432 1912 1560 1982 aliquam
1579 1912 1736 1980 0001001000,
1758 1913 1819 1981 qui·

119 1995 219 2065 ipsism.
263 1995 345 2059 Quod
368 1995 483 2067 profluit
508 2013 540 2052 ex
567 1996 696 2068 byptbesi
726 1997 774 2052 illa
801 1997 956 2069 Anabapti-
983 1997 1050 2048 dam
1067 2002 1174 2049 uertunt
1186 1997 1380 2064 prouinciam,
1401 1996 1450 2053 sed
1471 1996 1601 2052 Ruffinus
1622 1996 1819 2053 ecclesiastico·

119 2080 204 2149 01100,
244 2081 351 2136 001000
389 2082 497 2152 piorum
535 2082 654 2138 dormire
692 2099 780 2154 usque
815 2083 852 2138 ad
883 2083 956 2138 diem
983 2098 1044 2135 rum
1080 2081 1245 2152 scriptorum
1279 2099 1383 2137 morem
1412 2088 1522 2139 secutus
1554 2083 1700 2138 ecelesiam
1730 2087 1819 2137 10000·

118 2165 228 2237 judicii.
982 2167 1054 2223 ferre
1081 2166 1187 2224 maluit.
1223 2167 1260 2224 Vi
1288 2168 1405 2224 nominis
1424 2176 1557 2242 nepotata
1576 2176 1618 2224 est
1636 2167 1754 2224 ecclesia
1770 2167 1818 2223 do·

160 2257 199 2309 13.
236 2251 445 2308 Particultstiter
478 2252 614 2324 accipitur
642 2254 775 2310 ecclesise
804 2252 956 2325 appellatio
983 2255 1105 2310 mastica.

73 2332 181 2415 fftum
204 2338 433 2411 tempestatum
457 2339 510 2394 loci
534 2339 649 2397 0011000.
685 2338 830 2411 Temporis
849 2338 956 2395 0011000
1019 2345 1059 2396 11.
1094 2339 1301 2410 synecdochice
1317 2356 1416 2394 nomen
1436 2339 1570 2395 ecclesiae
1589 2357 1640 2411 pro
1657 2345 1737 2410 parte
1756 2339 1817 2409 ejus
1831 2339 1942 2432 {mlta-u

73 2446 74 2452 ¹
119 2425 177 2480 alis
194 2431 237 2481 001
253 2424 372 2480 ecclesia
387 2425 497 2494 veteris,
515 2425 646 2481 aliauovi
658 2426 824 2482 testamenti
853 2425 956 2491 Quam·
982 2423 1125 2495 accipitur.
1160 2423 1232 2480 Cum
1249 2425 1323 2481 enim
1341 2424 1477 2481 ecclesiae
1494 2430 1590 2480 coetus
1604 2426 1688 2495 juxta
1699 2423 1817 2495 Cypria·
1831 2442 1926 2509 gupa.

119 2511 162 2566 010
185 2510 258 2567 euim
283 2527 377 2566 omnes
402 2509 513 2566 omnino
535 2510 647 2581 fideles,
672 2511 730 2567 sive
755 2511 784 2565 in
800 2511 835 2567 V.
855 2510 913 2567 sive
926 2511 955 2566 in
982 2529 1048 2565 num
1065 2509 1095 2565 in
1114 2511 1195 2581 epist.
1214 2510 1250 2564 ad
1267 2509 1391 2568 l'lorent.
1408 2510 1567 2580 Pupienum
1584 2510 1634 2565 lib.
1655 2517 1679 2565 1.
1698 2511 1778 2583 epist.
1791 2518 1816 2567 9.
1831 2518 1894 2570 otor

119 2598 155 2656 N.
173 2597 208 2652 T.
226 2597 355 2668 vixerint,
380 2598 417 2652 ad
431 2615 516 2653 unum
534 2598 687 2655 catholicae
705 2597 838 2654 ecclesiae
855 2614 956 2669 corpus
982 2597 1012 2649 in
1035 2613 1146 2666 pragam
1168 2604 1196 2650 et
1214 2603 1362 2666 pastorem
1385 2594 1526 2651 dividatur
1544 2596 1694 2665 (00010010,
1719 2596 1819 2669 inquit,
1831 2580 1918 2674 w·

118 2683 291 2756 psru'neaut,
313 2691 492 2738 tamencum
516 2682 556 2738 illi
579 2683 747 2740 crediderint
772 2684 801 2738 in
823 2683 955 2740 Messium
982 2682 1603 2752 001010100000000110000010010001000·
1621 2699 1672 2736 suo
1686 2699 1755 2751 pren
1767 2684 1819 2736 ad·

119 2769 297 2843 promissum,
324 2769 353 2824 bi
370 2786 436 2825 sero
454 2771 570 2825 credant
585 2769 615 2824 in
633 2769 800 2840 exhibitum,
823 2769 889 2825 inde
907 2787 955 2842 ap·
981 2768 1115 2837 hamane,
1132 2769 1207 2822 unde
1224 2767 1297 2822 scire
1313 2768 1412 2837 detes,
1430 2775 1456 2822 01
1472 2769 1635 2840 episcopum
1652 2768 1684 2821 in
1701 2768 1820 2823 ecclmia

118 2856 234 2928 pallatio
251 2855 384 2912 ecclesiae
404 2856 562 2927 specialiter
572 2863 690 2928 accepta
700 2855 846 2913 tribuitur:
868 2861 889 2912 1.
903 2857 955 2912 Ρο-
981 2871 1040 2909 esse
1059 2862 1084 2909 01
1103 2854 1248 2909 ecclaiam
1267 2854 1298 2908 in
1316 2855 1482 2926 episcopo),
1505 2853 1571 2909 inde
1587 2853 1704 2919 accidit,
1727 2860 1820 2909 0100-

119 2940 186 3014 pulo
213 2942 315 2999 veteris
346 2942 504 2998 testamenti
531 2948 597 2998 ante
622 2940 763 2998 Christum
792 2941 953 2998 exhibitum.
982 2939 1083 2997 clasiae
1099 2939 1251 3012 appellatio
1263 2955 1313 3012 per
1324 2938 1442 3011 liguram
1462 2938 1651 3010 synecdoches
1663 2938 1817 2996 tribuatur:
1868 3015 1870 3018 y

119 3028 301 3099 11000110.
320 3034 350 3083 t:
373 3029 523 3082 Eduoistis
540 3029 686 3084 0001001001
706 3028 827 3083 Domini
841 3028 872 3082 in
888 3028 955 3084 soli·
984 3034 1006 3083 1.
1026 3026 1204 3100 Presbyterio
1224 3025 1283 3082 sive
1301 3025 1410 3083 senatui
1430 3025 1625 3081 ecclesiastico.
1655 3025 1755 3097 Mattb,
1778 3033 1818 3091 18,

119 3115 253 3170 tudinem.
283 3112 397 3171 Denter.
416 3119 458 3184 18,
476 3133 502 3169 0.
525 3120 554 3171 1:
574 3116 640 3170 Non
659 3114 803 3169 intrabunt
822 3114 852 3168 in
869 3115 954 3168 eccle·
982 3134 1006 3170 0.
1027 3115 1198 3171 tustnon
1216 3115 1343 3169 audierit
1361 3130 1416 3182 000,
1435 3114 1483 3167 dic
1502 3113 1644 3168 000100100.
1677 3113 1819 3181 (Quamvis

119 3202 194 3256 mam
206 3200 334 3256 Domini.
358 3200 456 3258 Actor.
475 3206 500 3264 ’1,
518 3217 545 3256 0.
562 3205 607 3257 38:
624 3201 741 3270 Moyses
757 3199 817 3266 suit
828 3200 859 3253 in
871 3201 956 3254 eccle-
981 3201 1059 3256 nulls
1081 3199 1254 3256 absurditate
1272 3199 1394 3269 laboret,
1418 3205 1506 3254 totam
1524 3198 1648 3255 fidelium
1666 3213 1819 3272 congrega·

118 3287 166 3342 sia
196 3287 227 3340 in
255 3285 417 3342 solitudine.
462 3284 540 3341 Haec
569 3289 685 3341 vocatur
717 3285 835 3340 00010010
862 3285 956 3340 Israel
981 3286 1084 3343 tionem
1104 3285 1187 3341 etiam
1213 3283 1347 3340 hocloco
1367 3283 1501 3340 ecclesias
1521 3284 1633 3339 nomine
1652 3284 1819 3357 intelligere,

122 3380 146 3429 1.
164 3373 234 3445 Reg.
253 3379 277 3438 8,
295 3391 321 3428 0.
344 3378 382 3429 11.
402 3377 443 3428 11.
462 3376 515 3428 010.
551 3379 574 3428 1.
589 3371 698 3443 Ροο010
716 3370 781 3427 0001
798 3370 956 3427 testamenti
981 3372 1053 3427 sicut
1075 3371 1180 3427 Paulus
1203 3370 1234 3424 id
1249 3370 1359 3426 0100100
1379 3385 1412 3426 eo
1428 3370 1509 3425 modo
1525 3386 1661 3441 exponere
1676 3370 1780 3427 1.Tim.
1794 3378 1819 3440 5,

120 3466 185 3531 post
203 3457 344 3514 Christum
363 3456 524 3514 exhibitum.
560 3459 655 3514 Actor.
676 3464 706 3523 5,
732 3476 758 3515 v.
779 3463 824 3514 11:
851 3458 956 3512 Factus
981 3476 1005 3513 0.
1025 3462 1072 3512 16ι
1098 3458 1252 3511 Peccantes
1270 3474 1366 3510 coram
1385 3455 1511 3510 omnibus
1529 3473 1625 3526 arque,
1642 3464 1673 3509 ut
1690 3464 1716 3510 et
1734 3459 1819 3511 ceteri

120 3555 163 3601 est
187 3547 270 3600 minor
291 3562 409 3615 mapnus
431 3544 462 3599 in
481 3545 613 3599 uniuersa
633 3545 762 3600 00010010.
796 3561 819 3601 0.
834 3550 863 3614 8,
883 3564 909 3602 v.
929 3551 955 3601 l:
980 3545 1107 3598 timorem
1129 3544 1258 3602 habeant.
1292 3542 1379 3615 Atqui
1402 3542 1471 3599 haec
1493 3543 1628 3614 posterior
1653 3543 1817 3616 significatio

120 3633 215 3687 Foeta
239 3638 280 3686 est
300 3632 462 3702 persecutio
482 3648 586 3700 mapna
604 3632 635 3684 in
654 3630 773 3685 securta
793 3637 844 3685 etc.
877 3629 955 3685 Haec
979 3629 1065 3701 priori
1083 3628 1269 3701 praeferenda
1281 3636 1323 3684 est
1333 3629 1586 3701 propterstropbas
1599 3629 1816 3695 Pontificiorum,
1830 3644 1864 3688 xt
1879 3645 1911 3689 ts

118 3722 234 3773 vocatur
256 3717 374 3772 00010010
393 3716 499 3770 Christi
517 3714 595 3771 Rom.
616 3721 662 3780 16,
685 3734 711 3773 0.
735 3719 773 3771 16,
804 3714 908 3769 (101000.
932 3722 954 3786 1,
980 3716 1028 3788 qui
1052 3715 1185 3788 praelatis
1203 3716 1396 3772 auctoritatem
1422 3716 1533 3788 quidvis
1557 3717 1697 3772 statuendi
1713 3733 1746 3774 ex
1763 3718 1816 3774 hoc

118 3822 145 3858 0.
173 3809 214 3860 11.
241 3821 275 3859 sc
304 3802 484 3874 distinguitur
508 3802 581 3857 inter
604 3800 797 3871 primitivam,
822 3817 895 3873 quae
917 3801 953 3857 ab
980 3803 1040 3857 loco
1064 3801 1192 3858 tribuunt
1211 3801 1300 3874 iisque
1320 3802 1385 3857 solis
1406 3803 1539 3859 ecclesiae
1557 3819 1657 3859 nomen
1678 3812 1817 3877 arrogant,

118 3890 249 3962 apostolis
268 3896 409 3946 eteorum
427 3888 570 3960 discipulis
588 3887 753 3957 constituta,
773 3905 805 3944 ac
822 3891 954 3944 successi·
981 3906 1064 3962 quam
1082 3895 1181 3945 vocant
1198 3890 1343 3945 ecclesiam
1360 3891 1638 3960 repraesentativum,
1653 3891 1769 3961 perinde
1786 3898 1818 3946 ut

117 3996 196 4045 cam,
224 3994 296 4048 quae
323 3975 481 4049 primitivae
509 3975 551 4031 illi
578 3974 719 4031 successit.
760 3974 828 4031 Loci
847 3976 954 4031 0011000
979 3974 1095 4031 Aristot.
1114 3975 1163 4031 lib.
1183 3981 1206 4031 9.
1226 3975 1307 4031 ethic.
1327 3981 1384 4031 att.
1404 3975 1479 4042 dicit,
1497 3976 1638 4030 0101101000
1652 3978 1817 4031 10000010ιο

118 4064 175 4119 alia
198 4071 242 4120 est
265 4064 384 4120 ecclesia
406 4081 508 4135 magua
530 4061 589 4118 sise
612 4062 759 4134 frequens,
785 4060 841 4118 alia
859 4080 953 4134 parva
982 4079 1046 4130 asse,
1065 4063 1141 4133 quod
1158 4062 1188 4114 in
1207 4079 1241 4116 ea
1253 4061 1418 4132 prinespale
1437 4064 1498 4129 est.)
1537 4066 1561 4115 1.
1581 4059 1689 4132 Gregi,
1705 4062 1758 4116 boc
1776 4070 1818 4118 est

120 4150 226 4223 Magna
244 4149 302 4205 sive
320 4149 452 4222 frequens
472 4155 523 4218 est,
543 4163 615 4219 quae
631 4147 766 4221 ineliqua
778 4149 953 4220 0010011000,
979 4148 1078 4203 ovibus
1101 4147 1160 4204 sive
1180 4147 1361 4205 auditoribus.
1384 4146 1479 4202 Actor.
1502 4152 1546 4213 16,
1571 4164 1596 4201 v.
1616 4152 1664 4204 28:
1691 4148 1817 4217 Spiritus

119 4235 164 4292 001
180 4235 336 4307 provincia,
356 4235 401 4290 001
418 4234 531 4290 01011010
549 4236 613 4290 Deo
632 4234 786 4307 colligitur;
810 4234 850 4290 sic
868 4237 953 4290 eccle·
980 4243 1093 4289 sanctus
1108 4235 1208 4305 posuit
1230 4252 1277 4288 uos
1302 4235 1448 4305 episcopos
1465 4250 1562 4303 repere
1580 4235 1724 4289 ecclesiam
1745 4235 1817 4303 Dei;

119 4326 180 4379 siae
197 4324 320 4393 pontium
339 4321 468 4378 dicuntur
486 4320 566 4380 Rom.
591 4328 636 4388 16,
661 4328 729 4379 0.1.
748 4339 820 4394 quae
838 4341 871 4378 ex
888 4340 954 4394 gen·
981 4320 1009 4373 id
1024 4320 1124 4375 Petrus
1147 4329 1169 4376 1.
1187 4320 1266 4391 epist.
1286 4327 1311 4389 5,
1329 4338 1355 4375 0.
1374 4325 1398 4376 1.
1417 4320 1457 4374 010
1475 4320 1600 4392 exponit:
1620 4322 1735 4376 Pascite
1747 4338 1816 4388 eum,

119 4410 194 4466 tibus
227 4409 287 4464 sive
314 4408 460 4481 gentilium
491 4407 651 4481 regionibus
674 4407 784 4464 Christo
814 4408 953 4473 collectae,
982 4406 1032 4477 qui
1060 4409 1132 4462 inter
1157 4424 1206 4461 oos
1231 4413 1285 4476 est,
1311 4422 1423 4475 prepem
1445 4407 1506 4461 Dei
1532 4410 1744 4468 tntasonoirrsr
1766 4413 1817 4463 etc.

119 4496 253 4551 ecciesiae
274 4496 362 4550 Asiae
382 4502 404 4551 1.
424 4494 485 4550 Cor.
506 4500 546 4560 16,
565 4512 590 4549 0.
612 4495 954 4550 19.eootsstootttoesdo·
985 4502 1006 4550 1.
1031 4492 1093 4549 Cor.
1118 4498 1148 4559 6,
1171 4499 1247 4548 0.1;
1274 4492 1481 4548 Contcmtibilas
1498 4495 1548 4563 qui
1564 4495 1675 4548 suntin
1693 4494 1818 4559 eeclesia,

119 4585 184 4637 niae
204 4589 228 4638 1.
247 4579 311 4637 Cor.
330 4587 355 4646 8,
376 4600 401 4635 0.
423 4586 444 4636 1.
464 4581 596 4635 uolatu
614 4579 750 4635 Galatiae
768 4579 831 4635 Gal.
848 4585 905 4647 l,v
928 4586 952 4636 1.
982 4580 1048 4634 illos
1067 4578 1237 4635 constituitis
1251 4580 1497 4648 adjudicandum.
1526 4580 1615 4652 Apoc.
1628 4585 1652 4643 1,
1669 4597 1695 4636 0.
1714 4587 1742 4636 t:
1760 4583 1818 4634 An·

120 4670 240 4723 00010010
254 4685 310 4737 per
328 4675 416 4721 totam
436 4667 597 4731 Judaeum,
618 4664 782 4720 Galilaeam
804 4673 830 4719 et
856 4664 954 4720 Sama·
980 4667 1043 4734 pelo
1069 4666 1202 4721 0001οι000
1224 4664 1386 4735 Ephesinae
1403 4666 1494 4720 scribe
1512 4671 1564 4724 etc.
1600 4666 1737 4738 Nuspiam
1755 4683 1819 4723 0000

119 4757 194 4808 riam
211 4751 610 4821 tonantissimum
627 4751 834 4821 Hierosolymis
852 4749 954 4815 1018,
982 4751 1100 4807 ecclesia
1123 4758 1203 4808 notat
1225 4770 1310 4808 unam
1334 4752 1456 4825 aliquam
1475 4753 1643 4824 singularem
1662 4769 1818 4823 personam,

120 4860 146 4897 0.
170 4849 191 4897 1.
219 4843 448 4910 000.11,0.11.
476 4836 597 4890 terlata
616 4837 646 4890 in
666 4838 817 4893 Antiochia
833 4836 897 4892 Act.
914 4842 953 4904 13,
982 4837 1054 4892 sicut
1079 4836 1221 4893 Pontificii
1245 4837 1378 4895 ecclesiae
1402 4839 1512 4895 nomiae
1536 4855 1638 4910 papam
1663 4838 1817 4894 1101000000

120 4945 145 4983 r.
167 4935 188 4983 1.
207 4925 325 4981 ecclesia
345 4926 405 4979 Dei
423 4925 453 4979 in
474 4922 605 4982 Corintho
626 4929 648 4980 1.
662 4922 724 4979 Cor.
741 4931 763 4993 1,
782 4942 808 4979 0.
828 4930 852 4982 1.
873 4924 954 4979 eccle·
967 4942 970 5009 Ι
983 4922 1065 4978 unice
1084 4924 1251 4995 quandoque
1269 4923 1443 4997 intelligunt,
1467 4925 1547 4978 utin
1564 4929 1645 4979 tract.
1665 4924 1701 4978 de
1719 4925 1817 4994 interp.

119 5015 179 5067 siae
205 5010 494 5066 Thessalonicensium
520 5015 541 5064 1.
562 5007 657 5066 Thess
684 5016 713 5079 1,
738 5027 763 5065 s.
792 5017 813 5066 1.
838 5008 1082 5081 ecclesialscript.
1108 5011 1327 5066 demonstratum
1349 5010 1415 5076 tuit,
1440 5027 1503 5064 cum
1523 5009 1560 5065 sit
1577 5025 1676 5065 nomen
1697 5009 1817 5066 collecti·

120 5098 265 5168 Ephesiae
283 5098 372 5169 Apoc.
392 5102 416 5165 1,
434 5115 459 5151 0.
480 5100 502 5151 1.
521 5094 639 5149 sectato
660 5094 868 5165 Smpmensinm
885 5114 911 5151 0.
931 5053 1065 5165 tirum,
1096 5096 1170 5168 quod
1193 5113 1248 5151 uon
1269 5102 1363 5168 potest
1386 5096 1433 5151 uni
1459 5095 1554 5153 tribui.
1579 5094 1681 5152 lustin.
1703 5095 1732 5150 iu
1753 5096 1818 5152 dial.

119 5182 237 5238 molesia
257 5185 288 5237 in
306 5184 444 5249 Pergamo
462 5199 487 5234 0.
510 5185 548 5236 11.
569 5178 687 5233 aelata
702 5180 856 5250 Ttputrae
873 5199 898 5236 0.
914 5187 953 5238 18.
968 5156 1047 5238 Ι00ῐο
1063 5180 1168 5253 Tryph.
1188 5199 1216 5252 p.
1230 5187 1293 5237 202:
1313 5182 1353 5235 Et
1366 5181 1491 5252 populus
1510 5188 1536 5234 et
1549 5181 1669 5234 ecclesia
1681 5182 1821 5251 permulti

119 5271 237 5324 00010010
249 5271 280 5323 in
288 5267 430 5322 Sardibus
443 5284 466 5322 e.
476 5273 499 5334 3,
508 5285 533 5323 0.
543 5268 565 5323 1.
579 5266 699 5320 ecclesia
711 5266 741 5319 in
750 5266 954 5338 Philadelphia
982 5285 1096 5323 nummo
1113 5268 1247 5322 mortales
1260 5269 1384 5336 perinde
1400 5274 1483 5336 atque
1501 5284 1558 5320 una
1574 5282 1621 5320 ras
1638 5267 1743 5336 forent,
1761 5286 1818 5323 una

119 5374 142 5414 0,
161 5363 183 5413 1.
196 5355 315 5410 00010010
327 5353 543 5409 Laodicensium
555 5370 581 5409 0.
599 5356 638 5408 11.
651 5348 756 5408 001000.
769 5357 793 5421 1,
808 5369 833 5407 0.
851 5358 890 5410 16.
903 5360 955 5411 etc.
983 5371 1047 5410 0000
1059 5361 1194 5410 uocantur
1205 5360 1232 5408 et
1244 5353 1434 5423 appellantur.
1462 5350 1719 5424 Bellarminusipse
1731 5353 1780 5410 lib.
1793 5358 1817 5411 3.
