4004 6022
760 277 1112 363 nasacnacoena
1733 293 1789 365 tat

91 448 113 499 1.
129 437 418 496 'lhaneanhetentiatio
444 437 543 492 erant
571 443 698 493 naturam
724 433 927 492 benedictionie
955 431 1089 491 enheietit.
1134 434 1290 509 Pmpoeitio
1316 443 1397 510 patet
1418 455 1451 494 ex
1472 439 1634 498 immediata
1656 441 1705 496 illa
1722 441 1793 507 ditia

89 527 205 594 divinae,
226 527 294 598 qnia
312 541 345 580 er
363 525 451 597 partie
468 525 614 597 ntriueqne
625 541 763 580 coneenen
774 539 927 579 eacramen·
955 520 1030 577 eione
1046 521 1177 579 Architae
1201 524 1231 579 in
1247 524 1348 580 echolie
1368 532 1495 594 recepta:
1519 527 1606 582 Omne
1625 545 1673 582 ene
1690 529 1734 583 uel
1752 537 1794 585 eat

87 619 145 669 tam
163 611 353 669 mammatae
374 609 520 667 conficitur
538 610 731 666 benedictione
750 610 853 665 divina
889 610 928 665 At
955 610 985 661 in
1012 608 1135 680 auljrata
1157 619 1188 663 nt
1211 613 1356 674 accident,
1378 613 1423 666 rel
1441 628 1498 667 non
1515 623 1555 668 eat
1573 616 1603 667 in
1621 616 1744 683 anticato
1761 624 1793 673 ut
1867 666 1872 679 „

89 699 135 755 illa
150 714 197 755 ree
217 703 371 755 coneervat
407 695 563 752 Pontificiie
587 697 744 752 benedictio
764 697 814 751 illa
833 695 927 763 efficit,
955 694 1121 749 euhetantia.
1168 696 1332 753 Arietatelea
1361 698 1408 754 lib.
1433 707 1555 771 retegat.
1584 718 1645 772 cap.
1673 708 1695 758 1.
1718 707 1793 761 eti.

88 791 119 840 at
142 785 227 857 pania
251 783 370 840 interam
395 787 424 838 et
445 782 623 839 annihiletur.
657 780 768 853 Excipit
784 782 927 838 Bellarmi·
956 782 1113 852 explicante
1135 781 1282 839 Zabarella
1306 784 1335 839 in
1358 782 1464 840 tabella
1484 802 1570 856 anper
1593 786 1710 861 isagoga
1725 789 1794 847 Por·

88 887 138 927 aaa
155 887 180 927 c.
199 877 243 929 24.
260 888 333 942 reap.
350 867 388 924 ad
404 886 463 941 arg.
486 874 516 925 ³:
534 869 624 939 Nepa,
637 885 742 939 panem
761 869 929 937 annihilari,
957 867 1049 938 phyrii
1071 868 1166 938 docet,
1188 871 1339 940 proprium
1364 889 1423 926 erae
1445 874 1535 926 amnia
1557 874 1715 929 accidentia
1734 890 1794 931 eata

89 974 185 1014 mera
202 966 305 1026 autem
325 957 470 1012 ammaime
489 956 619 1010 conuerti.
655 955 731 1008 Nam
749 955 859 1009 etiamei
873 971 927 1025 pa·
956 955 986 1008 in
997 955 1123 1023 subiecto
1135 957 1335 1024 inhaerentiae,
1353 959 1424 1012 alan
1438 959 1794 1020 tuditantiaenoneeaein

88 1045 131 1099 aia
148 1042 227 1098 aahil
244 1045 295 1107 eit,
320 1050 413 1097 tamen
429 1042 475 1109 id,
497 1042 527 1095 ia
544 1043 622 1112 quod
638 1043 698 1114 epae
715 1058 863 1096 conver-rue
881 1049 928 1097 ert.
955 1041 1078 1110 mejam
1097 1041 1297 1098 inhaerentiae.
1331 1042 1410 1100 Idem
1424 1045 1530 1105 aeaerit.
1551 1043 1626 1115 qnod
1638 1046 1794 1105 mammio

90 1146 145 1185 aaa
162 1137 206 1184 eat
223 1128 304 1183 nihil.
339 1126 377 1182 Et
392 1133 507 1200 poetea:
525 1129 658 1196 admitto,
671 1145 776 1199 panem
792 1145 847 1198 per
865 1145 928 1182 ron·
956 1143 1014 1181 erae
1033 1129 1071 1183 ait
1081 1129 1181 1195 inerte,
1193 1135 1224 1184 nt
1235 1129 1377 1194 collinitnr
1391 1146 1424 1185 er
1440 1129 1486 1186 lih.
1498 1137 1521 1186 t.
1536 1131 1657 1202 metaph.
1671 1139 1737 1188 teat
1749 1137 1794 1193 33.

89 1217 275 1270 miceam
292 1215 422 1279 interire,
446 1221 478 1267 ot
501 1215 529 1267 ei
544 1216 677 1269 mmeedat
695 1231 797 1284 corpur
816 1214 929 1280 tanati,
956 1222 984 1269 et
998 1230 1031 1269 er
1043 1214 1091 1270 lib.
1104 1219 1128 1272 6.
1145 1214 1265 1285 metaph.
1282 1231 1305 1270 c.
1323 1222 1362 1272 ll.
1391 1214 1512 1271 Thomna
1525 1227 1595 1287 part
1608 1226 1627 1274 1.
1645 1235 1672 1289 q.
1684 1223 1725 1276 tt.
1742 1225 1793 1279 art.

90 1302 143 1357 aad
159 1301 247 1357 aliud
264 1309 305 1356 eet
323 1301 440 1355 interire
457 1308 483 1354 et
496 1301 647 1371 cmmpi,
665 1300 748 1354 aliud
761 1301 928 1355 annihilari.
957 1307 988 1356 2:
1007 1301 1170 1357 decidentia
1188 1318 1247 1356 erae
1265 1309 1306 1356 eat
1325 1301 1429 1357 inarare
1440 1303 1572 1373 auhjecto.
1607 1301 1734 1377 Scaliger
1749 1321 1792 1367 aa.

91 1386 289 1458 Oommpitur
313 1388 371 1441 eiue
395 1387 491 1441 interit
513 1388 655 1458 quidpticl
678 1387 781 1441 decinit
798 1403 872 1458 earm·
898 1397 927 1441 at
961 1394 1004 1442 ltlt
1022 1388 1187 1443 Aeeirlentir
1203 1405 1262 1442 eree
1274 1397 1314 1443 ret
1324 1389 1479 1447 inhaerere.
1507 1389 1595 1447 Exere
1616 1396 1675 1449 tlt.
1690 1397 1792 1451 aecta

89 1491 144 1532 aaa
168 1474 357 1539 manantur,
379 1472 438 1528 niti
454 1476 530 1544 quoa
546 1475 588 1526 ita
606 1473 709 1528 mann
725 1489 793 1538 erre,
810 1481 840 1528 ut
857 1474 929 1528 nihil
957 1474 1095 1544 diepntat,
1119 1476 1281 1529 accidentia
1301 1476 1403 1530 habere
1422 1493 1503 1531 arram
1522 1479 1670 1533 erraneam
1687 1479 1791 1550 confia-

15 1563 121 1617 ioca
134 1562 279 1623 meam,
298 1561 340 1615 ita
359 1568 389 1614 ut
408 1560 469 1630 ejur
487 1561 587 1614 deeitio
606 1561 771 1614 terminetur
788 1561 830 1614 ad
847 1561 928 1616 nihil.
955 1570 1014 1615 tam
1039 1578 1073 1615 ea
1094 1563 1224 1631 potentia
1244 1571 1270 1617 et
1287 1571 1370 1630 aetu,·
1395 1561 1505 1619 interim
1524 1563 1618 1633 addit,
1644 1573 1792 1636 utramque

90 1646 236 1705 Deanmait
262 1647 315 1704 hoc
342 1663 376 1703 er
401 1647 499 1715 Scato,
524 1647 572 1718 qni
598 1646 627 1700 in
653 1653 676 1702 t.
704 1653 774 1704 eant.
800 1646 861 1701 diet.
888 1653 927 1703 ll.
956 1648 1059 1701 hahere
1073 1665 1130 1719 pro
1146 1666 1234 1704 carrea
1252 1649 1390 1718 efficiente
1409 1651 1592 1704 mahatantiam
1609 1652 1695 1722 (qaod
1713 1651 1793 1711 intel·

91 1733 203 1790 acribit:
230 1736 343 1790 Decitio
363 1735 451 1806 panie
471 1735 623 1789 seeundum
642 1751 672 1788 ae
689 1736 869 1788 amiderata
890 1745 928 1788 ert
958 1733 1099 1805 ligandum
1124 1734 1159 1790 de
1183 1733 1321 1791 efficiente
1345 1752 1396 1806 per
1421 1737 1633 1803 emanationem)
1651 1744 1736 1810 atque
1752 1739 1793 1793 ia·

92 1820 272 1887 minitatio,
289 1830 315 1876 et
331 1830 425 1876 tamen
445 1823 510 1892 ipra
527 1821 671 1876 concertio
688 1839 744 1875 non
761 1828 801 1874 eet
819 1821 928 1874 onnihi·
956 1822 1129 1875 haerentiam
1149 1837 1209 1876 erae
1223 1821 1400 1891 peculiarem
1420 1823 1618 1893 differentiam,
1637 1825 1794 1893 andierat

92 1907 177 1978 lotio,
203 1910 272 1978 quia
295 1909 357 1978 narr
375 1909 507 1963 imminua
523 1924 581 1962 non
597 1914 639 1962 eat
655 1907 736 1964 nihil.
770 1905 928 1978 Beaponde
957 1925 975 1961 a
999 1908 1164 1965 animantia.
1209 1907 1313 1964 enarer
1333 1907 1435 1980 diapnt
1460 1915 1498 1964 tt.
1517 1918 1583 1967 eect.
1601 1915 1634 1967 t:
1653 1911 1794 1969 Acciderat

92 2010 168 2050 maa:
188 1992 328 2050 Pontificii
347 2009 403 2049 aon
421 1993 596 2049 contentioni
613 1993 642 2048 in
660 1992 824 2065 explicando
842 2003 929 2049 nane·
956 2011 1008 2047 aaa
1028 2002 1131 2048 natura
1149 1994 1273 2064 ineptum
1293 2001 1333 2049 ert
1353 1997 1395 2049 ad
1404 1996 1610 2051 mhmhtenrlam
1622 2013 1657 2052 aa
1670 1998 1795 2067 proinde

92 2081 334 2137 mhetantiationie
350 2079 448 2146 modo,
467 2086 500 2134 nt
517 2087 616 2152 poetea
634 2080 742 2150 plenior
760 2079 928 2137 docehimne.
959 2079 1067 2149 indipet
1089 2081 1187 2151 alianto
1204 2080 1327 2150 thrata
1346 2090 1527 2140 nutentante.
1568 2083 1794 2147 “Biermanmu

95 2165 216 2231 Quidam
235 2169 333 2222 &eam
349 2166 400 2234 (ait
417 2165 512 2238 gloeea
530 2182 592 2224 can.
610 2167 715 2237 apeciee
732 2166 767 2223 de
778 2181 929 2223 consecrat
957 2167 986 2223 in
1005 2166 1125 2237 metaph
1150 2166 1353 2223 inhaerentiam
1370 2184 1432 2224 eaae
1451 2168 1486 2224 de
1505 2169 1625 2226 urenda
1642 2170 1794 2229 accidentia

93 2253 154 2310 aaa
177 2257 230 2321 2),
254 2254 440 2307 mhemntiam
462 2253 549 2324 panie
575 2261 600 2307 et
618 2254 681 2306 uini
696 2255 804 2307 mutari
820 2263 846 2308 et
866 2273 929 2309 eon-
956 2254 997 2309 aic
1014 2252 1131 2324 probat:
1150 2257 1174 2308 1.
1194 2252 1374 2308 mammae
1391 2255 1513 2324 propria
1532 2257 1658 2311 conditio
1677 2263 1718 2311 at
1737 2275 1793 2315 noe

92 2341 164 2395 uerti
180 2340 210 2393 in
228 2356 331 2409 corpur
343 2338 464 2407 Ohriali5
481 2341 538 2394 alii
553 2341 582 2393 in
600 2339 720 2394 nihilum
737 2340 886 2406 redipioel
900 2341 928 2394 in
957 2356 1015 2394 eree
1032 2339 1063 2393 ia
1080 2338 1158 2406 altm-
1193 2341 1220 2394 2.
1236 2355 1293 2408 per
1311 2338 1516 2393 inhaerentiam
1535 2342 1668 2396 amidam
1683 2344 1793 2409 forma·

91 2426 309 2498 primordialem
326 2427 475 2480 materiam
492 2427 604 2481 reealoi.
633 2424 729 2498 Eligat
745 2426 930 2482 Bellarminne
957 2425 1022 2480 liter
1041 2441 1088 2478 eru
1107 2432 1161 2491 eat,
1189 2442 1252 2478 cum
1272 2425 1440 2493 praeeaetim
1460 2426 1592 2480 anaidem
1611 2442 1644 2480 ea
1662 2444 1695 2482 eo
1714 2429 1793 2492 diea-

94 2509 232 2585 qnidqnid
260 2511 343 2582 velit,
371 2518 489 2584 cogetur
516 2512 665 2568 admittere
688 2511 741 2567 hac
769 2513 929 2583 absurdam,
956 2518 1003 2564 tar
1020 2526 1077 2575 ene,
1098 2511 1176 2581 quod
1192 2511 1229 2565 ait
1247 2510 1329 2579 entia,
1350 2511 1384 2564 id
1400 2518 1441 2565 eat
1458 2511 1577 2580 euhjecti
1594 2528 1645 2567 eeu
1664 2514 1792 2571 meum

96 2599 170 2672 qnod
197 2599 355 2656 benedictio
381 2598 476 2653 divina
502 2599 531 2653 in
558 2598 789 2655 eucharistiam
808 2608 931 2657 temeoae
957 2597 1014 2651 tiae
1038 2613 1102 2667 eom·
1137 2598 1165 2654 3.
1183 2598 1210 2650 ri
1235 2596 1413 2652 imitantia
1437 2598 1590 2653 ασσίάσπτὺ
1615 2599 1729 2653 ἀίσσων
1747 2601 1793 2655 di·

96 2692 260 2757 mancipat
300 2684 536 2758 argumentamur
558 2691 651 2742 autem
671 2694 767 2742 contra
785 2686 931 2743 Bellarnri-
957 2684 1060 2740 atinate
1079 2684 1115 2738 ah
1132 2686 1244 2754 maen,
1274 2685 1376 2755 quaeri
1389 2692 1496 2755 poteri,
1524 2686 1596 2740 ritne
1614 2686 1793 2745 inhaerentia

96 2787 160 2829 anm
188 2771 339 2828 hocloco:
367 2772 486 2828 Materia
507 2773 588 2845 panie
615 2779 680 2845 poet
697 2775 929 2831 concenationem
957 2771 1013 2825 ieta
1039 2772 1204 2840 rotelanda
1229 2787 1266 2825 an
1292 2771 1434 2829 condem.
1472 2769 1507 2829 aa·
1523 2773 1656 2827 eccidme
1666 2789 1725 2844 pro
1741 2790 1792 2831 na·

97 2865 144 2914 ant
170 2865 266 2915 manet
292 2865 321 2915 et
344 2865 387 2914 eet
408 2858 530 2930 aliquid,
558 2860 724 2916 antinum
747 2867 776 2917 et
793 2868 836 2918 eet
852 2863 922 2919 nihil
957 2868 1022 2914 iura
1038 2860 1192 2914 aemdeatie
1211 2854 1322 2913 tauta
1342 2858 1432 2913 aliam
1456 2859 1677 2929 inanimantium
1712 2863 1741 2918 n·
1762 2880 1793 2921 ae

97 2945 125 3001 ei
149 2950 246 3002 manet
269 2951 299 3000 et
315 2951 359 3001 eet
374 2944 493 3017 aliquid,
514 2946 574 3016 jam
592 2962 647 3001 non
666 2953 710 3003 eet
727 2948 930 3005 maneeubeten·
957 2947 1019 3016 ipro
1043 2946 1127 3011 ineat,
1154 2962 1206 2998 aar
1223 2962 1279 2998 non
1297 2945 1389 3015 mapie
1406 2946 1553 3015 deprimo
1570 2949 1688 3002 omum?
1713 2951 1793 3018 Erec

95 3032 184 3101 tiatio,
204 3032 252 3089 eed
273 3037 380 3086 tantum
399 3030 615 3102 haneiormatio,
633 3033 772 3104 quianon
789 3038 850 3089 tota
866 3035 930 3089 enb-
956 3031 1066 3086 omnino
1084 3031 1261 3084 inhaerentia
1279 3031 1351 3084 nihii
1371 3030 1454 3085 aliud
1465 3050 1549 3101 auam
1562 3033 1626 3101 ipra
1639 3035 1792 3093 aetimatio

95 3119 197 3175 utenda
221 3117 342 3188 interiit,
372 3117 396 3171 ei
424 3122 468 3172 eet
492 3117 574 3181 nihil,
607 3135 674 3190 ergo
699 3118 732 3174 fit
756 3119 928 3178 annihilatio.
956 3117 1083 3171 arentia.
1119 3115 1224 3172 Contra
1242 3119 1266 3169 1.
1287 3116 1471 3172 inhaerentia
1490 3118 1622 3184 desinant
1639 3129 1793 3190 ratpertum

95 3204 192 3277 Neque
211 3210 253 3260 eet
272 3203 348 3276 qnod
363 3202 520 3275 proferatur
537 3205 930 3277 eucceeeiocorporiachrieti‚
956 3204 998 3257 ad
1021 3203 1118 3271 aliud,
1144 3204 1212 3272 quia
1237 3202 1385 3257 inhaerere
1407 3211 1448 3258 eat
1473 3204 1561 3258 alteri
1582 3205 1741 3275 inhaerere,
1766 3207 1794 3265 ei

96 3306 197 3365 enemo
214 3291 301 3355 enim,
318 3307 386 3346 nnm
403 3307 504 3363 corpna
523 3290 626 3347 chatti
643 3292 682 3347 ait
699 3291 802 3347 factam
821 3309 855 3349 ex
874 3310 930 3348 ma·
957 3291 1008 3343 hoe
1026 3288 1133 3343 dieitur
1151 3305 1208 3342 eeae
1227 3290 1263 3342 de
1279 3290 1398 3343 errantia
1417 3289 1582 3347 accidentia.
1613 3292 1694 3360 Erpa
1712 3308 1792 3349 amne

94 3377 164 3434 teria
180 3377 281 3449 panie'i
306 3376 456 3432 Affirmare
467 3377 578 3432 ridetur
588 3376 710 3432 Thomas
723 3385 794 3448 part.
807 3384 831 3436 3.
850 3397 876 3450 q.
888 3386 929 3436 lt.
957 3377 1089 3430 accident
1108 3374 1266 3431 relativum.
1302 3373 1527 3446 Reepondemae:
1548 3374 1620 3430 aliae
1639 3380 1683 3431 eat
1699 3393 1792 3449 reape-
1836 3367 1838 3371 Α

96 3471 145 3522 art.
165 3469 192 3520 3.
218 3463 269 3518 abi
287 3463 368 3531 dicit,
394 3482 449 3518 non
472 3480 557 3533 parre
579 3465 650 3517 dari
666 3464 788 3533 aliquem
808 3469 930 3533 modam,
956 3469 1018 3518 etna
1039 3461 1186 3528 relativae,
1213 3460 1284 3516 aliae
1301 3459 1454 3516 abeolntue.
1490 3460 1644 3517 Aheolntue
1662 3466 1719 3531 eet,
1743 3463 1793 3534 qai

96 3569 149 3621 quo
168 3549 297 3606 Chrietue
318 3566 381 3604 vere
406 3551 526 3620 incipiat
550 3566 607 3604 aare
628 3551 658 3603 in
676 3550 728 3604 hoc
746 3561 930 3616 recremento,
956 3549 1086 3621 dirigitur
1108 3548 1144 3603 ad
1165 3546 1323 3618 aubJectum
1340 3552 1369 3603 et
1388 3546 1586 3617 dependentia,
1610 3545 1640 3602 id
1659 3554 1702 3604 eet
1720 3547 1791 3613 acci·

95 3638 153 3692 nr'ai
169 3654 225 3709 per
245 3637 450 3692 eonemnonem
476 3635 649 3690 meditantiae
671 3637 759 3706 panio
782 3638 812 3690 in
830 3639 930 3708 ipmm,
958 3637 1048 3693 dontie
1074 3635 1110 3690 ad
1132 3633 1302 3706 eubjcotnm;
1340 3633 1471 3690 relativae
1494 3641 1637 3704 reapectue
1662 3634 1792 3707 dirigitur

95 3740 166 3794 quae
183 3724 328 3778 cenoman
343 3723 454 3794 tollitur
467 3724 566 3794 potita
583 3723 628 3777 rel
646 3723 870 3794 annihilatione,
886 3726 930 3779 rel
956 3724 994 3781 ad
1017 3722 1165 3779 terminum
1188 3719 1355 3792 oppoeitum.
1396 3718 1482 3775 Nulla
1507 3719 1579 3775 enim
1597 3720 1792 3792 dependentia,

95 3809 263 3866 recollatione
280 3811 311 3863 in
323 3811 536 3879 praejacentem
555 3811 709 3864 materiam.
745 3809 929 3866 BellarmInne
957 3810 1007 3867 eed
1030 3808 1167 3880 apparitio
1190 3806 1393 3864 correlatornm
1435 3803 1546 3861 Relatio
1569 3807 1738 3864 convertitur
1755 3806 1792 3863 ad

96 3913 160 3954 vero
177 3896 227 3954 lib.
247 3901 272 3953 3.
291 3894 327 3951 de
345 3893 456 3950 eochar.
474 3911 497 3949 c.
518 3900 557 3951 18.
575 3895 651 3950 illam
670 3896 875 3952 conversionem
887 3898 929 3953 di·
956 3897 1113 3958 terminum,
1131 3911 1188 3950 non
1206 3893 1242 3949 ad
1262 3892 1427 3964 eubjectnm,
1447 3892 1546 3948 relatio
1556 3893 1631 3964 parit
1641 3894 1791 3951 cenaene·

95 3985 132 4041 eit
151 4002 208 4040 non
234 3999 293 4038 aare
311 3985 525 4054 prodrictieam,
549 3984 601 4037 aed
624 3983 820 4052 addoctioam,
844 3993 873 4040 et
890 3984 930 4039 eic
956 3991 1042 4040 tatem
1065 3980 1223 4038 relatorum.
1268 3979 1446 4035 inhaerentia
1468 3989 1562 4036 antem
1582 3985 1625 4035 eet
1648 3984 1791 4049 reepectee

94 4077 193 4143 negat,
212 4085 312 4140 oorpue
333 4067 434 4123 Chrieti
452 4068 557 4124 iactum
575 4084 635 4125 eeae
656 4084 689 4123 ex
708 4069 824 4124 materia
842 4069 930 4140 panie.
957 4068 1076 4141 enbjecti
1103 4074 1132 4123 et
1154 4066 1306 4123 accidentia
1334 4066 1549 4137 dependendam
1568 4065 1662 4136 potine
1679 4073 1710 4122 et
1728 4081 1792 4123 coa·

95 4157 133 4211 At
159 4156 184 4211 ei
208 4173 309 4227 carpne
326 4155 428 4212 Chrieti
453 4173 508 4210 non
535 4162 577 4211 eet
596 4155 701 4210 factum
720 4172 752 4210 er
771 4173 858 4227 pane,
874 4173 929 4224 non
953 4156 1125 4226 junctionem
1143 4169 1225 4225 qnam
1245 4152 1391 4207 dieeidiam
1410 4151 1650 4221 eteejanctionem
1662 4168 1790 4225 arguent.

95 4242 211 4299 habebit
227 4242 318 4297 locam
335 4240 616 4300 naneeubetantiatio,
633 4241 745 4297 omnino
763 4243 835 4296 enim
853 4241 929 4296 aliud
956 4246 983 4299 2.
1002 4240 1038 4296 Si
1052 4240 1229 4295 inhaerentia
1247 4239 1388 4292 accidenti
1405 4238 1575 4303 essentialia,
1593 4241 1730 4309 quamodo
1748 4256 1791 4295 re·
1885 4273 1891 4282 ·

96 4335 138 4385 eet
155 4329 296 4385 eacceaeio
315 4329 345 4383 in
362 4328 453 4384 locum
471 4327 644 4383 anbetantiae
661 4327 832 4395 intereuntis,
851 4328 928 4382 aliud
955 4328 1026 4382 latio
1044 4334 1069 4381 el
1087 4343 1159 4396 quae
1175 4325 1340 4380 relationem
1352 4325 1453 4379 ordine
1468 4334 1682 4394 coartarentur,
1694 4327 1790 4383 dicun·

96 4422 138 4472 eet
157 4415 330 4473 anhelantiee
349 4416 431 4470 anina
450 4414 592 4470 conrereio
609 4413 638 4467 in
655 4413 745 4470 aliam.
783 4420 807 4470 2.
827 4413 928 4468 Trana·
955 4422 1001 4468 tur
1029 4413 1189 4467 aaadentia
1215 4408 1410 4467 adhaerentia.
1454 4409 1678 4482 Respondemue:
1710 4418 1732 4468 1.
1750 4411 1791 4466 in·

95 4501 290 4559 eubetantietio
308 4501 407 4557 martit
424 4506 552 4557 naturam
570 4501 651 4573 panie
669 4507 697 4556 et
716 4500 773 4555 vini
786 4517 929 4555 remanen-
954 4498 1098 4556 haerentia
1114 4496 1245 4553 tribuitur
1264 4495 1402 4552 accidenti
1420 4495 1504 4565 reali,
1524 4497 1703 4555 adhaerentia
1720 4497 1791 4556 aeci·
1837 4540 1840 4548 .

93 4590 167 4647 ohne
183 4589 377 4645 tantammodo
394 4588 596 4657 accidentibnm
621 4587 721 4644 evertit
736 4594 864 4641 naturam
882 4602 929 4642 ac·
954 4586 1031 4642 denti
1048 4583 1229 4640 intentionali.
1256 4581 1329 4638 Nam
1343 4581 1525 4640 adhaerentia
1537 4583 1606 4639 nihil
1619 4584 1694 4641 alind
1706 4601 1790 4656 qoam

93 4676 252 4745 cidentiam,
270 4690 342 4747 quae
359 4673 437 4746 ponit
454 4675 514 4730 eine
529 4674 664 4745 sabjecta,
684 4691 747 4730 oum
763 4679 857 4729 tamen
868 4689 929 4728 eeee
953 4672 1075 4735 notatio,
1100 4686 1183 4742 qoam
1200 4668 1310 4724 animae
1327 4675 1420 4724 notter
1439 4668 1512 4724 intor
1530 4669 1586 4725 dno
1602 4669 1730 4739 inetitnit,
1750 4675 1790 4727 at·

92 4761 122 4818 in
159 4762 285 4834 eobjecto
314 4760 487 4834 ingrediatur
517 4760 705 4818 definitionem
733 4760 927 4816 accidentium.
954 4776 1008 4831 qne
1032 4757 1096 4814 ideo
1119 4754 1299 4812 maenada
1321 4760 1365 4810 eet
1388 4755 1539 4825 applicatio
1558 4755 1598 4812 rei
1619 4772 1671 4825 per
1688 4772 1718 4811 ae
1734 4755 1790 4815 exi·

92 4848 276 4907 Bellarminue
293 4848 404 4921 regerit,
422 4849 629 4903 inhaerentiam
648 4849 678 4902 in
689 4848 811 4916 ruhjecte
826 4838 871 4901 'ad
882 4866 927 4902 ac-
952 4843 1051 4901 etentie
1077 4844 1114 4899 ad
1137 4842 1222 4898 aliam
1242 4859 1300 4897 rem
1318 4849 1347 4896 et
1365 4841 1390 4897 ei
1408 4842 1453 4898 cai
1470 4841 1539 4898 reali
1555 4841 1698 4909 convent,
1724 4843 1790 4901 eah-

92 4936 212 4992 ridentia
230 4937 379 4991 earmtiam
399 4953 456 4988 non
474 4935 629 5006 pertinere,
652 4952 714 4989 cum
732 4933 865 4988 Baailiur
882 4933 928 4987 ho
953 4930 1072 4987 etantiae
1096 4927 1234 4985 convenit
1278 4932 1301 4982 2.
1321 4927 1360 4983 Et
1381 4926 1531 4985 relationea
1548 4927 1702 4999 etreliqua
1720 4929 1790 4987 acci·

91 5023 150 5080 nil.
173 5025 199 5080 6.
222 5023 345 5080 tanea
370 5025 484 5088 doceat,
509 5021 598 5076 lucem
611 5021 818 5092 primopemam
839 5020 929 5074 tribue
953 5018 1049 5074 dantia
1072 5015 1229 5088 respective
1253 5030 1318 5072 rere
1338 5013 1493 5072 inhaerent.
1529 5013 1639 5071 Relatio
1659 5015 1732 5071 enim
1750 5016 1791 5074 in·

92 5110 191 5165 &abae
216 5109 320 5180 chaque
342 5109 466 5164 rehimtlo
495 5108 600 5174 fuiaee,
624 5125 739 5178 cumque
760 5107 928 5162 Arr'rtoteler
940 5082 996 5162 ieet
1016 5120 1066 5160 eno
1082 5103 1278 5167 fondamento,
1305 5101 1378 5158 actio
1394 5101 1506 5159 realiter
1524 5100 1597 5157 ineat
1613 5100 1642 5159 in
1659 5102 1791 5173 patiente,

60 5195 141 5253 alte.
166 5198 193 5253 3.
220 5197 256 5250 de
284 5196 368 5251 anina.
395 5202 469 5249 tantu
494 5198 518 5248 9.
545 5192 664 5262 scribat,
694 5195 772 5264 quod
793 5194 877 5248 aliud
891 5194 929 5248 ait
953 5191 1003 5247 aed
1030 5207 1088 5255 ree,
1117 5189 1155 5244 ad
1183 5204 1265 5261 qnam
1291 5186 1326 5244 tit
1351 5193 1507 5259 raeparator,
1536 5185 1586 5243 illa
1612 5188 1791 5260 propriand-

92 5282 268 5351 mapaitudo,
289 5282 374 5336 aliud
390 5299 448 5336 eree
468 5279 679 5348 mapnitudinia.
703 5279 928 5351 Reepcndemne:
953 5277 1090 5335 haereti*
1130 5273 1307 5346 Philosophia
1332 5273 1471 5331 calculum
1493 5288 1575 5328 auum
1598 5273 1680 5331 addit
1702 5274 1789 5333 laeti·
1802 5276 1887 5324 atti.

92 5366 230 5442 quidquid
251 5368 359 5439 abaqoe
376 5368 501 5438 eabjecto
518 5364 706 5421 inhaerentiae
722 5365 861 5435 eahaiatit,
887 5373 929 5423 eet
952 5381 1006 5420 nna
1024 5362 1133 5434 Martyr
1156 5367 1185 5419 et
1208 5359 1394 5430 Philoeophna
1418 5358 1447 5414 in
1470 5360 1528 5416 lae.
1548 5365 1621 5416 ntor.
1645 5377 1711 5434 pag.
1730 5366 1789 5419 303.

91 5453 257 5511 anhelantia.
315 5455 356 5509 At
394 5454 500 5509 nahum
536 5451 665 5508 accident
696 5459 738 5508 eat
766 5451 929 5510 anhelantia
955 5451 1020 5509 edit
1041 5449 1217 5508 Commelim:
1245 5445 1273 5503 ri
1291 5446 1463 5520 συμβεβηκὸς
1482 5445 1514 5502 oi
1532 5445 1594 5503 uur’
1612 5445 1678 5505 airh
1697 5449 1791 5519 ntan-

91 5538 169 5614 Rrpo
192 5539 299 5596 nnhnm
326 5539 458 5597 accidere
473 5540 580 5613 aheqne
596 5539 723 5611 eahjecto
740 5537 929 5596 inhaerentiae
956 5557 1019 5610 aar,
1046 5534 1125 5593 hll'-
1140 5536 1172 5594 ir
1199 5551 1252 5593 rear
1275 5526 1669 5610 apoinaauntroainippu,
1692 5531 1791 5593 haba
