4004 6022
780 322 831 379 nn
851 297 1080 382 scansus
1188 320 1192 331 ·
1699 310 1759 397 ιω

68 478 228 546 mhserihit,
246 480 298 532 secl
308 477 370 548 quis
386 477 515 532 diuinare
526 479 626 547 potuit,
644 480 715 548 quid
726 480 842 532 subtiles
855 480 904 531 isti
915 478 1028 534 'latrice
1052 479 1230 552 reliquiarum
1258 479 1396 537 veneratio
1423 479 1530 537 nullum
1555 481 1584 536 in
1613 482 1762 555 seriptum

69 565 194 633 theologi
215 572 255 617 tot
277 574 340 634 post
360 566 452 635 ipsum
469 566 571 619 scedis
590 575 679 619 essent
698 567 903 629 definituriffl
929 564 1247 621 habetfundamentum.
1283 566 1414 620 &murus
1427 566 1761 626 decontentionibusillis

70 650 249 706 Maidonatus
269 651 296 705 in
316 667 340 705 c.
358 657 383 708 2.
405 650 473 707 Luc.
493 651 579 720 addit,
597 653 638 705 sia
655 653 775 706 amsans
795 651 901 719 Grepo·
928 651 1000 706 inter
1021 651 1221 724 Hieronymum
1240 657 1268 706 et
1280 651 1464 723 Vigilantiam
1478 654 1535 709 tale
1545 653 1601 710 fert
1607 656 1760 726 judicium:

68 737 144 790 rium
158 738 324 805 Nyssenum,
343 738 546 806 Epiphaniam,
566 738 774 806 Hieronpmran,
795 738 901 806 Euthy·
927 738 964 791 In
985 738 1168 806 Vigilantiam
1185 740 1227 793 ita
1243 739 1430 794 debacchatur
1440 741 1637 811 Hieronymus,
1654 751 1685 796 ut
1694 745 1760 813 plu-

67 825 211 880 mium.a
245 823 282 877 Hi
302 838 396 879 omnes
414 823 629 893 respondebunt,
646 823 833 896 virginitatem
845 841 900 878 uon
926 825 1033 878 sculum
1056 825 1208 879 modestiae
1226 842 1313 895 sopor
1333 827 1506 880 desiderare.
1547 828 1657 882 Utinam
1676 847 1759 898 orpu-

67 909 128 964 tolli
141 926 191 979 per
201 909 371 980 apertionem
380 909 451 965 uteri
464 909 492 963 in
504 916 595 979 partu,
608 910 657 965 sed
669 926 719 980 per
732 909 900 980 apertionem
926 911 1026 964 ments‘s
1048 913 1186 964 duntaxat
1209 912 1311 981 episset
1336 919 1363 965 et
1381 928 1400 964 a
1417 913 1545 966 consitiis
1564 917 1760 984 temperasset!

68 995 98 1050 in
116 996 189 1050 virili
206 995 289 1050 coitu.
324 995 485 1050 ”Toletus
503 995 552 1052 lib.
567 1001 592 1051 t.
611 995 645 1050 de
659 997 782 1050 instruct.
795 996 899 1051 sacerd.
926 996 1001 1049 Nam
1023 997 1139 1066 vigilias
1162 1004 1315 1077 nocturnas
1331 1015 1387 1052 non
1400 998 1546 1067 plexuisse
1564 1001 1759 1056 ecclesiastices
1786 984 1790 993 ι

67 1096 93 1135 c.
119 1085 144 1136 6.
166 1078 194 1155 ξ.
218 1079 340 1146 Quartus
365 1097 460 1135 casus:
485 1082 603 1134 Femina
626 1082 752 1150 utramuis
777 1083 814 1135 ab
839 1081 899 1135 alio
925 1082 1003 1144 uiris,
1022 1083 1065 1136 sel
1084 1083 1161 1137 iilud
1178 1084 1248 1136 satis
1266 1084 1369 1152 arguit,
1387 1085 1464 1152 prod
1480 1083 1578 1138 harum
1591 1089 1759 1141 aumaritatc

66 1175 227 1236 asperetur,
252 1168 280 1220 si
295 1185 351 1220 non
369 1168 524 1221 consentiat
540 1168 672 1236 imerius,
689 1169 719 1220 in
737 1176 803 1221 actu
823 1169 902 1237 turpi
926 1169 1051 1222 sublatae
1069 1170 1138 1238 sint,
1161 1171 1269 1224 nomine
1286 1178 1394 1223 tantum
1412 1171 1588 1241 superstites,
1608 1187 1658 1226 nec
1674 1173 1758 1228 hodie

67 1271 125 1307 non
137 1262 252 1322 peceat,
275 1270 325 1307 nec
342 1255 532 1324 uirginitatem
549 1255 665 1320 amittit,
689 1256 716 1307 si
732 1255 811 1322 sirpo
830 1261 899 1307 erat.
926 1255 1064 1308 dissimili
1092 1257 1186 1310 studio
1217 1257 1341 1310 curritur
1367 1258 1408 1309 ad
1431 1265 1587 1325 martyrum
1613 1259 1758 1328 reliquias.

66 1339 108 1393 At
125 1339 148 1393 si
167 1357 217 1410 per
232 1339 284 1394 viri
296 1340 398 1396 coitum
410 1340 631 1410 medensium
645 1358 700 1395 non
712 1340 900 1394 consentiente
926 1345 952 1393 2.
972 1342 1120 1395 Orationes
1139 1348 1309 1396 mortuorum
1326 1359 1380 1411 pro
1401 1343 1470 1396 aliis
1490 1361 1545 1398 non
1567 1345 1706 1412 exaudiri,
1726 1363 1759 1399 en

66 1425 119 1479 fiat
140 1425 262 1496 virgine,
289 1442 344 1481 non
366 1424 501 1480 amittitur
519 1425 678 1496 virginitas,
704 1425 899 1481 multominus
926 1444 980 1495 orta
1003 1428 1142 1496 sequitur,
1166 1427 1278 1491 frustra
1302 1435 1414 1480 sanctos
1431 1428 1564 1482 invocari.
1601 1429 1682 1484 Idem
1701 1440 1757 1484 sta·

66 1530 118 1583 per
148 1511 312 1567 sanctissimi
342 1511 443 1566 Christi
473 1512 594 1582 corporis
624 1529 765 1583 egressum
792 1512 899 1566 Mariae
925 1513 976 1565 tuit
1000 1514 1139 1567 Lutherus
1163 1514 1193 1565 in
1221 1513 1268 1566 lib.
1287 1515 1323 1567 do
1342 1514 1514 1570 cuchanea
1539 1515 1632 1571 Wata.
1651 1516 1701 1570 ubi
1717 1518 1758 1570 in-

65 1599 212 1669 rirginiias
231 1604 273 1652 est
291 1599 448 1653 violata**
483 1602 508 1654 5.
529 1599 665 1652 Praerma
685 1599 828 1653 beatorum
841 1615 899 1651 esse
925 1600 1095 1653 uocationem
1116 1607 1277 1654 sanctorum
1301 1600 1415 1654 stultam
1437 1609 1464 1654 et
1481 1602 1674 1670 perniciosam
1700 1620 1759 1659 esse

63 1687 162 1756 paria.
199 1686 281 1739 idem
307 1687 387 1740 docet
414 1685 551 1738 Lntherus
577 1685 607 1738 in
635 1700 715 1738 serm
743 1687 779 1738 de
807 1685 900 1738 natali
925 1686 1001 1739 atat
1038 1686 1262 1757 Respondemus:
1279 1687 1420 1757 Apologia
1438 1688 1621 1759 Augustanus
1639 1691 1757 1745 confem.

67 1773 103 1824 B.
128 1773 244 1825 Mariae
266 1779 291 1824 et
313 1771 344 1822 in
365 1788 461 1823 comm.
487 1773 511 1824 1.
534 1771 612 1839 epist.
638 1771 732 1837 Petri,
757 1771 806 1824 ubi
822 1771 900 1836 dicit,
924 1773 1060 1840 concedit,
1078 1780 1189 1828 sanctos
1207 1773 1237 1826 in
1253 1790 1354 1842 genere
1371 1791 1427 1843 pro
1440 1774 1558 1828 ecclesia
1570 1791 1661 1830 orare
1693 1775 1759 1832 Cas-

66 1874 161 1910 amnes
181 1858 355 1912 Christianos
380 1875 438 1910 esse
455 1874 543 1926 aeque
562 1865 674 1911 sanctas
692 1865 719 1910 ct
731 1858 844 1927 justos,
869 1864 900 1910 ut
924 1858 1024 1913 sunder
1040 1865 1091 1915 art.
1112 1864 1158 1914 21:
1184 1860 1377 1914 Protestantes
1396 1860 1570 1930 largiuntur,
1597 1871 1709 1917 sanctos
1729 1864 1759 1917 in

65 1953 106 1997 est
130 1953 219 1998 mater
243 1945 313 2005 Dei,
342 1961 375 1996 sa
400 1961 457 2013 qua
478 1944 539 1996 sine
562 1944 646 1997 dubio
668 1944 807 2012 sequitur,
832 1943 898 2007 fore
924 1945 1009 1998 coelis
1033 1962 1118 1999 orare
1134 1963 1188 2014 pra
1204 1946 1325 1999 ecclesia
1343 1946 1501 2014 in‘oenere,
1526 1950 1580 2001 sed
1594 1965 1626 2000 ea
1645 1966 1677 2003 eo
1695 1967 1758 2003 con·

66 2049 160 2085 omnes
182 2047 269 2100 aeque
293 2031 397 2086 beatos.
434 2030 659 2099 Respondemus:
684 2045 735 2084 uec
760 2029 898 2084 Lutherus
922 2045 1041 2100 aequem
1061 2047 1119 2099 csse
1138 2039 1254 2099 negant,
1277 2039 1389 2085 sanctos
1408 2031 1580 2087 invocandos
1600 2051 1667 2088 esse.
1703 2036 1758 2091 No-

64 2135 118 2172 nec
141 2117 287 2187 quisquam
310 2123 434 2169 nostrum
459 2114 643 2170 differentiam
666 2116 849 2186 praemiorum
870 2115 898 2168 in
924 2121 982 2171 stra
1009 2115 1095 2187 igitur
1124 2116 1261 2172 renuntia
1289 2114 1376 2171 distat
1401 2134 1419 2172 a
1445 2118 1592 2190 vigilantii
1619 2120 1758 2191 opinione.
1794 2161 1796 2165 -

64 2205 124 2258 vita
145 2210 258 2257 aeterna
276 2208 368 2272 negat.
405 2201 522 2265 Quando
542 2201 680 2256 Lutherus
699 2201 780 2271 dicit,
803 2218 897 2254 omrses
923 2202 1110 2273 Hieronymus
1125 2201 1309 2273 Vigilantiam
1323 2202 1376 2259 hoc
1389 2203 1499 2260 nomine
1512 2212 1664 2276 oppugnat,
1683 2207 1758 2278 quad

67 2307 127 2345 esse
143 2306 230 2358 aeque
248 2297 360 2342 sanans
376 2297 404 2342 et
415 2290 517 2356 justos,
538 2288 660 2358 loquitur
679 2287 713 2343 da
728 2287 838 2358 justitia
849 2288 897 2341 im·
923 2290 1080 2359 negaverit,
1106 2297 1264 2342 sanctorum
1291 2290 1433 2343 orationes
1457 2308 1511 2357 pra
1531 2290 1599 2344 aliis
1618 2293 1759 2360 exaudiri,

66 2383 180 2449 putata,
205 2390 276 2446 quae
299 2374 326 2428 in
346 2372 456 2427 Christo
481 2390 575 2428 omnes
599 2373 742 2429 credentes
767 2373 897 2445 aequales
922 2374 971 2429 sed
991 2374 1119 2444 nuspiam
1138 2375 1165 2428 in
1184 2380 1243 2429 toto
1261 2373 1308 2428 illo
1321 2375 1424 2445 scripto
1439 2392 1472 2429 ex
1489 2392 1521 2429 eo
1538 2374 1629 2439 infert,
1648 2384 1757 2432 sanctos

64 2463 140 2518 iacit
173 2461 309 2533 Agnoscit
334 2460 385 2514 hoc
408 2459 468 2529 ipse
489 2458 674 2512 Beliarminus
691 2457 738 2512 lib.
757 2464 780 2513 3.
802 2460 837 2513 de
851 2461 896 2528 ju·
923 2459 1036 2515 anobis
1057 2460 1224 2514 invocandos
1241 2477 1309 2525 ease,
1329 2460 1383 2514 imo
1402 2459 1504 2515 diserte
1521 2467 1613 2532 negat,
1631 2463 1756 2532 anpelos,

64 2547 230 2604 stificatione
257 2564 280 2603 c.
311 2553 330 2601 l.
358 2564 419 2597 cum
446 2546 545 2598 docent
569 2545 776 2611 Protodamas,
804 2563 896 2599 omnes
922 2547 1114 2614 archangelos,
1128 2554 1265 2614 martyres
1276 2553 1329 2601 etc.
1338 2547 1368 2599 in
1379 2547 1497 2601 sectam
1507 2549 1636 2602 adorari.
1655 2547 1756 2613 Quam-

63 2643 173 2688 sanctos
191 2650 279 2702 aeque
289 2634 384 2701 justos
403 2648 462 2685 esse
481 2648 576 2684 corum
595 2633 673 2694 Deo,
692 2631 843 2700 loquuntur
861 2634 896 2685 de
921 2634 962 2687 ris
975 2633 1046 2688 enim
1060 2631 1146 2687 sancti
1160 2632 1188 2685 in
1198 2632 1315 2687 ecclesia
1323 2631 1511 2703 triumphante
1525 2633 1664 2705 ingenere
1676 2642 1757 2690 orent

57 2722 174 2791 justitia
198 2721 351 2788 imputata;
382 2734 415 2772 er
443 2733 475 2772 eo
501 2733 567 2770 rero
596 2734 651 2771 non
674 2723 766 2787 potest
791 2717 895 2786 inferri,
920 2736 970 2790 pro
989 2719 1105 2774 ecclesia
1123 2718 1267 2786 militante,
1285 2737 1339 2774 non
1352 2722 1445 2773 tamen
1460 2718 1672 2790 indesequitur,
1693 2720 1756 2776 illos

63 2807 139 2880 quod
157 2805 341 2877 praemiorum
360 2805 389 2858 in
407 2804 464 2858 vita
482 2808 595 2858 aeterua
612 2803 757 2859 diversitas
769 2810 895 2876 negetur,
920 2806 1028 2862 anobis
1042 2821 1101 2860 esse
1114 2805 1291 2872 invocandos,
1305 2805 1370 2876 quia
1382 2802 1552 2876 singulorum
1565 2822 1713 2863 aerumnas
1725 2808 1755 2864 in
1905 2869 1912 2894 ι

63 2893 185 2949 atenim
202 2891 313 2962 justitia
332 2891 468 2960 imputata
486 2906 542 2943 uon
553 2890 677 2945 excludit
688 2891 894 2946 renovationem
920 2893 1012 2963 specie
1035 2895 1063 2946 et
1080 2891 1200 2963 gemitus
1219 2892 1343 2947 cordium
1362 2896 1517 2947 nostrorum
1535 2892 1679 2964 ignorant,
1703 2911 1755 2950 uec
1850 2900 1853 2905 ’

62 2989 92 3036 et
109 2981 184 3035 bona
200 2996 291 3050 opera,
310 2978 350 3032 ita
369 2994 480 3049 quoque
497 2992 553 3032 non
565 2977 689 3032 excludit
699 2978 822 3047 praemia
834 2994 894 3032 coe·
921 2979 1057 3034 invocatio
1077 2979 1131 3033 ista
1148 2979 1192 3034 vel
1212 2979 1388 3046 mandatum,
1414 2978 1459 3034 vel
1481 2980 1690 3049 promissionem
1709 2980 1754 3035 vel
1876 2964 1882 2979 ⁸

61 3067 142 3124 lestia
165 3065 294 3137 operibus
317 3071 345 3119 et
366 3064 541 3135 passionibus
566 3070 724 3118 sanctorum
747 3082 781 3120 ex
804 3065 895 3137 gutia
921 3066 1076 3137 exemplum
1099 3064 1246 3137 probatum
1265 3066 1293 3118 in
1312 3065 1462 3136 Scripturis
1479 3064 1571 3121 habet.
1608 3069 1635 3120 3.
1657 3052 1754 3121 Ec'cle

64 3153 246 3209 diversimode
261 3152 326 3207 olim
342 3151 443 3207 danda.
920 3153 1050 3206 siasticos
1073 3153 1174 3205 debere
1198 3168 1255 3204 esse
1279 3159 1420 3205 uxoratos.
1457 3152 1538 3204 Idem
1557 3153 1638 3204 docet
1655 3152 1754 3205 Luthe-

10 3244 48 3294 iti·
99 3247 157 3297 219.
193 3238 274 3295 XIII.
294 3237 463 3308 Vigilantius
483 3236 579 3291 docuit
599 3241 622 3290 1.
644 3237 812 3291 &umorum
829 3238 895 3291 reli·
920 3257 969 3291 mss
989 3239 1018 3291 in
1039 3241 1063 3293 1.
1085 3237 1145 3295 Gor.
1171 3240 1192 3291 7.
1213 3237 1262 3290 uhi
1279 3237 1363 3305 dicit,
1387 3237 1595 3291 matrimonium
1615 3238 1685 3306 jure
1710 3237 1754 3291 ‹ti-

10 3350 43 3389 n..
62 3330 146 3399 gaias
167 3345 222 3381 non
246 3342 304 3379 esse
322 3325 508 3378 vermandus.
548 3325 629 3378 Idem
654 3326 734 3377 docet
757 3325 895 3377 bahanes
920 3326 984 3378 uino
1005 3331 1188 3393 pracceptum
1210 3339 1268 3376 esse
1293 3323 1432 3385 omnihus,
1457 3323 1542 3376 etiam
1558 3322 1754 3377 molestasticis

62 3418 93 3469 in
115 3431 197 3468 serm.
222 3415 258 3466 de
280 3428 361 3465 cruce
388 3420 415 3465 et
438 3412 468 3464 in
494 3411 541 3466 lib.
562 3412 598 3464 de
616 3411 782 3478 abroganda
799 3411 895 3465 missa.
921 3419 947 3464 et
965 3410 1116 3475 monachis,
1135 3410 1185 3477 oui
1200 3426 1230 3462 se
1247 3427 1303 3462 non
1321 3408 1442 3461 sentiunt
1459 3407 1559 3461 halae
1576 3411 1753 3464 donumcon-

61 3498 485 3572 Respondemus:Hioronymus
494 3504 608 3553 accusat
617 3497 808 3568 Vigilantiam,
820 3497 894 3568 quod
921 3497 1063 3549 tinentiae.
1097 3494 1321 3565 Respondemus:
1346 3494 1445 3549 ”Non
1471 3500 1563 3564 potest
1580 3512 1641 3551 esse
1658 3495 1753 3552 haere·

61 3587 206 3649 statuerit,
223 3594 383 3639 sannorum
400 3585 536 3654 reliquias
555 3584 635 3638 nullo
653 3584 756 3638 honore
777 3586 894 3652 dipnan·
919 3582 957 3636 sis
975 3581 1127 3653 etquidem
1141 3579 1254 3650 antiqua
1265 3579 1303 3648 id,
1321 3581 1400 3650 cujus
1412 3580 1581 3636 contrarium
1588 3573 1648 3636 inan
1662 3588 1752 3637 exstat

62 3678 117 3729 otas
136 3681 162 3727 et
180 3680 307 3726 comeatu
326 3689 422 3726 samm
435 3671 559 3725 homines
567 3670 677 3739 poilui;
695 3670 724 3724 id
736 3687 801 3725 vero
813 3687 894 3725 nemo
920 3670 949 3723 in
974 3669 1031 3722 ullo
1053 3667 1139 3722 totius
1163 3682 1257 3720 sacrae
1281 3665 1440 3736 Scripturas
1459 3666 1534 3736 loco,
1561 3667 1664 3738 quippe
1682 3685 1754 3740 quae

60 3766 186 3816 nostrum
199 3759 274 3825 dicit,
292 3758 341 3813 sed
353 3757 540 3828 approbamus
552 3756 690 3826 judicium
704 3757 852 3812 Cassandri
865 3757 893 3810 in
920 3757 987 3811 data
1010 3759 1068 3818 cst,
1095 3758 1126 3807 ut
1152 3752 1188 3806 sit
1211 3751 1294 3806 unica
1318 3751 1384 3807 fidei
1406 3758 1517 3807 nostrae
1541 3755 1646 3826 regula.
1689 3756 1754 3811 dam

60 3848 177 3905 consult.
200 3848 236 3902 de
257 3848 378 3917 August.
403 3845 518 3899 confess.
543 3861 607 3915 pag.
632 3850 692 3899 148:
719 3843 788 3897 Ciam
811 3860 894 3897 oerae
920 3860 986 3898 vero
1013 3840 1168 3895 sacerdotes
1194 3838 1296 3893 debere
1319 3855 1379 3893 esse
1405 3838 1525 3893 coelibes
1544 3857 1599 3894 non
1617 3847 1707 3896 exstat
1725 3842 1754 3896 in

61 3944 88 3988 et
110 3941 267 4002 compertae
289 3932 428 4001 reliquiae
445 3932 475 3983 in
493 3931 537 3984 his
553 3930 723 3999 praesertim
736 3930 893 4000 prouinciis
921 3929 978 3983 ulio
999 3926 1159 3997 Scripturas
1183 3924 1257 3993 loco,
1285 3925 1352 3996 quia
1376 3923 1528 3978 coelibatus
1554 3944 1608 3980 non
1633 3931 1675 3981 est
1690 3929 1754 3996 jure

56 4036 222 4091 perpaucas
243 4020 300 4072 sint
324 4025 350 4070 ct
374 4019 477 4070 multas
494 4033 527 4069 cn·
545 4017 594 4083 iis,
621 4033 692 4085 quae
712 4022 894 4080 ostentantur,
921 4013 1014 4067 divino
1036 4009 1177 4067 ordinibus
1202 4009 1286 4064 sacris
1311 4026 1448 4079 annexus,
1475 4015 1506 4063 ut
1532 4009 1631 4064 docent
1648 4011 1753 4067 Bellat-

59 4125 118 4160 non
134 4115 235 4160 temere
250 4112 380 4176 sapsam
405 4104 503 4157 haberi
525 4104 648 4173 possint,
677 4111 759 4172 atque
777 4101 895 4156 silatum
921 4098 1273 4154 minusdecleric.c.18.
1310 4094 1462 4167 Gregorius
1481 4095 1516 4149 de
1529 4095 1640 4152 Valent.
1653 4102 1752 4155 tomi.

59 4192 252 4262 sreqrtentatio
269 4199 294 4244 st
311 4191 451 4244 ueneratio
470 4208 526 4243 non
545 4189 661 4243 nsrdtum
674 4189 787 4258 pietati,
800 4188 894 4256 plna-i-
921 4186 992 4255 disp.
1013 4191 1037 4241 9.
1063 4201 1110 4256 qu.
1131 4191 1154 4238 5.
1179 4188 1274 4252 punct.
1290 4188 1314 4238 6.
1339 4179 1366 4253 ξ.
1396 4180 1451 4236 Sed
1470 4181 1512 4235 his
1531 4183 1709 4254 argumentis.
1717 4184 1754 4221 θ’

61 4297 136 4332 mum
154 4296 219 4333 uero
238 4278 432 4347 superstitioni
449 4277 494 4330 sel
513 4276 642 4347 peccaui
658 4276 789 4339 serranus,
809 4275 894 4329 nsulto
921 4287 1095 4342 nequaquam
1107 4287 1172 4324 vero
1185 4268 1310 4335 dicimus,
1332 4285 1426 4322 omnes
1445 4267 1555 4323 omnino
1574 4267 1675 4324 debere
1693 4286 1753 4324 esse

63 4366 217 4419 conssdtius
234 4366 359 4430 uidetur,
376 4371 406 4416 ut
424 4364 460 4417 ah
479 4364 556 4416 omni
571 4363 758 4431 reliquiarum
776 4370 895 4415 ostenta·
921 4364 1064 4422 uxoratos,
1094 4357 1143 4410 sed
1173 4354 1241 4423 illis,
1271 4353 1394 4426 quinon
1419 4353 1524 4408 hubent
1547 4356 1666 4425 speciale
1685 4355 1755 4410 illud

61 4454 136 4505 tione
152 4451 323 4504 abstineatur
339 4458 364 4503 et
374 4450 639 4519 populusadosras
654 4457 814 4502 sanctorum
829 4448 894 4502 reli·
922 4442 1108 4499 continentiae
1140 4442 1258 4510 donum,
1290 4441 1412 4513 conjugii
1441 4439 1593 4495 remedium
1623 4441 1755 4496 divinitus

10 4549 47 4591 aa
61 4540 143 4609 quius
162 4539 303 4612 colendas,
322 4538 356 4590 id
373 4544 414 4590 cst
434 4536 559 4605 exempla
573 4536 692 4604 pictatis
711 4543 737 4588 et
754 4536 895 4603 uirtutum,
922 4528 1121 4601 praescriptum
1140 4544 1199 4582 ease
1219 4526 1365 4582 assemmus
1381 4528 1464 4597 juxta
1481 4527 1607 4599 regulam
1625 4526 1755 4598 apostoli-

61 4642 134 4696 quae
146 4625 176 4678 in
189 4624 302 4693 scriptis
313 4623 356 4676 oei
368 4624 403 4676 ah
416 4623 495 4690 apsis,
508 4630 625 4688 uastant,
639 4622 683 4674 vel
692 4624 727 4675 sie
742 4622 822 4691 ipsis,
834 4623 896 4674 imi·
922 4633 997 4671 cam:
1017 4615 1123 4669 Melius
1141 4622 1182 4667 eet
1200 4614 1303 4667 nuhaa
1322 4630 1405 4683 prom
1421 4614 1475 4679 uri,
1494 4621 1520 4666 et
1533 4622 1653 4683 propter
1664 4614 1755 4675 forni-

61 4716 153 4767 tonda
172 4719 348 4779 provocetur.
386 4710 448 4765 Non
467 4710 552 4780 igitur
570 4707 680 4778 probari
698 4709 778 4764 nobis
797 4714 895 4781 potest,
922 4704 1059 4756 cntionem
1085 4700 1251 4768 fugiendam
1279 4700 1394 4769 quamn
1418 4700 1518 4752 habeat
1536 4718 1648 4754 tramam
1665 4719 1754 4757 arsam.

62 4799 137 4870 qno'd
156 4798 183 4851 in
198 4803 302 4866 papatu
316 4801 474 4850 sanctorum
490 4794 632 4866 reliquiae,
649 4810 753 4864 eaeque
766 4794 894 4855 incertae,
921 4787 1092 4860 Vigilantius
1113 4784 1220 4852 docuit,
1237 4786 1392 4840 sacerdotes
1406 4787 1504 4839 dehere
1526 4804 1623 4841 uxores
1640 4787 1754 4851 ducerc;

61 4883 272 4949 ermenlandae,
289 4881 447 4935 adorandae
459 4886 488 4935 et
501 4879 578 4934 flexis
591 4879 709 4951 genibus
721 4880 895 4935 venerandas
921 4891 971 4928 nos
994 4874 1139 4935 docemus,
1164 4872 1249 4925 licere
1272 4870 1327 4925 illis
1347 4889 1444 4926 uxores
1465 4872 1580 4940 ducere,
1609 4890 1680 4943 quae
1697 4891 1754 4928 non

60 4971 165 5042 populo
189 4974 396 5040 proponuntur,
422 4965 656 5038 peregrinationes
679 4965 715 5019 ad
735 4965 796 5019 illas
809 4966 895 5020 susci·
921 4965 987 5015 sunt
1005 4959 1236 5032 ἰσοδυναμοῦντα.
1273 4958 1403 5012 Costerus
1422 4957 1450 5011 in
1469 4959 1571 5014 enchir.
1595 4976 1618 5012 c.
1643 4961 1754 5014 151En

59 5057 189 5127 piantur,
218 5072 251 5109 ac
269 5055 292 5108 si
312 5055 347 5108 ud
362 5071 408 5109 eas
428 5053 520 5126 gratia
536 5051 589 5107 Dei
608 5057 635 5106 et
654 5051 778 5106 remissio
797 5068 893 5122 pecca·
922 5049 1094 5114 Hieronymo
1127 5052 1250 5112 constat,
1291 5044 1473 5111 Vigilantiam
1504 5046 1672 5097 haereticum
1705 5049 1753 5101 da-

59 5149 152 5197 torum
171 5142 207 5195 sit
226 5142 353 5212 alligata;
377 5139 476 5211 quodsi
499 5138 573 5193 idem
595 5136 709 5208 negavit
723 5136 894 5208 Vigilantius
921 5136 1025 5201 cumae,
1051 5150 1107 5186 non
1127 5147 1186 5184 esse
1206 5131 1342 5184 diaconos
1359 5132 1394 5183 ah
1413 5131 1552 5200 episscopus
1570 5131 1753 5200 ordinowm,

60 5236 90 5284 et
111 5229 164 5283 hoc
189 5227 298 5281 nomine
320 5226 355 5281 ab
373 5225 544 5296 Hieronymo
562 5230 671 5278 taxatus
689 5222 754 5289 init,
780 5224 893 5294 opponi·
920 5221 978 5274 nai
994 5219 1075 5289 prius
1093 5219 1237 5270 anensem
1251 5233 1371 5269 uxorem·
1409 5216 1593 5271 Belluminm
1611 5216 1658 5270 lib·
1680 5223 1702 5275 l.
1719 5218 1753 5274 de

59 5332 123 5370 mus
136 5314 306 5383 Hieronymo
318 5311 491 5382 praeclarum
504 5309 573 5363 iilud
586 5306 801 5379 pronuntiatum,
820 5310 894 5380 quod
920 5305 1010 5363 cleric.
1031 5321 1054 5358 c.
1077 5309 1121 5359 19:
1151 5304 1245 5357 Error
1270 5311 1345 5368 erat,
1367 5309 1495 5372 oportere
1519 5302 1636 5357 clcrz'cos
1653 5321 1753 5358 uxores

59 5402 89 5455 in
108 5417 130 5455 c.
150 5405 192 5456 23.
211 5398 308 5453 Matth.
328 5397 388 5468 ipse
406 5395 563 5466 proposuit:
589 5395 672 5456 Quod
689 5397 724 5447 de
738 5395 893 5463 scripturis
921 5397 1036 5456 dnicae,
1055 5398 1204 5459 antequam
1223 5390 1337 5443 ordines
1355 5389 1525 5458 nampiant,
1543 5389 1611 5459 quin
1626 5399 1692 5459 post
1709 5410 1753 5445 or·
1800 5397 1806 5408 “

60 5504 117 5541 non
130 5487 212 5539 habet
222 5485 424 5550 auctoritatem,
437 5485 535 5536 eadem
546 5481 687 5544 facilitate
700 5481 893 5549 contemnitur,
920 5479 1000 5532 dines
1019 5494 1073 5530 non
1091 5476 1178 5542 licuit,
1198 5475 1242 5528 hic
1259 5475 1325 5543 fuit,
1344 5483 1374 5527 ut
1386 5474 1441 5527 alii
1453 5473 1556 5538 valeant,
1576 5493 1655 5529 crrcr
1668 5477 1753 5532 Nica-

60 5591 120 5644 qua
143 5572 290 5626 asseritra.
324 5569 388 5624 Jam
407 5585 471 5624 vero
489 5565 679 5637 superstitiosa
695 5565 744 5620 iila
762 5573 790 5621 et
806 5565 892 5621 idolo·
919 5564 1055 5620 iaitarum
1081 5561 1296 5624 haereticorum,
1326 5578 1406 5633 quem
1432 5567 1542 5615 conant
1568 5561 1753 5633 Vigilantiam
