4004 6022
247 307 307 366 tot
815 298 936 358 Locus
954 295 1159 357 vlcnsnws
1175 297 1375 356 SECUNDUS

245 452 304 526 pis;
330 454 468 527 quaedam
492 470 558 511 vero
587 454 753 510 mutationes
781 457 847 509 sunt
871 453 976 518 lentae,
1007 469 1080 526 quae
1104 453 1297 524 petramordi
1315 471 1394 524 aqua
1409 460 1490 508 tanta
1506 461 1581 522 aut,
1598 460 1630 507 ut
1647 469 1710 509 eum
1725 454 1821 522 magis
1841 453 1950 523 excipe·

246 540 378 613 exiguum
400 539 518 611 primum
541 540 646 596 habent
666 541 789 611 initium,
818 546 915 610 postea
938 557 1003 595 vero
1025 556 1081 594 ma·
1106 548 1163 605 ret,
1187 558 1222 595 ne
1240 549 1409 604 moreretur,
1431 557 1515 609 qnam
1532 543 1692 611 suffocaret,
1715 558 1751 594 ne
1770 541 1949 611 loqueretar,-

168 614 170 618 ’
247 627 291 698 gia
319 627 463 699 magisque
496 633 626 697 serpunt,
662 626 751 681 donec
781 625 894 680 tandem
924 625 1080 680 universum
1107 628 1224 682 accessit
1244 628 1319 681 alias
1337 635 1363 681 et
1380 643 1412 680 eo
1429 628 1490 682 oisc
1502 629 1649 685 admirans
1662 628 1715 680 ait:
1735 627 1948 691 Quomodolae

247 714 380 769 ecclesiae
397 729 498 783 corpus
515 719 660 783 occupent
695 712 808 767 Illarum
828 711 1011 766 mutationum
1030 711 1080 764 cir·
1107 713 1252 767 cendant
1286 715 1326 767 Ar
1345 713 1407 781 ille,
1424 714 1552 777 obsecro,
1570 713 1666 784 inquit,
1685 714 1789 783 eopia,
1807 715 1949 783 quomodo

246 798 431 854 cumstantiae
446 799 536 854 notari
553 799 624 854 forte
643 804 773 869 possunt,
791 816 846 854 non
864 804 956 852 autem
973 797 1081 865 harum,
1106 800 1171 853 binc
1189 817 1231 854 me
1249 800 1360 868 liberes,
1377 817 1413 853 ne
1432 802 1499 852 dam
1517 801 1637 868 qaaerit,
1656 801 1799 868 quomodo
1811 801 1868 853 linc
1881 799 1948 854 ceci·

243 887 303 958 jam
320 901 385 940 vero
402 885 531 957 muvtio,
556 902 628 957 quae
651 886 679 941 in
703 885 823 941 ecclesia
840 901 890 955 per
908 901 1013 939 errores
1033 899 1080 952 pa·
1108 887 1211 950 decim,
1234 887 1302 940 limo
1328 887 1458 956 suffocer.
1498 885 1532 940 Id
1550 885 1642 955 ipsum
1658 883 1816 940 Pontificiin
1837 901 1948 957 respon·

246 971 324 1043 pales
347 971 377 1025 in
405 988 467 1026 eam
489 970 662 1027 introductos
689 969 821 1042 contigit,
851 975 893 1026 est
921 967 1080 1040 posterioria
1107 971 1213 1041 demus,
1231 989 1287 1026 non
1304 988 1364 1028 esse
1383 970 1614 1041 operaepretium
1625 970 1706 1025 anxie
1717 970 1876 1042 disputare,
1895 987 1948 1044 quo

247 1056 365 1129 generis,
387 1056 462 1113 unde
482 1057 625 1128 apostolus
642 1056 806 1128 pronuntiat
822 1061 845 1111 2.
864 1054 962 1112 Thess.
976 1061 1000 1123 2,
1018 1072 1044 1107 v.
1056 1061 1081 1110 7.
1107 1063 1235 1122 auctore,
1255 1074 1310 1129 quo
1329 1062 1460 1127 tempore,
1482 1072 1571 1127 quove
1590 1055 1672 1111 modo
1690 1056 1839 1112 doctrinae
1857 1057 1887 1111 in
1907 1074 1948 1114 ec·

247 1142 322 1217 quod
342 1142 471 1213 jamdum
499 1160 550 1198 suo
578 1147 702 1214 tempore
731 1142 892 1211 mysterium
923 1141 1081 1210 iniqnitatis
1108 1143 1194 1197 clesia
1210 1143 1337 1199 Romana
1352 1129 1434 1197 'facta
1454 1140 1491 1196 sit
1509 1142 1626 1198 mutatio
1645 1159 1678 1196 ac
1696 1142 1878 1213 depravatio,
1901 1143 1947 1198 sed

242 1230 349 1302 peragi
368 1230 465 1297 faerit
491 1237 632 1299 coeptam,
661 1228 710 1284 ubi
737 1229 797 1300 ipso
821 1228 932 1284 nomine
957 1227 1082 1299 mysterii
1108 1228 1287 1300 cogitandum
1312 1228 1420 1298 potius,
1445 1243 1501 1298 qua
1518 1228 1623 1283 ratione
1640 1228 1818 1298 corruptelae
1836 1229 1902 1285 illae
1917 1246 1947 1285 ex

246 1315 353 1381 innuit,
376 1314 615 1371 antichristianum
636 1314 808 1370 dominatum
828 1321 856 1370 et
878 1314 992 1385 papales
1010 1330 1082 1369 erro
1108 1314 1194 1369 verbo
1213 1314 1266 1369 Dei
1285 1313 1426 1369 tollendae
1438 1313 1551 1369 etmalo
1565 1313 1630 1369 huic
1642 1314 1795 1368 remedium
1808 1314 1947 1370 invenien-

246 1420 291 1458 res
310 1402 418 1458 occulte
435 1401 562 1474 adeoque
579 1400 690 1456 nemine
707 1401 827 1471 primum
846 1401 1083 1455 animadvertente
1110 1401 1185 1458 dum.
1220 1400 1367 1456 Absurdus
1390 1401 1462 1456 foret
1485 1401 1623 1466 medicus,
1647 1400 1695 1472 qui
1714 1407 1849 1472 aegroto,
1871 1402 1947 1471 cuim

248 1488 277 1543 in
295 1488 441 1544 ecclesiam
460 1494 603 1559 receptum
621 1487 664 1541 iri
699 1487 817 1542 ”Sicut
836 1488 939 1555 bonae,
957 1486 999 1540 ita
1013 1505 1083 1557 pra·
1110 1487 1223 1542 morbus
1244 1493 1316 1542 esset
1332 1488 1360 1541 in
1372 1487 1527 1557 propatulo,
1545 1502 1657 1540 manum
1668 1486 1807 1541 medicam
1820 1487 1946 1543 adhibere

247 1593 298 1629 cae
317 1575 526 1629 concaetndinia
545 1591 580 1628 ea
597 1583 638 1628 eet
656 1582 768 1640 aalma,
786 1581 816 1626 at
832 1592 889 1627 nan
908 1572 1084 1641 intelligatur
1111 1578 1267 1639 recusaret,
1296 1573 1350 1628 nisi
1378 1579 1474 1628 exacte
1501 1575 1577 1644 prius
1597 1573 1693 1640 sciret,
1720 1589 1778 1644 qua
1797 1575 1947 1643 occasione,

248 1661 406 1730 introduci,
430 1662 482 1715 red
504 1662 747 1714 animadvertatur
769 1661 948 1727 introducta,
975 1659 1085 1731 quade
1110 1660 1315 1731 quommodo,
1342 1672 1396 1732 quo
1421 1667 1544 1731 tempore
1566 1667 1595 1716 et
1614 1661 1675 1716 loco
1694 1660 1723 1713 in
1738 1660 1870 1716 morbum
1886 1660 1948 1716 inci·

250 1764 336 1804 causa
371 1746 458 1802 tacito
490 1762 627 1801 consensu
660 1746 760 1800 dicitur
794 1745 958 1817 approbari,
996 1744 1015 1798 l.
1044 1750 1084 1800 ³2,
1112 1748 1212 1816 disset3
1230 1747 1367 1802 absurdus
1384 1747 1457 1803 foret
1474 1747 1628 1820 chirurgus.
1650 1746 1696 1818 qui
1714 1747 1881 1804 vulneribus
1898 1766 1948 1803 em·

246 1834 336 1904 junct.
363 1834 382 1890 l
410 1838 452 1889 35.
479 1831 509 1886 ff.
539 1831 574 1886 de
596 1831 656 1888 LL.
694 1826 849 1888 Naucierus
871 1833 925 1887 rol.
952 1837 976 1887 2.
1002 1848 1084 1902 genc-
1112 1834 1220 1906 plastra
1235 1834 1561 1904 imponeredetrectoret,
1578 1839 1728 1904 antequam
1745 1833 1842 1899 sciret,
1860 1850 1949 1907 aquo,

249 1925 303 1974 rat
339 1924 381 1974 27.
420 1918 537 1990 loquens
574 1918 610 1972 de
644 1917 832 1990 temporibus,
877 1934 949 1989 quae
985 1917 1084 1971 Henri·
1111 1921 1160 1975 ubi
1187 1926 1216 1975 et
1246 1920 1357 1992 quando
1389 1920 1504 1992 vulnera
1532 1919 1588 1974 sint
1618 1919 1715 1974 illata?
1768 1919 1949 1991 Praepoatere

251 2005 360 2060 cumI.
388 2010 417 2060 et
446 2005 576 2061 Ottonem
605 2003 738 2076 Magnum
768 2008 993 2073 antecesserunt,
1026 2004 1085 2059 imi·
1112 2011 1215 2079 ageret,
1234 2007 1282 2078 qui
1301 2006 1442 2060 inveniens
1458 2005 1581 2075 aliquem
1600 2004 1629 2059 in
1646 2005 1797 2061 solitudine
1814 2013 1948 2061 errantem

250 2098 326 2148 tatus
346 2091 497 2160 Plotinam,
528 2107 609 2162 quem
633 2090 717 2160 citat,
738 2089 857 2146 rotunde
880 2107 914 2144 ac
933 2091 1025 2161 palam
1044 2090 1084 2144 fa·
1111 2094 1140 2147 in
1157 2093 1230 2146 viam
1248 2092 1325 2146 illum
1343 2107 1474 2147 revocare
1491 2090 1665 2155 detrectaret,
1684 2091 1739 2145 nisi
1756 2092 1837 2162 prins
1853 2091 1949 2146 erroris

251 2184 337 2243 tatur,
365 2178 513 2249 pontifices
543 2177 624 2231 illim
654 2178 787 2245 temporie
815 2195 834 2231 a
857 2177 981 2244 amtiyiic
1004 2177 1087 2230 Petri
1111 2186 1250 2234 auctorem
1277 2178 1453 2250 cognoverit,
1480 2177 1528 2247 qui
1551 2176 1657 2248 primus
1681 2193 1745 2231 eum
1767 2194 1785 2232 a
1809 2178 1858 2233 ria
1874 2179 1948 2250 regia

252 2266 368 2321 muitum
382 2265 542 2320 dmcoerim
547 2264 673 2330 ,horror
683 2271 721 2317 eat
735 2264 845 2328 audire,
855 2264 903 2333 ait,
916 2281 987 2334 quae
996 2264 1085 2317 malta
1112 2265 1270 2333 deduxerit,
1305 2264 1427 2335 itemque
1458 2263 1508 2318 ubi
1535 2270 1563 2318 et
1591 2262 1704 2335 quando
1732 2280 1828 2319 errare
1855 2281 1947 2336 coepe·

249 2368 401 2423 perperam
420 2368 476 2421 per
495 2353 531 2404 28
549 2352 641 2416 ferme
663 2350 809 2419 pontificae
832 2350 889 2403 rint
912 2350 1085 2404 admista.**
1110 2352 1148 2407 rit
1164 2359 1216 2406 etc.
1254 2353 1276 2406 7.
1297 2351 1442 2414 Quomodo
1461 2351 1545 2413 sucta
1564 2358 1603 2402 est
1622 2350 1754 2403 marana
1770 2350 1948 2422 ciuitacfido·

251 2436 371 2504 Quidam
394 2436 547 2493 subitaneis
573 2435 697 2500 casibus,
720 2442 789 2506 puta
806 2435 949 2504 incendio,
975 2434 1086 2490 naufra-
1113 2439 1170 2493 iar
1186 2438 1277 2510 inquit
1293 2437 1391 2493 &aias
1405 2436 1541 2508 propheta
1562 2436 1597 2492 de
1615 2437 1733 2492 ecclesia
1751 2437 1948 2510 Hierosolymi-

250 2525 310 2598 gio,
333 2522 438 2595 rapinis
461 2529 513 2578 etc.
536 2522 566 2576 in
584 2527 779 2594 paupertatem
798 2522 942 2591 incidunt,
971 2522 1084 2592 quidam
1111 2531 1179 2580 tana
1199 2543 1223 2583 c.
1242 2532 1270 2591 1,
1294 2541 1320 2581 r.
1339 2529 1381 2579 21.
1400 2523 1638 2590 Quemadmodum
1656 2522 1742 2593 igitur
1762 2522 1884 2579 habetur
1901 2541 1949 2595 pm

250 2610 353 2668 senaim
375 2611 435 2666 sine
457 2626 541 2665 sensu
558 2608 657 2681 opibus
674 2608 862 2665 dilabentibus
880 2609 916 2664 ad
934 2615 1083 2664 extremam
1112 2612 1255 2668 meretrice
1277 2617 1305 2667 et
1328 2612 1441 2683 quidem
1463 2609 1575 2679 merito,
1599 2624 1670 2680 quae
1693 2613 1773 2663 extra
1786 2609 1949 2682 legitimum

250 2697 424 2770 paupertatis
446 2696 547 2752 lineam
566 2694 746 2767 redigrmtur3
770 2695 811 2750 sic
828 2695 985 2765 spirituales
1004 2710 1086 2750 verae
1112 2698 1273 2770 conjugium
1290 2697 1479 2769 virginitatem
1498 2695 1599 2766 amisit,
1617 2696 1742 2767 quamvis
1759 2713 1817 2750 non
1836 2703 1948 2766 constet,

250 2784 316 2840 fidei
340 2781 454 2838 divitiae
472 2782 639 2853 quandoque
656 2788 766 2852 aperte,
793 2781 960 2853 quandoque
978 2781 1086 2836 occulte
1112 2803 1130 2840 a
1157 2802 1228 2858 quo,
1255 2783 1303 2839 ubi
1333 2788 1362 2838 et
1385 2781 1496 2853 quando
1516 2781 1553 2836 sit
1569 2797 1739 2853 compressa3
1765 2783 1806 2836 sic
1826 2783 1950 2838 Romana

251 2869 423 2938 miiitum·
458 2875 483 2924 ⁵·
502 2858 741 2933 Quemadmodum
757 2868 787 2923 in
804 2866 949 2938 republica
961 2867 1087 2922 Romana
1112 2870 1229 2928 ecclesia
1245 2887 1309 2925 cum
1327 2869 1365 2924 ad
1385 2868 1541 2938 exemplum
1554 2867 1828 2938 Hierosolymitauae
1838 2870 1949 2942 integri·

250 2963 375 3028 tempora
391 2953 496 3012 Valerii
515 2953 630 3009 Maximi
653 2955 770 3026 insignis
793 2954 870 3009 sacta
887 2954 981 3009 iuerat
999 2961 1087 3009 muta·
1112 2965 1199 3014 tatem
1218 2964 1245 3013 et
1263 2956 1448 3012 sinceritatem
1466 2955 1609 3010 doctrinae
1625 2954 1749 3009 amiserit
1767 2972 1801 3010 ac
1813 2955 1949 3026 spirituali

250 3043 291 3100 tio
316 3049 344 3099 et
360 3059 379 3098 a
398 3043 534 3113 majorum
553 3041 655 3096 virtute
675 3041 866 3112 degeneratio,
889 3040 1038 3110 sicutipse
1054 3057 1088 3096 ea
1112 3042 1264 3113 adulterio,
1286 3043 1445 3097 idololatria
1463 3041 1583 3105 scilicet,
1602 3056 1663 3095 sese
1678 3041 1824 3111 polluerit,
1842 3049 1948 3114 aposta

196 3161 200 3167 ·
251 3131 288 3187 de
314 3146 345 3185 re
369 3127 563 3200 conqueritur,
590 3143 681 3198 neque
707 3134 800 3182 tamen
826 3126 900 3181 illius
927 3126 1087 3181 mutationis
1112 3131 1169 3185 tica
1186 3130 1282 3186 merito
1299 3128 1449 3200 judicatur,
1469 3127 1535 3183 licet
1552 3133 1647 3182 exacte
1660 3136 1787 3183 constare
1800 3130 1947 3185 hodienon

251 3216 335 3290 primi
352 3221 488 3281 auctores,
505 3213 550 3270 vel
565 3213 848 3284 temporiapnnctum,
865 3212 976 3268 velalia
987 3214 1087 3268 extriu·
1112 3217 1214 3288 possit,
1238 3231 1294 3287 quo
1310 3221 1437 3283 anctore,
1464 3230 1553 3286 quove
1571 3219 1695 3285 tempore
1711 3222 1873 3284 apostatare
1890 3233 1948 3272 coc-

253 3320 318 3360 seca
331 3303 464 3375 adjuncta
476 3301 613 3358 recenseri
626 3307 752 3373 poteram
772 3299 919 3356 Sallustius
934 3299 963 3356 in
977 3298 1086 3355 Catilin.
1112 3304 1192 3375 perit.
1233 3300 1337 3373 Ecquis
1366 3301 1438 3356 ferat
1471 3301 1592 3372 aliquem
1623 3301 1663 3356 sic
1694 3308 1948 3372 argumentantem:

253 3392 389 3462 majorum
407 3390 534 3446 instituta
551 3405 676 3457 narrans,
693 3389 803 3461 qualem
821 3388 1021 3459 rempublicam
1040 3387 1088 3443 ha·
1112 3390 1199 3445 Thais
1218 3387 1393 3443 meretricula
1411 3387 1441 3441 in
1460 3389 1539 3442 cunis
1558 3387 1635 3442 etin
1655 3388 1743 3459 primo
1762 3391 1865 3443 aetatis
1885 3389 1949 3444 flore

252 3477 377 3542 buerint,
402 3483 535 3549 quantam
561 3475 738 3547 reliquerint,
766 3482 853 3547 utque
878 3474 1013 3546 paulatim
1038 3475 1087 3529 im·
1112 3477 1166 3531 tuit
1192 3474 1281 3547 virgo.
1315 3474 1391 3546 Ergo
1419 3474 1502 3528 etiam
1527 3473 1556 3527 in
1582 3473 1679 3528 adulta
1695 3480 1788 3528 aetate
1809 3476 1949 3533 tulisset?

253 3568 362 3620 mutata
386 3579 420 3617 ex
442 3561 627 3632 pulcherrima
648 3567 677 3616 et
701 3561 805 3632 optima
824 3561 900 3615 facta
916 3561 953 3616 sit
969 3560 1088 3631 flagitio·
1113 3562 1201 3632 Atqui
1225 3561 1322 3617 eodem
1346 3560 1429 3615 modo
1447 3566 1688 3632 argumentantur,
1712 3561 1761 3631 qui
1779 3578 1798 3616 a
1816 3569 1893 3618 statu
1909 3579 1948 3618 ec

253 3649 370 3718 sissima,
383 3647 498 3703 tandem
509 3645 668 3718 subjungit:
687 3647 828 3700 Pecuniae
846 3655 873 3700 et
883 3647 997 3716 imperii
1012 3647 1088 3716 capi·
1113 3648 1214 3703 clasiae
1235 3647 1378 3702 Romanae
1401 3646 1546 3717 autiquae,
1574 3646 1663 3718 qualis
1686 3646 1741 3702 fuit
1764 3649 1948 3719 apostolorum

254 3736 348 3790 dinem
363 3733 460 3803 primo
476 3733 593 3786 crevisse
613 3749 701 3801 eaque
712 3733 795 3802 qimai
806 3733 954 3786 materiam
966 3733 1089 3786 omnium
1113 3733 1293 3805 temporibus,
1310 3734 1347 3789 ad
1365 3733 1527 3790 hodiernum
1540 3734 1717 3790 concludunt.
1749 3739 1773 3790 8.
1791 3734 1946 3791 Secundum

253 3820 393 3875 maloram
407 3819 517 3884 faiam
536 3819 707 3888 atqioehoec,
728 3817 827 3890 inquit,
840 3819 936 3887 primo
943 3819 1088 3887 paulatim
1113 3821 1276 3889 membrum,
1292 3821 1399 3876 scilicet
1416 3821 1577 3892 dogmatum
1597 3820 1715 3888 novitas,
1734 3821 1759 3876 si
1767 3820 1947 3879 demonstrari

253 3922 385 3969 arescere,
401 3905 543 3959 interdum
554 3904 709 3969 vendicari,
724 3912 791 3974 post
803 3905 852 3958 abi
862 3906 992 3974 contagio
1005 3907 1090 3974 qaaai
1115 3907 1216 3979 possit,
1233 3906 1304 3961 illud
1322 3905 1426 3961 sufficit
1443 3907 1480 3962 ad
1499 3906 1751 3975 demonstrandum,
1769 3911 1946 3964 mutationem

250 3990 414 4064 pestilentia
435 3991 555 4055 incasit,
577 3989 679 4044 aindas
702 3990 864 4060 immutata,·
890 3992 1038 4061 imperinm
1055 4008 1088 4045 ea
1114 4010 1173 4049 esse
1196 3992 1313 4060 factam,
1338 3993 1363 4047 si
1384 3993 1429 4047 vel
1452 3994 1570 4048 maxime
1595 4000 1709 4050 externa
1726 3993 1778 4049 illa
1794 3997 1947 4054 accidentia

251 4078 406 4148 iusts‘seimo
435 4085 517 4146 atque
548 4076 653 4145 optimo
683 4075 797 4130 crudele
827 4076 1088 4146 intolerandumque
1115 4080 1266 4134 secundum
1298 4096 1393 4135 omnes
1420 4079 1639 4134 circumstantias
1666 4080 1776 4135 ostendi
1803 4089 1941 4155 nequeant

244 4168 370 4235 saetam.
404 4163 465 4219 Liv.
485 4162 533 4218 lib.
554 4168 575 4218 l.
595 4161 690 4218 histor.
709 4162 906 4218 immutationis
922 4162 996 4217 illius
1009 4162 1088 4232 quasi
1114 4166 1179 4222 Jam
1200 4183 1266 4222 vero
1288 4165 1394 4236 liquide
1416 4165 1602 4220 demonstrare
1621 4182 1767 4236 possumus
1786 4166 1818 4222 in
1836 4169 1947 4224 eeclesia

252 4252 357 4326 gradus
376 4250 511 4322 quosdam
528 4247 687 4305 describens
703 4249 794 4303 addit:
812 4250 935 4304 Labeme
944 4249 1088 4318 paulatim
1113 4253 1241 4308 Romma
1264 4253 1399 4307 hodierna
1424 4252 1540 4323 proponi
1566 4258 1595 4307 et
1621 4253 1792 4324 propugnari
1819 4272 1892 4310 nora
1916 4271 1946 4309 ac

253 4338 408 4408 disciplina
427 4335 593 4390 danaum
610 4352 701 4389 morea
720 4335 823 4389 deinde
840 4335 931 4402 maria
945 4335 1089 4404 maniacam
1114 4340 1261 4411 peregrina
1278 4338 1417 4410 dogmata,
1435 4353 1453 4391 a
1469 4338 1557 4393 veteri
1574 4338 1763 4409 apostolorum
1782 4340 1946 4396 doctrinaet

253 4426 331 4497 lapsi
346 4430 418 4489 sant,
438 4430 496 4476 tam
514 4422 557 4476 ire
576 4429 726 4492 coeperant
741 4420 923 4491 praecipites,
943 4423 1032 4476 donee
1048 4425 1090 4476 ad
1115 4425 1151 4480 ab
1170 4425 1285 4495 antiqua
1301 4424 1444 4479 Romanae
1462 4423 1595 4479 ecclesiae
1613 4423 1784 4480 confessione
1802 4427 1946 4498 plurimum

159 4547 161 4551 ν
253 4513 343 4583 mmor
362 4510 506 4583 (Augusti)
523 4518 666 4579 tempora,
686 4510 785 4579 quibem
802 4526 853 4563 neo
871 4510 943 4563 uitia
959 4528 1020 4578 ma,
1038 4526 1088 4564 nec
1115 4509 1310 4581 discrepantia
1346 4516 1370 4564 9.
1387 4508 1516 4581 Denique
1538 4510 1694 4581 argumenti
1714 4509 1799 4582 hujus
1817 4512 1947 4586 hypotho

253 4600 380 4655 remedia
395 4597 462 4669 pati
474 4603 623 4667 poterant,
637 4604 799 4664 perventum
818 4603 895 4650 esset.
933 4595 980 4652 sie
997 4597 1026 4652 in
1044 4613 1088 4651 ec·
1116 4597 1153 4651 sis
1175 4603 1296 4651 nostram
1315 4593 1459 4651 confirmat
1475 4597 1653 4660 sententiam,
1675 4603 1784 4652 tantum
1803 4599 1899 4669 abest,
1922 4606 1949 4655 ut

253 4686 341 4743 cleeia
357 4684 483 4740 Romana
506 4681 623 4753 insignis
641 4682 717 4737 facta
741 4688 783 4738 est
805 4681 949 4737 doctrinae
971 4682 1089 4738 mutatio
1116 4683 1247 4738 atillam
1271 4688 1386 4738 evertat.
1425 4682 1559 4753 Disputat
1580 4683 1780 4755 Bellarminus,
1806 4688 1949 4742 ecclesian

254 4779 284 4829 et
300 4789 318 4827 a
335 4771 390 4827 tide
407 4770 542 4840 majorum
560 4766 746 4840 degeneratio,
762 4785 847 4839 quam
866 4786 899 4824 ex
916 4769 977 4839 ipso
990 4775 1090 4824 eventu
1115 4771 1273 4824 Romanam
1297 4769 1464 4822 hodiernam
1492 4787 1552 4823 esse
1577 4787 1672 4824 reram
1694 4771 1858 4839 eccleciam,
1885 4776 1949 4843 qnia

256 4866 285 4916 et
304 4858 451 4914 collatione
469 4873 532 4911 cum
549 4855 667 4912 ecclesia
676 4856 802 4911 Romana
812 4856 928 4927 antiqua
939 4855 1090 4928 deprehen·
1115 4857 1175 4925 iam
1191 4855 1257 4908 inde
1277 4873 1296 4908 a
1316 4855 1422 4910 Christi
1438 4864 1464 4909 et
1484 4856 1673 4926 apostoloram
1691 4859 1864 4927 temporibus
1873 4860 1950 4915 nulla

257 4946 361 5010 dimus,
376 4944 442 5000 licet
459 4942 583 5014 singulas
601 4942 676 4996 illiue
693 4942 853 4997 mutationis
870 4943 1091 4998 circumstantias
1116 4941 1263 4995 doctrinae
1292 4959 1326 4994 ac
1352 4942 1500 5008 religionis
1515 4944 1632 4996 mutatio
1655 4945 1685 4996 in
1704 4959 1738 4996 ea
1753 4945 1848 5009 sueri
1863 4947 1950 5013 facta,

255 5051 311 5090 non
333 5031 469 5104 possimus
492 5045 661 5086 enumerare.
698 5034 722 5085 6.
742 5027 918 5102 Augustinus
944 5030 1022 5102 epist
1047 5035 1089 5101 29.
1117 5028 1149 5080 id
1175 5035 1215 5081 est
1236 5029 1304 5098 qaia
1328 5031 1445 5083 eandem
1467 5029 1625 5082 doctrinam
1649 5038 1675 5084 et
1686 5030 1775 5099 fidem
1793 5042 1951 5088 constanter

254 5120 291 5175 ad
308 5118 510 5189 Hieronymum
538 5115 572 5170 de
594 5115 702 5186 peccati
730 5116 873 5187 originalis
890 5117 1091 5188 propagatione
1116 5113 1210 5168 wlco
1237 5122 1343 5179 teneut,
1372 5133 1457 5184 msam
1483 5115 1606 5186 apostoli
1633 5118 1788 5172 docuerant
1809 5120 1952 5190 mamque

256 5208 417 5277 disputans,
451 5201 595 5258 historiola
626 5201 747 5273 quadam
773 5202 882 5258 illorum
907 5204 1091 5258 temeritatem
1118 5204 1352 5256 commendarant.
1388 5202 1476 5272 Atqui
1501 5202 1524 5255 si
1547 5202 1676 5258 Romana
1698 5204 1816 5260 ecclesia
1839 5207 1903 5263 ideo
1928 5215 1954 5263 et

255 5290 370 5361 refellit,
388 5290 437 5363 qni
454 5289 552 5345 nolunt
570 5287 800 5360 propagationem
818 5288 895 5343 illam
913 5288 1021 5359 peccati
1038 5287 1090 5343 ori·
1117 5288 1250 5358 indepto
1270 5302 1336 5344 vera
1355 5288 1474 5343 ecclesia
1490 5290 1668 5360 agnoscenda
1685 5297 1741 5355 est,
1765 5291 1834 5364 quia
1855 5293 1954 5350 doctri·

255 5378 356 5449 ginalis
377 5376 497 5444 credere,
514 5373 569 5430 nisi
589 5381 686 5429 exacte
703 5379 812 5429 constet
828 5374 865 5429 de
884 5373 1092 5446 propagationis
1117 5391 1182 5429 nam
1199 5373 1303 5430 Christi
1320 5381 1349 5431 et
1365 5374 1551 5446 apostolorum
1568 5375 1629 5431 aine
1646 5376 1798 5433 mutatione
1817 5379 1955 5452 integram

149 5462 185 5519 η’
197 5475 243 5519 tta
257 5463 347 5518 modo.
376 5462 532 5530 Eleganter
540 5461 647 5515 didam
659 5477 717 5516 esee
728 5467 866 5514 narratam
878 5459 1004 5530 (inquit),
1015 5462 1094 5530 qaod
1118 5467 1147 5516 et
1172 5461 1332 5517 inviolatam
1358 5460 1474 5527 retinet,
1503 5476 1676 5533 consequens
1702 5462 1767 5532 erit,
1799 5463 1957 5521 docminam

258 5548 324 5605 baio
341 5547 386 5601 rei
399 5546 470 5602 sams
487 5553 553 5618 apte
570 5546 703 5602 convenit.
732 5544 803 5601 Onna
820 5545 939 5617 guidam
948 5546 1053 5601 raaia
1063 5547 1095 5602 ia
1119 5547 1206 5614 illam,
1224 5543 1443 5618 quemchristus
1460 5552 1489 5602 et
1506 5547 1624 5616 apostoli
1641 5547 1762 5618 primum
1773 5549 1958 5622 macinarum
