4004 6022
825 209 878 292 ua
896 233 1088 295 1155111515
1735 255 1795 314 505

95 390 255 447 anmtarit
290 388 439 444 Heinrieus
459 387 632 457 Smithaeus,
652 390 700 461 qui
720 390 858 464 evaugdii
875 405 938 460 pro·
968 392 1073 447 155555
1100 393 1251 450 Βο5515155
1280 394 1476 466 555551151155,
1502 397 1588 453 hostis
1610 399 1797 472 ecclesiarum,

95 479 249 534 fossionem
274 476 392 531 lovanii
418 475 447 530 in
471 475 624 531 Brahantia
646 476 800 547 abjuravit,
825 478 937 531 domum
966 495 1038 549 quae
1056 496 1074 532 a
1092 480 1222 551 pontifice
1235 480 1361 536 Romano
1381 483 1524 553 sejunctae
1544 482 1681 551 puriorem
1697 485 1796 542 doctri·

54 608 59 621 .
96 564 211 620 rediens
237 578 269 617 se
292 563 384 632 ipsum
402 579 466 617 cum
484 578 556 633 agno
574 561 630 617 Dei
648 563 718 616 collo
737 579 860 633 appenso
879 580 937 616 sus·
964 580 1029 617 nam
1050 565 1259 635 profitebantur,
1281 567 1439 631 acerrimus,
1458 567 1524 621 dum
1543 567 1665 623 Danubii
1683 579 1796 640 pontem

97 649 206 721 pendit.
243 648 336 704 Foxus
359 648 389 703 in
413 654 526 717 martyr.
551 664 616 718 pag.
641 653 716 703 2105.
751 650 834 704 Anno
862 655 935 704 1556.
963 649 1089 707 Viennae
1108 653 1208 707 transit
1225 658 1307 724 rupto
1326 654 1418 724 pontis
1434 656 1505 725 jugo
1521 671 1583 709 cum
1596 656 1663 710 cisio
1678 657 1796 728 etequis

99 737 232 791 Jaroour
259 736 395 788 Latonas
424 733 579 788 haereticae
610 733 754 804 pravitatis
790 735 936 805 inquisitor
963 735 1093 806 delapsus
1118 738 1147 791 in
1173 738 1302 794 Danubio
1326 739 1485 795 submersus
1506 747 1555 794 551.
1591 742 1622 784 *1
1630 741 1796 798 Valentinus

97 822 259 893 Christique
276 819 401 875 fidelium
418 826 579 890 persecutor
598 819 811 874 immanissimus
827 820 857 874 in
873 820 934 873 bor·
962 821 1087 876 Pacaeus
1110 823 1267 895 theologiae
1292 825 1448 880 licentiatus
1472 831 1501 880 et
1518 825 1697 881 concionator
1714 845 1797 884 evan·

96 908 215 964 15555111
240 905 462 977 desperationem
486 905 592 961 incidit.
628 905 779 959 Nemeum
799 921 833 959 51
848 905 934 959 ambi·
961 907 1027 976 gelii
1053 908 1166 978 Lipsiae
1189 909 1226 963 ab
1246 911 1407 981 evangelica
1425 910 1533 965 sincera
1549 912 1684 982 religione
1702 913 1796 968 defici·

95 995 174 1049 tione
201 1000 299 1048 contra
323 991 520 1047 conscientiam
545 989 689 1046 verisnam
709 991 845 1062 evangelii
863 999 935 1045 atro·
961 1007 1010 1045 ens
1037 1000 1064 1048 51
1092 994 1121 1048 15
1147 995 1276 1050 Sueviam
1304 996 1445 1065 profectus
1474 995 1615 1067 Dillingae
1642 1014 1703 1052 sese
1730 1016 1795 1055 cum

96 1080 168 1135 citer
194 1079 400 1149 impugnasset,
416 1072 542 1147 'corpore
571 1083 669 1147 vegeto
694 1082 724 1130 at
748 1093 815 1131 sano
842 1074 935 1130 subita
960 1076 1113 1134 Pontificiis
1133 1081 1277 1150 conjunxit
1289 1083 1482 1153 evangeliique
1495 1082 1648 1136 doctrinam
1662 1083 1790 1152 blaspbe-

96 1165 288 1235 trepidatioue
308 1170 336 1218 51
352 1163 503 1219 1511511555
522 1162 563 1217 115
580 1162 723 1233 perculsus
740 1169 796 1227 est,
815 1167 848 1215 51
864 1177 934 1231 quos
960 1165 1045 1219 mavit
1069 1173 1097 1219 et
1115 1167 1265 1221 virulenter
1286 1166 1377 1223 irrisit.
1422 1167 1492 1222 Cum
1517 1175 1609 1223 autem
1636 1168 1791 1241 lsauingam

97 1268 131 1307 ex
148 1251 247 1306 amicis
265 1255 381 1305 noverat
399 1248 933 1304 5551155115555555555515515155551-
960 1250 1130 1320 erspatiatus
1154 1259 1227 1307 55551
1252 1259 1279 1307 51
1305 1253 1405 1308 551555
1428 1254 1540 1307 domum
1559 1254 1713 1325 Dillingam
1731 1271 1791 1310 ver·

97 1353 153 1407 que
177 1336 350 1407 impietatem
367 1334 396 1388 in
415 1340 536 1389 extrema
553 1334 720 1388 constitutus
743 1333 934 1404 desperatione
959 1353 1006 1389 sus
1030 1337 1144 1405 rediret,
1168 1338 1197 1392 in
1219 1338 1318 1392 itinere
1334 1338 1433 1393 incidit
1450 1341 1479 1393 in
1498 1340 1650 1411 quendam,
1678 1342 1726 1410 qui
1745 1358 1791 1396 ve·

95 1422 171 1476 ultro
204 1421 353 1485 fateretur,
394 1419 490 1474 01555
521 1428 581 1483 551,
617 1418 759 1490 inquiens,
786 1427 933 1488 peccorum
960 1422 1093 1477 nabulum
1113 1441 1163 1493 per
1182 1440 1212 1477 os
1231 1423 1374 1480 Valentini
1390 1426 1537 1480 adversum
1549 1426 1661 1495 trajecit
1672 1443 1791 1497 eumque

96 1524 201 1575 meum,
226 1507 275 1575 qui
294 1507 422 1576 prudens
445 1507 588 1575 sciensque
610 1506 642 1559 in
665 1506 746 1559 uerbo
764 1506 933 1574 115155555-
960 1507 1075 1573 occidit,
1107 1510 1146 1562 sic
1172 1527 1238 1581 ergo
1263 1515 1390 1581 apostata
1417 1511 1464 1565 1115
1488 1512 1586 1566 misere
1611 1512 1695 1582 periit
1718 1529 1792 1568 auno

95 1594 209 1663 555555
234 1599 259 1645 51
281 1593 466 1661 opprimendo
493 1591 563 1644 51115
583 1608 674 1645 meam
700 1592 792 1645 155551
809 1608 933 1660 operam.
963 1598 1036 1649 1558.
1062 1594 1267 1665 Wigandusde
1282 1602 1400 1664 apostas.
1420 1595 1641 1668 Empsychovius
1660 1599 1690 1651 iu
1709 1597 1791 1656 refut.

98 1679 196 1742 Quare
220 1679 357 1731 55555555
382 1677 568 1747 5515115515.
588 1678 718 1747 peccori,
741 1693 791 1730 nec
809 1676 873 1730 5115
889 1676 933 1730 551
959 1694 1065 1734 causar.
1091 1679 1205 1734 Braunii
1227 1698 1254 1751 p.
1274 1686 1334 1736 143.
1377 1681 1512 1737 Osiander
1536 1690 1607 1738 cent.
1635 1688 1673 1738 16.
1692 1683 1793 1736 citatur

94 1766 127 1819 15
147 1763 295 1831 11555115,
320 1763 414 1817 55115
431 1764 702 1832 5515155555οσα11
718 1763 773 1816 5151
790 1763 931 1815 condena-
960 1761 1032 1817 infra
1066 1781 1130 1836 pag.
1173 1767 1285 1821 1313.**
1330 1765 1428 1820 Refert
1456 1766 1611 1838 Chytraeus
1642 1769 1672 1823 in
1698 1766 1791 1823 chron

95 1850 137 1905 115
163 1850 235 1904 melli
255 1850 402 1918 55515555
429 1855 481 1916 cst,
509 1850 561 1902 red
586 1848 696 1902 5155511
717 1856 744 1901 51
766 1863 884 1917 corpore
908 1854 934 1899 51
959 1848 1089 1905 Andreas
1125 1848 1305 1920 Hondorpius
1340 1852 1370 1904 in
1400 1853 1514 1922 speculo
1544 1854 1691 1907 historiali
1707 1852 1793 1908 talem
1856 1879 1862 1892 ·

95 1940 197 1990 551515
221 1943 364 1989 ammaum
388 1951 450 1987 sum
473 1935 656 2004 mmscipium,
681 1936 808 2003 adeoque
819 1935 885 2002 jum
903 1933 933 1986 15
960 1942 1156 1990 commemorat
1184 1935 1342 1990 historiam:
1396 1938 1558 2006 Bernburpe'
1589 1944 1653 1994 5515
1686 1938 1793 2010 aliquot

94 2038 216 2091 regnum
240 2023 303 2089 ejus
326 2020 530 2089 incorporatus.
571 2020 644 2084 Quin
667 2021 736 2083 r‘mo¹
749 2020 828 2073 baud
841 2037 933 2089 porro
960 2037 1047 2076 annos
1066 2020 1202 2075 bonarum
1220 2021 1362 2076 literarum
1382 2022 1436 2076 fuit
1454 2025 1607 2094 studiosus,
1629 2024 1677 2096 qui
1696 2042 1729 2080 51
1744 2024 1793 2079 55·

94 2110 248 2162 wercum
266 2106 452 2159 5115151555
472 2107 631 2175 intuemini,
656 2108 709 2161 sed
726 2107 819 2175 155551
835 2107 932 2160 dicho·
960 2108 1030 2162 batis
1054 2108 1198 2178 cujusdam
1226 2109 1398 2177 promotione
1424 2110 1617 2165 canonicatum
1644 2111 1673 2165 in
1700 2111 1791 2166 cathe-

93 2196 169 2264 1515,
188 2202 214 2248 51
229 2193 258 2246 51
275 2191 454 2262 aperirentur
471 2193 552 2246 55515
569 2193 657 2257 emeli,
680 2210 779 2245 515555
791 2194 932 2262 pedesque
958 2192 1029 2246 drali
1052 2193 1169 2248 ecclesia
1190 2193 1426 2265 Magdehurgensi
1449 2195 1567 2266 adeptus
1586 2201 1640 2261 551,
1662 2198 1708 2251 1115
1726 2214 1790 2252 cum

94 2297 173 2336 maor
201 2280 319 2333 15151555
346 2278 485 2348 unguibus
511 2280 654 2347 deformes
679 2287 707 2333 51
733 2279 932 2344 155515551155
957 2278 1043 2333 511515
1061 2284 1090 2334 51
1106 2280 1336 2350 tranquillitatem
1357 2287 1469 2351 propter
1485 2299 1592 2337 annuos
1610 2283 1715 2337 reditus
1734 2283 1788 2338 sibi

94 2365 352 2464 deprehendereris.
386 2363 442 2420 Per
459 2363 528 2439 baec
547 2366 608 2435 ejus
624 2365 721 2434 verba,
747 2365 796 2436 qui
814 2364 931 2419 aderant
956 2364 1133 2437 polhceretur
1151 2373 1180 2420 et
1196 2366 1386 2462 Babylonicae
1402 2368 1553 2423 meretricis
1568 2368 1710 2439 signaculo
1722 2385 1791 2439 gau-

93 2452 149 2506 viri
164 2451 239 2506 docti
257 2466 343 2521 supra
360 2450 471 2504 modum
488 2449 1224 2521 1511155551,151515555551-55151,55511515
1247 2425 1383 2508 extremas
1407 2453 1543 2508 deductus
1565 2460 1607 2508 est
1634 2455 1786 2524 augustias.

94 2538 161 2591 dam
185 2537 281 2592 doctor
298 2535 467 2607 theologiae,
485 2536 589 2590 amicus
610 2540 670 2608 ejus
689 2536 815 2604 15111555,
834 2552 929 2591 conso·
956 2538 1027 2592 Nam
1066 2553 1130 2592 cum
1166 2537 1316 2635 aliquando
1356 2553 1429 2607 equo
1462 2544 1558 2592 vectus
1593 2538 1787 2611 Magdeburgo

92 2622 231 2677 15115551
249 2621 387 2691 55551151
407 2621 521 2677 docere:
547 2623 656 2676 5511515
675 2630 824 2692 peccatum
844 2637 929 2688 prece
955 2639 1081 2694 egressus
1107 2629 1194 2687 esset,
1217 2623 1251 2676 115
1275 2623 1406 2677 diabolici
1429 2623 1531 2694 5555111
1555 2623 1728 2678 dementatus
1745 2631 1790 2680 551

92 2710 170 2762 adeo
187 2724 255 2774 esse,
273 2708 341 2776 quin
355 2724 411 2777 per
428 2708 488 2761 Dei
504 2707 725 2785 misericordiane
743 2709 932 2770 condonatum
955 2708 1121 2778 praestigiis,
1140 2713 1172 2763 ut
1191 2725 1220 2763 se
1240 2724 1354 2779 corpore
1372 2715 1401 2763 et
1419 2710 1539 2764 animaa
1554 2710 1659 2763 Satana
1670 2710 1788 2781 jamjam

93 2795 225 2865 adquae
250 2793 394 2864 respondit
413 2793 561 2858 Latonius,
584 2794 716 2847 sibinen
738 2794 850 2864 1555155
872 2810 929 2847 esse
955 2794 1103 2864 abreptum
1126 2794 1160 2848 iri
1185 2793 1323 2859 crederet,
1354 2795 1428 2865 quod
1453 2800 1481 2851 51
1496 2794 1601 2849 factum
1622 2802 1708 2864 55551,
1734 2797 1789 2851 5151

86 2882 237 2952 plurimos
266 2897 299 2934 55
329 2881 421 2935 rueris
452 2881 545 2934 literis
579 2884 741 2949 5555515155
769 2882 929 2950 sententias,
955 2897 989 2937 ex
1005 2880 1108 2935 Christi
1127 2879 1271 2935 salvatoris
1283 2880 1366 2951 dicto,
1384 2882 1424 2934 515
1439 2882 1520 2935 Deus
1538 2881 1638 2936 11115511
1654 2886 1789 2938 mundum

92 2983 168 3038 quae
197 2966 372 3035 praeclarae
407 2967 559 3019 5115151155
591 2966 647 3017 5151
675 2973 702 3018 51
732 2966 930 3019 consolationis
957 2973 1007 3022 ete.
1033 2966 1219 3022 consolatione
1244 2973 1355 3036 arrepta
1377 2983 1406 3020 se
1423 2966 1515 3036 ipsum
1531 2967 1727 3033 confortasset,
1755 2986 1788 3025 55

86 3052 288 3123 plenissimae,
319 3053 373 3105 ssd
392 3052 489 3104 5155555
511 3051 567 3104 5151
587 3052 673 3115 fidem
698 3059 723 3104 51
741 3051 882 3118 fiduciam
899 3052 930 3104 r'n
955 3053 1028 3109 enim
1053 3053 1128 3107 dicto
1153 3057 1288 3122 tauquam
1308 3068 1387 3106 sacro
1406 3057 1485 3106 scuto
1505 3057 1572 3106 tunc
1589 3055 1720 3123 temporis
1740 3054 1789 3111 Sa·

92 3141 197 3194 Deam.
234 3139 275 3192 Et
298 3153 333 3189 55
356 3136 434 3190 uobis
457 3136 570 3189 51551515
593 3136 642 3204 rit,
667 3145 744 3190 certa
761 3153 833 3202 5555,
859 3156 931 3208 quoe
956 3136 1789 3210 155511155555551155111511515105151555551155,555·

92 3227 132 3280 de
147 3241 211 3278 msa
228 3223 408 3277 damnatione
423 3222 530 3277 1555155
541 3223 760 3293 55555111551115,
772 3225 849 3293 qrcod
859 3225 929 3278 15515
955 3224 988 3278 lis
1008 3223 1170 3277 adustarum
1189 3230 1232 3276 est
1249 3221 1373 3275 vestium.
1406 3222 1530 3276 Moestus
1549 3223 1644 3294 itaque
1659 3232 1687 3279 51
1698 3225 1790 3282 auimo

84 3314 154 3384 jum
179 3311 285 3380 affiatu
309 3311 426 3364 morior.
463 3309 523 3362 Sim
539 3311 723 3364 5515555515
740 3311 865 3381 exemplo
884 3327 929 3363 55
955 3307 1085 3362 turbidus
1109 3307 1221 3362 domum
1245 3307 1405 3372 revertitur,
1432 3307 1481 3361 ubi
1505 3324 1567 3362 cum
1592 3326 1703 3365 mensae
1722 3313 1789 3367 assi-

91 3415 147 3469 que
172 3399 208 3452 de
226 3414 314 3452 cause
331 3414 380 3451 555
400 3397 508 3449 accersi
520 3396 613 3466 jussi,
635 3404 665 3449 51
683 3413 740 3464 per
765 3413 808 3450 me
831 3399 931 3450 moniti
956 3395 1034 3449 deret
1052 3393 1165 3448 fratrem
1183 3392 1263 3447 lateri
1280 3391 1395 3447 affixum
1413 3392 1535 3458 habens,
1562 3402 1700 3465 spectrum
1719 3396 1788 3453 illud

91 3484 271 3554 resipiscatis
298 3491 324 3537 51
346 3483 376 3536 in
397 3483 603 3552 persequendis
622 3481 760 3550 fidelibus
774 3485 861 3552 finem
877 3486 930 3550 se·
956 3480 1050 3534 auimo
1067 3481 1128 3549 ejus
1143 3478 1306 3533 obversatur
1329 3484 1356 3533 et
1379 3477 1408 3533 in
1425 3484 1517 3533 155155
1535 3497 1598 3534 5515
1617 3481 1708 3537 55555
1727 3483 1788 3538 1551

37 3588 79 3636 ur,
93 3572 188 3627 cistis.
223 3569 303 3624 Haec
320 3575 348 3624 et
366 3569 447 3639 plura
464 3584 528 3623 cum
547 3567 673 3634 dixisset,
691 3568 764 3622 iuter
780 3568 931 3624 horrendos
957 3566 1009 3638 igit
1026 3565 1170 3636 angustias
1188 3571 1220 3619 51
1237 3564 1376 3620 flebilibus
1398 3565 1548 3636 gemitibus
1567 3573 1730 3632 testaretur,
1760 3587 1789 3623 55

93 3658 221 3730 mugitus
234 3662 359 3711 mortuus
378 3661 433 3723 est,
460 3662 545 3726 atque
564 3654 618 3707 oris
637 3655 697 3722 ejus
714 3653 856 3726 totiusque
872 3672 930 3709 cor·
960 3651 1790 3724 8515555515115551551551555555555551515,111555

92 3746 171 3817 poris
196 3743 326 3814 apparuit
350 3741 482 3809 foeditas,
514 3747 546 3796 ut
573 3740 700 3794 omnibus
728 3745 801 3793 esset
824 3741 930 3798 terrori.
957 3735 1149 3808 desperatione
1171 3736 1271 3791 festino
1296 3753 1379 3790 55155
1404 3736 1433 3791 15
1451 3737 1606 3807 proximum
1625 3745 1742 3808 puteum
1759 3759 1789 3797 se

93 3831 236 3886 111151511
253 3829 432 3884 Selueccerus
445 3828 554 3881 inurat.
574 3826 609 3880 de
628 3825 714 3879 initiis
734 3833 762 3879 51
782 3843 930 3897 progressu
957 3823 1136 3895 praecipitat,
1166 3822 1214 3877 sed
1242 3839 1274 3878 51
1298 3823 1393 3877 divina
1417 3824 1509 3894 315115
1532 3841 1630 3879 515551
1653 3826 1682 3880 15
1709 3828 1788 3899 aquis

93 3919 216 3988 August.
238 3913 465 3983 5551555521.
487 3913 601 3967 11511111
627 3911 717 3967 Jobus
737 3911 877 3966 Fiucelius
894 3914 928 3968 de
956 3903 1088 3982 pensilem
1122 3908 1333 3979 apprehendens
1364 3926 1393 3964 se
1425 3911 1591 3965 sustentavit
1619 3911 1789 3984 illaesosque

92 3999 290 4058 mhacuhssui
304 3999 435 4068 temporis
449 4003 478 4053 51
490 3996 674 4053 exeoWolff.
687 4002 927 4054 555116155551,
955 3997 1020 4051 1555
1045 4000 1184 4048 extractus
1209 4001 1260 4052 est.
1297 3994 1395 4050 Abeo
1413 4001 1536 4066 tempore
1554 3997 1721 4052 consolando
1740 3999 1787 4054 ho-

91 4108 121 4160 p.
134 4094 195 4144 6111.
220 4083 552 4141 Α111151558.31.Μ51111
568 4083 731 4139 5155151155
744 4082 868 4138 Nemesis
887 4086 928 4139 di·
954 4082 1056 4135 minem
1093 4080 1166 4134 hunc
1200 4079 1341 4135 turbidum
1372 4080 1560 4151 gravibusque
1588 4083 1788 4139 tentationibus

92 4175 160 4229 vina
178 4173 207 4228 in
226 4175 357 4243 episcopo
375 4173 532 4227 Lebaeenss'
550 4171 682 4226 acerrimo
698 4170 928 4242 Evangelicorum
954 4183 1118 4238 oppressum
1143 4166 1292 4221 admodum
1318 4167 1447 4237 occupati
1472 4166 1582 4222 fuerant
1608 4167 1788 4224 ecclesiarum

94 4266 272 4332 persecutore
285 4257 469 4313 Donarerdae
487 4257 521 4313 de
538 4257 635 4327 paucis
648 4256 780 4327 gradibus
792 4257 821 4312 in
832 4258 929 4328 templi
954 4255 1015 4324 ejus
1039 4252 1094 4307 loci
1113 4252 1244 4316 ministri,
1268 4252 1423 4307 animarum
1450 4269 1545 4307 curem
1562 4253 1616 4307 sibi
1637 4254 1787 4310 demanda·

94 4362 210 4418 egressu
239 4345 352 4415 delapso
384 4349 414 4398 et
441 4343 577 4398 cervicem
604 4343 658 4398 hoc
686 4359 752 4397 casu
775 4343 928 4415 frangente.
954 4347 1011 4394 tam
1031 4337 1176 4394 habentes.
1214 4339 1304 4408 Saepe
1323 4338 1395 4394 euim
1412 4355 1526 4393 numero
1543 4339 1654 4408 accidit,
1675 4346 1707 4393 ut
1723 4357 1787 4396 cou-

94 4433 179 4487 Anuo
204 4430 301 4485 eodem
327 4435 400 4486 1558.
427 4446 483 4484 uno
511 4437 595 4502 atque
622 4430 719 4484 eodem
748 4429 792 4483 die
821 4429 928 4484 eadem·
954 4426 1027 4481 cioni
1048 4442 1145 4481 555155
1167 4442 1230 4480 5551
1255 4425 1411 4489 interesset,
1437 4425 1508 4479 tanti
1534 4424 1627 4479 subito
1652 4442 1716 4480 eum
1739 4445 1787 4498 op·

94 4534 152 4591 que
171 4517 360 4588 aegritudine,
388 4516 517 4571 nimirum
537 4522 689 4589 quartana,
722 4513 789 4570 elati
816 4514 930 4571 fuerunt
955 4512 1107 4583 5115151551
1130 4518 1261 4578 15115155,
1286 4516 1319 4564 51
1343 4510 1459 4565 55155115
1485 4510 1572 4564 mater
1590 4510 1618 4563 iu
1638 4512 1789 4568 sacrarium

94 4604 199 4661 Maria
226 4605 325 4671 repr‘nc
353 4604 476 4671 11551155
500 4611 527 4656 51
550 4604 727 4670 &einaldus
753 4602 843 4656 Polus
869 4621 930 4656 car·
955 4615 985 4653 se
1002 4598 1156 4668 proripiens
1177 4613 1210 4651 ex
1230 4595 1472 4650 concionatoribus
1493 4596 1615 4667 aliquem
1636 4604 1790 4654 accerseret

95 4690 205 4746 11155115
234 4688 372 4761 5551111515
406 4689 529 4760 legatus,
564 4693 754 4760 persecutores
789 4686 930 4745 5551115155
954 4684 1127 4756 supplexque
1153 4682 1190 4737 ab
1216 4698 1248 4736 eo
1275 4681 1463 4736 consolatione
1490 4696 1524 4736 ex
1549 4683 1634 4739 verbo
1667 4684 1720 4738 Dei
1742 4685 1789 4739 de-

95 4775 276 4847 evsngelicae
305 4775 449 4845 acerrimi,
483 4773 623 4830 'referente
646 4773 781 4845 Vergerio
813 4773 876 4828 dial
908 4781 929 4830 1.
955 4777 1046 4827 sumta
1069 4784 1098 4824 se
1120 4768 1189 4841 erigi
1206 4774 1321 4838 peteret.
1358 4767 1450 4822 Tanto
1470 4766 1524 4838 ipsi
1542 4769 1720 4825 canonicatus
1736 4770 1789 4826 iste

94 4860 426 4918 5551150515511155.
458 4860 844 4917 55551566555551155155
860 4860 930 4916 Gal·
955 4856 1091 4926 constitit,
1123 4857 1147 4908 is
1174 4852 1293 4907 mirabili
1319 4853 1374 4908 Dei
1402 4853 1578 4923 providentia
1604 4856 1633 4910 iu
1659 4857 1789 4911 tentatio·

95 4949 155 5002 1155
184 4945 325 5000 0115551511
353 4946 382 5000 15
412 4946 562 5000 miserabili
591 4945 930 5015 555551511511515511555
956 4944 1038 4998 uibus
1064 4947 1242 4998 conservatur
1267 4939 1373 4993 mavult
1394 4940 1455 5010 jam
1475 4939 1603 5010 plebejus
1630 4957 1690 4997 csse
1713 4942 1790 5010 civis,

96 5040 152 5099 est,
170 5048 235 5087 cum
251 5031 400 5101 praecipue
418 5048 503 5101 super
520 5037 618 5087 exusto
635 5031 838 5102 Annaeburgio
858 5032 930 5087 dole·
957 5029 1106 5084 dummodo
1127 5028 1231 5081 salvam
1259 5025 1363 5080 habeat
1386 5026 1597 5095 conscientiam,
1627 5045 1710 5098 quem
1734 5045 1790 5083 ma·

95 5125 155 5183 151,
180 5117 204 5171 15
220 5116 293 5170 15151
310 5115 381 5169 alias
400 5115 598 5185 desperationis
616 5133 698 5171 voces
717 5116 768 5171 has
786 5117 929 5187 jactabat:
956 5116 1074 5187 guiricus
1099 5123 1127 5171 51
1150 5113 1227 5168 51155
1251 5110 1400 5167 5115551555
1424 5112 1498 5182 turpi
1522 5113 1708 5169 conscientiae
1725 5113 1790 5168 labe

98 5208 123 5260 0
143 5201 303 5258 cardinalis
322 5202 539 5271 Letharingiae,
565 5203 748 5256 1111555555
766 5218 809 5271 55,
826 5209 858 5255 51
875 5220 930 5257 em·
957 5204 1113 5273 adspersus.
1151 5202 1229 5254 ”De
1249 5199 1354 5255 Cereio
1373 5199 1478 5267 quinto,
1498 5200 1634 5253 Heinrico
1658 5202 1790 5270 seeundo,

96 5309 147 5346 nes
175 5290 206 5343 15
235 5294 378 5341 aeternam
406 5289 579 5342 damnemur.
620 5288 757 5344 Referunt
785 5287 932 5344 Heinricus
958 5288 1115 5344 Francisco
1151 5287 1288 5351 secundo,
1329 5282 1439 5340 Galbae
1470 5284 1583 5357 regibus
1614 5286 1792 5356 evangelicae

96 5376 174 5434 Petri
195 5380 224 5431 et
247 5374 393 5431 Beuterus.
430 5374 513 5429 Auno
535 5379 610 5431 1565.
640 5375 805 5430 ,1555115155
821 5394 840 5429 a
857 5377 932 5431 Neu·
959 5374 1102 5431 555111555
1118 5370 1340 5445 55155551511555
1358 5369 1388 5426 bi
1405 5371 1553 5442 conscripti
1564 5376 1673 5427 exstant
1684 5385 1791 5430 versus:

1376 5474 1433 5531 38*
