4004 6022
191 265 249 351 ηαα
785 249 1289 317 mousmossumsrarnus

187 413 230 470 ori
254 411 342 469 fnium
370 410 513 466 minctum
538 425 565 465 r.
594 414 634 466 29.
657 407 804 481 mmritur,
834 406 1022 482 nequeenim
1049 407 1548 478 cummianusmoerutntttm
1563 407 1892 478 autemmonstruosi

188 498 316 555 manibus
337 497 412 553 cruci
435 495 526 552 affixis
546 494 691 569 spongiam
714 494 791 551 illam
815 503 893 553 aceto
912 495 1024 568 plenam
1049 513 1113 566 ore,
1137 498 1189 550 scd
1205 513 1291 550 manu
1311 496 1452 564 occepisse
1465 510 1570 563 ponem
1588 512 1607 546 a
1623 491 1747 549 Circius
1756 494 1891 562 fractum

188 586 315 657 accipere
334 588 453 655 poterat.
481 581 546 640 Joh.
565 587 613 652 20,
638 600 664 637 r.
685 587 725 638 22.
764 581 890 639 Christus
908 580 1025 638 sufflans
1050 590 1076 638 ot
1091 591 1268 654 porrectum,
1293 590 1319 636 ct
1341 582 1371 637 sb
1396 580 1491 649 λάβετε
1508 581 1599 649 masis
1621 579 1741 651 proprie
1757 578 1890 650 competit

189 671 219 728 in
253 669 407 742 discipulos
438 668 521 723 dicit:
567 668 698 740 Accipite
726 667 866 738 Spiritum
890 677 1026 734 sanctius,
1051 670 1149 724 manui
1165 686 1249 739 quiam
1264 669 1361 724 orm

189 758 284 828 λάβετε
301 756 412 831 πνεῦμα
430 748 517 826 ἅγιον.
551 753 646 810 Actor.
670 761 693 821 l,
710 771 735 809 v.
755 761 783 812 8:
801 754 952 824 accipistis
969 754 1025 808 vir·
1088 761 1145 811 l'tl.
1178 754 1326 819 Quaeritur
1345 760 1375 810 2:
1406 754 1484 818 Quid
1500 755 1679 809 uumndom
1697 755 1734 808 dt
1751 753 1808 808 uto
1825 769 1890 809 ooa-
1926 765 1949 797 ⁸·
1963 754 1991 796 ¹²

189 852 276 901 αααα
300 842 425 915 spamus
442 840 544 896 ααααε.
581 839 670 911 spos.
689 846 735 908 22,
758 859 784 896 v.
805 848 847 898 u:
887 841 943 905 ms
959 841 1026 910 nu,
1051 841 1197 897 meatim
1215 843 1394 912 μααααα
1412 841 1593 896 cinnama
1609 840 1683 894 εαα
1697 837 1890 907 ossuum,
1904 807 1993 900 ω’ίά

191 931 315 1002 σσοίμίαλ
344 946 446 1000 aquam
469 925 544 982 uitas
561 927 660 996 pratis¹
697 926 781 984 ”De
798 928 907 984 Christo
926 926 1028 983 dicitur
1052 928 1082 982 in
1106 928 1205 997 quibus
1228 928 1434 983 communicans
1455 926 1539 998 prior
1561 926 1688 996 sequenti
1699 941 1806 997 panem
1822 918 1993 1004 con-{1⁰3

191 1016 239 1080 τάς
256 1017 402 1076 ἀσθενείας
421 1011 500 1089 ipsiu
517 1013 605 1082 ἔλαβε.
637 1012 743 1069 Paulus
762 1020 786 1071 2.
800 1014 862 1070 Cor.
879 1019 918 1083 11,
938 1033 963 1069 v.
986 1019 1026 1070 ti.
1053 1022 1193 1068 semotum
1213 1015 1264 1069 dat
1281 1031 1317 1067 oc
1335 1013 1501 1068 distribuit!
1536 1013 1690 1070 hramnus
1714 1012 1745 1067 in
1762 1012 1834 1069 libro
1852 1011 1890 1068 da
1902 1015 1969 1056 ²¹⁰⁸·

192 1100 246 1160 inb
265 1103 410 1157 Ἰουδαίων
433 1099 561 1162 πεντάκις
585 1100 791 1175 τεσσαράκοντα
817 1098 923 1172 πληγάς
951 1097 1027 1174 παρὰ
1053 1099 1152 1155 ritibus
1178 1098 1313 1157 seuniae
1342 1097 1496 1172 Ίῖςιιτίαιο
1520 1116 1544 1156 c.
1575 1105 1614 1157 ta.
1638 1099 1710 1156 inter
1731 1103 1827 1155 cetera
1849 1097 1892 1153 sio
1905 1069 1993 1159 mm

190 1196 261 1266 μίαν
278 1189 365 1258 ἔλαβε.
401 1185 502 1243 Confer
519 1185 619 1242 Matth.
640 1192 666 1256 t,
682 1203 709 1244 v.
728 1193 753 1243 8.
790 1188 877 1243 Marc.
897 1193 921 1252 λ,
941 1205 967 1240 v.
989 1192 1028 1241 16.
1054 1184 1163 1242 scribit:
1182 1186 1252 1240 Post
1262 1187 1332 1241 baec
1347 1203 1403 1256 per
1420 1193 1505 1242 totam
1525 1186 1671 1241 amusium
1688 1185 1813 1241 minuti
1827 1200 1892 1254 asu·

191 1276 256 1334 ioh.
279 1280 325 1343 13,
355 1293 382 1332 v.
407 1279 448 1329 20.
470 1290 495 1330 c.
516 1277 563 1343 16,
586 1289 613 1329 v.
638 1278 679 1329 24.
700 1290 724 1330 c.
743 1279 791 1343 20,
808 1292 834 1329 ν.
855 1278 898 1330 22.
933 1273 1028 1329 Actor.
1054 1289 1128 1325 mum
1141 1288 1247 1342 panem
1266 1271 1501 1342 (mahumeticum)
1515 1273 1546 1327 in
1554 1272 1665 1344 patinis
1678 1272 1892 1338 circumferunt,

117 1410 119 1414 ,
194 1369 224 1434 1,
248 1381 275 1416 v.
302 1367 326 1418 8.
365 1359 427 1416 Gal.
445 1364 475 1429 3,
499 1376 524 1413 v.
545 1365 567 1414 2.
603 1358 694 1430 Apoc.
714 1364 761 1425 22,
782 1379 808 1417 v.
829 1361 908 1415 lv*
942 1360 1028 1431 Apud
1056 1366 1082 1412 ct
1102 1359 1206 1430 occipit
1222 1361 1338 1429 quisquc
1354 1377 1408 1414 msa
1423 1360 1696 1431 manupurtiouiam
1714 1360 1750 1413 dc
1769 1357 1993 1413 mbibin-ffi·

193 1448 339 1507 Platonem
366 1444 539 1502 differentiae
564 1461 650 1500 causa
674 1446 788 1501 additur
813 1447 966 1521 λαμβάνειν
992 1449 1031 1506 είς
1052 1462 1129 1514 panc
1156 1452 1183 1500 ct
1201 1452 1304 1515 postea
1327 1444 1593 1516 reliquampartem
1609 1448 1661 1501 dat
1673 1445 1803 1516 proxime
1821 1445 1894 1500 assi·

193 1533 243 1600 τάς
257 1541 368 1610 χεῖρας,
395 1539 427 1588 ut
450 1532 595 1601 innuatur,
625 1549 686 1588 esse
707 1533 777 1588 alios
803 1534 854 1587 τοῦ
880 1531 1032 1609 λαμβάνειν
1058 1531 1144 1588 dena.
1180 1533 1312 1600 Denique
1329 1539 1481 1601 sequuntur
1497 1532 1553 1587 alii
1569 1533 1693 1587 minuti-i
1708 1550 1771 1587 cum
1778 1532 1895 1602 poculis

194 1623 300 1678 modos.
335 1620 442 1676 Demus
459 1623 560 1687 autem,
581 1635 615 1673 ex
632 1617 781 1690 hypothesi
791 1617 932 1675 Christum
952 1636 1032 1675 mora
1058 1627 1084 1674 ot
1105 1618 1264 1688 cautioris,
1289 1636 1324 1672 ac
1337 1619 1456 1688 praebet
1475 1617 1551 1673 obus
1569 1618 1626 1673 atii
1638 1618 1774 1689 poculum
1793 1618 1896 1675 Domi·

195 1708 322 1782 symbola
340 1705 483 1777 discipulis
500 1704 530 1758 in
548 1721 646 1759 manus
665 1704 783 1775 dedisse,
800 1707 923 1761 nondum
939 1712 1033 1762 tamen
1057 1706 1167 1775 nurus,
1197 1712 1281 1775 atquc
1303 1705 1345 1759 sic
1369 1721 1462 1759 omncs
1486 1705 1522 1758 ds
1547 1722 1602 1759 uno
1617 1721 1693 1774 panc
1706 1705 1896 1775 participant.

196 1794 317 1852 evictum
342 1792 429 1861 foret,
452 1791 526 1847 hunc
552 1789 736 1847 distribuendi
759 1792 872 1848 modum
891 1808 953 1848 esse
969 1790 1034 1846 sim—
1058 1791 1100 1846 Er
1119 1807 1174 1862 quo
1191 1788 1364 1862 intelligitur,
1382 1789 1465 1846 ritum
1483 1789 1558 1847 hunc
1575 1791 1604 1847 in
1624 1791 1761 1864 Tigurina
1776 1791 1898 1848 ecclesia

195 1879 306 1953 pliciter
330 1884 360 1935 et
388 1877 516 1934 absolute
533 1872 718 1932 necessarium
741 1878 867 1951 adeoque
883 1878 920 1934 ad
940 1885 1034 1951 partes
1059 1894 1120 1933 esse
1137 1876 1284 1946 usitatum,
1324 1874 1475 1949 Cajetanus
1493 1877 1522 1933 in
1540 1894 1562 1934 c.
1581 1883 1624 1934 26.
1637 1877 1734 1934 Mattb.
1748 1877 1897 1944 mbtimat,

198 1982 301 2035 coenae
324 1961 484 2020 essentiales
507 1962 658 2034 pertinere,
687 1979 750 2018 cum
772 1963 845 2019 iuter
864 1964 1034 2020 distributio·
1059 1963 1178 2020 eundem
1214 1963 1244 2017 in
1278 1962 1368 2033 prima
1397 1979 1494 2019 sacrae
1524 1980 1627 2020 coense
1657 1964 1897 2023 administratione

197 2070 261 2109 nem
286 2051 374 2121 ipsam
397 2056 426 2105 et
449 2047 652 2105 distributionis
672 2050 794 2120 modum,
830 2050 902 2107 inter
925 2068 1035 2123 praece·
1059 2055 1222 2121 usurpatum
1256 2048 1349 2105 fuisse
1402 2049 1550 2119 Discipuli
1587 2049 1699 2122 (iuquit)
1727 2062 1898 2122 acceperuut

197 2144 277 2210 ptum
303 2143 331 2192 et
347 2136 519 2208 exemplum,
550 2134 623 2191 inter
653 2136 810 2192 necessaria
835 2142 864 2194 et
884 2138 1036 2209 adinplere
1060 2156 1079 2191 a
1098 2138 1170 2191 Jesu
1192 2154 1249 2192 non
1270 2153 1356 2190 manu
1375 2136 1418 2188 ad
1433 2153 1558 2205 manum,
1582 2138 1634 2190 sed
1650 2153 1683 2192 su
1701 2154 1811 2207 mensa,
1835 2157 1897 2194 cum

198 2230 363 2298 perpetuum
393 2228 504 2279 maneat
532 2221 689 2280 discrimen.
731 2224 869 2295 Agnoscit
893 2223 947 2279 hoc
975 2225 1035 2296 ipse
1060 2225 1190 2277 sederent
1212 2221 1295 2275 multi
1316 2221 1346 2273 in
1372 2227 1451 2275 tanta
1477 2222 1628 2292 distantia,
1657 2231 1687 2276 ut
1707 2242 1809 2280 suanus
1824 2227 1898 2281 Jesu

198 2308 282 2380 Besa
301 2311 413 2382 quando
431 2309 512 2381 epist.
532 2315 558 2369 2,
575 2309 615 2364 sic
634 2309 745 2365 scribit:
775 2309 883 2365 Sumtio
901 2311 1035 2382 simpliei—
1061 2308 1188 2362 monibus
1213 2324 1307 2362 eorum
1324 2324 1380 2361 non
1396 2316 1492 2377 posset
1504 2309 1599 2378 junqi.
1640 2309 1896 2380 &caianitarum

198 2404 241 2452 λεν·
263 2404 288 2451 et
312 2396 438 2450 obsolute
456 2413 490 2450 ao
504 2413 626 2466 prorsus
644 2397 803 2451 neccssaria
823 2398 977 2465 requiritur
994 2400 1036 2451 ad
1060 2396 1138 2466 qrsod
1154 2395 1227 2448 νίσσλ
1243 2411 1328 2447 unum
1345 2393 1463 2448 calicem
1480 2411 1649 2449 communem
1668 2397 1794 2451 omnum
1805 2399 1898 2453 tradi·

198 2484 285 2553 liujus
305 2481 479 2537 sacrmenti
493 2499 591 2547 πενίη,
615 2488 645 2534 ut
661 2489 753 2535 autem
769 2483 839 2536 baec
858 2483 959 2538 mentio
977 2484 1034 2538 auc
1061 2482 1118 2549 dit,
1148 2481 1190 2534 ita
1215 2487 1246 2533 ut
1272 2481 1303 2534 in
1328 2497 1386 2533 unu
1412 2480 1518 2550 patina
1546 2497 1652 2551 panem
1686 2482 1716 2536 in
1747 2483 1898 2537 daodccim

198 2568 324 2638 acceptio
336 2571 395 2638 flat
408 2586 501 2638 manu,
519 2586 575 2623 non
588 2567 661 2624 item.
689 2567 728 2622 Et
738 2575 848 2639 postea:
867 2568 975 2624 Sumtio
984 2564 1035 2623 'sa-
1061 2568 1200 2622 buccellas
1224 2569 1352 2635 fractum
1373 2567 1500 2622 manibus
1521 2568 1654 2638 propriis
1676 2568 1845 2633 tradiderit,
1871 2578 1897 2623 st

197 2662 403 2710 oramentorum
424 2654 537 2709 minime
557 2655 617 2707 dici
629 2661 725 2723 potest
742 2656 864 2723 sspunqi
881 2658 918 2709 ab
938 2656 974 2709 iis
991 2656 1036 2711 uel
1061 2656 1138 2725 quod
1159 2655 1223 2708 binc
1248 2653 1366 2708 eccissm
1388 2671 1468 2709 mum
1481 2654 1647 2724 patinarias
1663 2654 1822 2724 apostolica
1839 2663 1897 2710 tra·

197 2741 299 2807 omiti,
322 2741 373 2810 qui
395 2757 443 2796 ors
468 2742 607 2794 duntaxat
626 2740 731 2810 absqrsc
749 2741 846 2810 officio
866 2759 965 2795 manus
982 2741 1036 2796 iila
1061 2741 1167 2795 ditione
1198 2739 1353 2810 acceperim
1387 2741 1429 2794 ita
1465 2741 1543 2810 quod
1570 2741 1642 2795 sicut
1675 2739 1794 2794 calicem
1824 2726 1897 2796 unus

197 2827 357 2898 accipiant,
383 2825 452 2896 quia
481 2825 546 2896 ίμεσ
568 2824 683 2890 sumtis,
712 2843 768 2879 non
792 2834 884 2880 asuem
906 2828 1037 2881 sumcmii
1062 2825 1211 2896 discipulis
1229 2826 1318 2896 dedu,
1338 2826 1394 2880 otii
1408 2826 1536 2895 patinam
1553 2845 1615 2881 cum
1627 2845 1701 2897 passe
1718 2835 1816 2883 sancto
1827 2846 1899 2898 pro·

197 2915 298 2969 modus
311 2913 442 2983 proeesse
458 2911 673 2983 praescribitur,
692 2928 726 2965 ac
741 2911 868 2982 proinde
884 2913 934 2982 qui
952 2912 1035 2967 istam
1056 2913 1225 2985 pinquiorss
1243 2913 1316 2967 Jcsu
1332 2912 1529 2967 sensatioribus
1542 2914 1695 2968 sucosssiue
1703 2923 1899 2984 porroucrunt.

198 3019 298 3056 manus
322 2999 487 3053 montionem
512 2999 553 3053 sic
571 3006 685 3067 meent,
711 3006 741 3051 ut
759 3015 873 3052 coenam
892 2999 921 3052 in
940 2999 977 3053 iis
994 3017 1035 3053 cc·
1062 2999 1118 3056 Sed
1137 2998 1207 3055 haec
1223 2998 1329 3054 incerta
1346 3004 1417 3065 sunt,
1439 2999 1513 3054 unde
1533 2999 1616 3055 euam
1634 2999 1760 3072 plerique
1776 3000 1898 3057 edvin-

199 3087 293 3144 olesiis
311 3086 472 3158 profanum
483 3084 628 3156 judicent,
652 3085 701 3139 ubi
718 3086 822 3154 absque
839 3086 1036 3156 superstitione
1062 3086 1109 3142 ani
1135 3084 1172 3141 ab
1199 3085 1260 3157 ipso
1280 3083 1391 3140 Christo
1408 3101 1489 3140 sacra
1508 3084 1633 3156 symbola
1651 3086 1680 3140 in
1700 3104 1798 3142 manus
1817 3087 1898 3143 disci-

200 3192 235 3230 oe
259 3173 348 3228 multo
373 3171 465 3244 mosis
488 3172 592 3241 absque
617 3171 760 3242 impietate
778 3172 872 3225 adbuc
890 3172 949 3227 oris
965 3190 1036 3227 mm·
1062 3173 1191 3245 palorum
1212 3170 1299 3227 fuisse
1324 3171 1391 3226 duta
1413 3170 1578 3228 exisdmam.
1620 3172 1677 3229 Nos
1699 3172 1765 3230 licet
1784 3173 1899 3229 modum

199 3261 240 3315 tio
263 3259 412 3327 retinetur,
443 3274 553 3327 unser,
580 3263 612 3310 ut
634 3256 693 3326 ipsi
715 3257 811 3327 potius
836 3258 880 3312 uel
900 3259 1037 3313 nonnullo
1063 3257 1263 3315 distributionis
1289 3256 1449 3330 ἀδιάφορον
1472 3274 1532 3313 esse
1555 3263 1723 3328 statuamus,
1751 3266 1845 3317 tamen
1862 3261 1900 3316 ad

199 3363 294 3401 rerum
327 3345 449 3399 istarum
478 3343 643 3416 ignorantia
670 3343 715 3398 vel
747 3342 885 3414 uiunbstq
912 3353 1036 3415 peccent.
1064 3344 1277 3420 εὐσχημοσύνην
1295 3349 1324 3399 et
1340 3342 1522 3399 reverentiam
1541 3345 1679 3415 pertinere
1699 3345 1850 3420 multisque
1859 3347 1900 3401 in·

199 3431 277 3488 Haec
300 3431 347 3486 ille
371 3428 530 3486 rectissime.
575 3432 602 3485 2.
631 3428 705 3492 Quia
725 3447 757 3484 ec
775 3431 978 3501 superstitione
993 3450 1037 3485 or·
1062 3431 1214 3488 commodis
1237 3431 1289 3486 hoc
1314 3438 1397 3501 pacto
1421 3429 1527 3485 occurri
1546 3447 1629 3500 posse
1648 3431 1778 3500 dicimus,
1805 3434 1830 3487 si
1849 3450 1906 3504 per·

200 3529 257 3573 turn
278 3519 373 3571 trabat
392 3534 451 3570 mos
468 3516 515 3570 ori
532 3517 792 3570 communicantium
811 3534 897 3571 sacra
911 3518 1037 3585 sumbus
1062 3518 1218 3573 ministrum
1241 3517 1375 3572 ecclesiae
1400 3516 1517 3588 singulis
1536 3517 1802 3574 communicantibus
1820 3536 1901 3575 sacra

198 3603 354 3677 inserendi.
403 3602 458 3664 Qui
480 3602 582 3673 efficias
604 3602 731 3671 intepras
752 3604 809 3668 ori,
835 3621 891 3658 non
911 3606 1037 3660 manibus
1063 3603 1190 3676 symbola
1211 3603 1421 3660 distribuantur.

199 3691 340 3756 insenuit,
365 3688 459 3741 adbuc
473 3687 628 3756 papissarc
647 3705 706 3740 sese
724 3696 750 3740 et
768 3690 975 3756 susperstitionis
989 3693 1036 3757 fo·
1100 3696 1156 3746 172.
1192 3688 1341 3754 Quaeritur
1360 3697 1390 3746 3:
1421 3691 1468 3744 An
1492 3698 1646 3759 repupaont
1664 3690 1835 3745 institutioni
1853 3711 1898 3747 sa·
1912 3707 1952 3757 os.
1967 3704 1991 3746 s:

199 3777 293 3830 mitem
311 3777 429 3843 fouere,
455 3773 547 3826 nescio
574 3790 631 3842 qua
650 3774 760 3826 rationo
778 3775 904 3838 inficiari
918 3778 1036 3846 possint,
1062 3795 1128 3831 crac
1150 3793 1252 3832 coenae
1277 3776 1378 3830 missac
1397 3776 1543 3846 priuatos,
1571 3776 1601 3828 in
1624 3777 1724 3844 quibus
1748 3779 1825 3832 solcis
1852 3797 1898 3833 sa·
1910 3759 1993 3850 mi,

200 3861 297 3918 scrsssit
314 3861 444 3916 Bucanus
462 3858 524 3915 loco
544 3864 585 3916 48.
606 3877 632 3930 p.
652 3865 710 3917 685.
742 3859 966 3931 Respondemus:
989 3881 1035 3919 ne·
1062 3866 1163 3918 cordos
1180 3879 1283 3933 panon
1301 3871 1328 3916 ct
1343 3863 1437 3916 uinum
1456 3862 1626 3917 benedictum
1645 3865 1761 3933 accipit,
1781 3874 1811 3919 ut
1830 3867 1898 3920 reli·
1911 3861 1993 3953 (1112ῑᾶ

201 3965 341 4022 quaquam
361 3945 486 4012 dicimus,
507 3945 676 4017 prohibitum
691 3946 734 4002 vel
752 3945 831 4001 nefas
850 3965 918 4017 esse,
936 3949 1037 4004 euoba·
1064 3952 1125 4020 quis
1149 3950 1352 4020 spectatoribus
1371 3950 1401 4002 in
1419 3951 1590 4005 consmocium
1608 3952 1710 4003 cedat?
1739 3950 1901 4022 Responde-
1912 3923 1976 3963 pm

201 4034 307 4091 ristiam
332 4033 362 4088 in
387 4050 484 4088 manus
503 4031 763 4088 communicantium
779 4033 860 4098 dare,
885 4035 972 4090 multo
989 4036 1037 4090 mi-
1064 4054 1137 4091 mus:
1177 4036 1279 4091 Missae
1301 4035 1427 4106 privatae
1454 4042 1543 4091 ortum
1571 4035 1685 4092 trahunt
1709 4055 1742 4093 ex
1770 4039 1901 4109 opinione

202 4139 254 4176 nus
272 4119 395 4175 fidelium
412 4136 509 4174 manus
528 4118 683 4173 immundas
702 4117 827 4187 dicimus,
846 4119 947 4192 quibus
960 4137 1038 4176 sacra
1064 4122 1192 4179 sacrificii
1211 4121 1352 4189 missatici,
1373 4122 1474 4193 quibus
1495 4123 1673 4192 opponimus:
1706 4129 1727 4179 1.
1747 4125 1899 4182 Institutio·

202 4206 329 4280 symbola
358 4205 437 4277 tangi
464 4206 500 4261 ob
527 4206 555 4258 id
582 4203 762 4261 interdictum
791 4212 951 4277 murcatum
988 4208 1037 4263 sed
1062 4227 1127 4265 nem
1150 4207 1260 4263 Christi.
1301 4208 1427 4264 Christus
1450 4208 1479 4262 in
1503 4207 1593 4278 prima
1616 4226 1710 4265 sacras
1735 4227 1839 4266 coenae
1858 4213 1899 4266 in·

201 4294 314 4349 modum
348 4291 549 4347 distributionis
580 4291 762 4363 adiaphorum
793 4308 854 4347 esse
882 4293 1039 4359 statuimus,
1063 4295 1207 4351 stitutione
1236 4299 1264 4349 et
1290 4293 1529 4351 administratione
1549 4312 1605 4350 non
1628 4296 1717 4350 solum
1735 4314 1834 4368 panem
1854 4315 1898 4354 ao·

201 4380 320 4452 ideoque
342 4383 456 4449 propter
479 4378 563 4433 ritum
584 4396 635 4434 sua
653 4384 754 4434 natura
771 4379 889 4434 liberum
909 4380 1038 4459 ecclesias
1063 4381 1151 4453 cepit,
1178 4380 1334 4447 benedixit,
1360 4380 1458 4451 fregit,
1482 4381 1531 4435 ssd
1556 4382 1639 4436 edam
1660 4383 1802 4454 discipulis
1822 4384 1902 4440 dedit

201 4468 272 4524 bene
295 4463 458 4522 constitutas
483 4482 659 4537 nequaquam
684 4464 836 4520 turbandus
855 4483 906 4522 noc
925 4465 1038 4522 infirmi·
1064 4470 1173 4525 dicens:
1214 4469 1277 4522 Hoc
1303 4467 1410 4536 facite,-
1433 4466 1559 4523 similiter
1576 4476 1604 4525 et
1623 4469 1738 4526 calicem
1758 4471 1900 4543 accipiens

201 4553 295 4609 oribus
326 4550 488 4608 scandalum
517 4550 707 4621 praebendum
729 4568 791 4606 esse
815 4552 947 4622 dicimus,
975 4570 1037 4624 pro·
1063 4573 1119 4611 non
1143 4555 1231 4610 solum
1258 4553 1364 4625 modas
1387 4553 1458 4625 egit,
1484 4553 1533 4610 ssd
1557 4554 1640 4610 etiam
1659 4555 1802 4625 discipulis
1822 4557 1900 4614 dedit

201 4640 266 4695 inde
292 4638 442 4694 retinemus
460 4652 564 4693 morem
585 4654 665 4693 sacra
684 4637 812 4710 symbola
830 4638 870 4693 ori
888 4640 1037 4695 communi·
1064 4641 1175 4697 dicens:
1198 4640 1301 4705 Bibits,
1320 4638 1394 4694 etin
1415 4655 1517 4711 genem
1533 4648 1632 4712 postea
1650 4641 1807 4711 subjunxit:
1836 4645 1899 4698 Hoc

201 4725 323 4783 cantium
353 4723 532 4793 admovendi,
562 4729 622 4780 tum
648 4726 714 4796 quia
735 4725 796 4794 jam
820 4726 885 4780 olim
908 4743 966 4781 mos
992 4727 1038 4783 ille
1062 4729 1159 4793 sorde.
1193 4725 1270 4799 Ergo
1298 4741 1399 4797 panem
1426 4733 1455 4781 et
1479 4728 1573 4783 vinum
1605 4729 1775 4785 solummodo
1805 4748 1900 4786 conse·

200 4817 346 4883 receptus,
364 4816 423 4865 tum
444 4811 509 4883 quia
527 4811 563 4865 ad
583 4807 795 4882 εὐσχημοσύνην
811 4817 839 4866 et
856 4812 1038 4868 reverentiam
1063 4831 1141 4870 crare
1161 4812 1221 4868 sine
1241 4812 1436 4869 distributione
1455 4831 1511 4869 non
1529 4819 1571 4871 est
1590 4814 1764 4871 Dominicam
1784 4834 1899 4872 cocnam
1931 4828 1935 4839 ’

200 4896 293 4953 iacere
310 4898 433 4966 videtur,
458 4913 510 4953 nec
528 4913 591 4951 eum
611 4895 702 4952 verbis
723 4895 903 4952 institutionis
920 4899 978 4954 ulla
995 4916 1037 4954 ra·
1064 4899 1217 4968 celebrare,
1251 4899 1386 4954 omittitur
1418 4901 1490 4956 enim
1519 4900 1668 4974 peculiaris
1696 4901 1824 4974 idemque
1856 4920 1898 4958 es·

201 4984 276 5038 tione
304 4999 366 5039 eum
393 4999 518 5056 pugnare
539 4981 647 5039 ostendi
671 4987 772 5054 potest.
814 4983 990 5057 “Pelasgus
1009 4984 1186 5042 inisentialis
1211 4983 1294 5055 hujus
1316 4988 1480 5044 sacramenti
1500 4995 1595 5053 actus,
1620 4987 1751 5044 videlicet
1767 4989 1899 5046 distribu-

202 5069 385 5126 antithesibus
412 5071 549 5143 apologet.
575 5077 671 5125 eontm
695 5069 729 5124 D.
757 5068 887 5124 Balduin.
913 5071 953 5128 th.
973 5076 1036 5128 134:
1063 5073 1116 5138 tio,
1146 5072 1282 5143 quomodo
1310 5072 1396 5145 igitur
1422 5093 1473 5130 sua
1502 5074 1648 5146 integrius
1675 5091 1771 5133 sacrae
1797 5092 1899 5133 coenae

198 5159 382 5227 χεαροληψλαν
413 5157 530 5226 quidam
560 5163 672 5225 urpmt,
704 5157 777 5211 uelut
806 5158 949 5212 ordinatio
979 5159 1037 5212 An·
1063 5156 1217 5222 constabit,
1246 5158 1299 5213 nisi
1326 5159 1484 5217 distributio
1513 5157 1648 5216 socedat?
1686 5166 1711 5217 2.
1732 5161 1899 5235 Exemplum

200 5241 328 5312 plicam,
357 5245 398 5296 od
421 5247 547 5299 cauenda
566 5243 700 5314 periculo
724 5244 922 5299 subtractionis
947 5253 972 5298 ct
993 5262 1037 5298 sss·
1063 5242 1265 5315 apostolorum,
1293 5247 1341 5318 qui
1367 5247 1395 5302 in
1423 5244 1662 5303 administratione
1682 5263 1777 5304 sacrae
1796 5256 1938 5306 coenae1·
1951 5253 1993 5295 iit

196 5326 389 5399 perstitionis,
418 5330 510 5399 aliqui
534 5350 596 5386 oum
625 5328 742 5385 Caluino
767 5331 972 5402 indifferentem
998 5331 1038 5383 ri·
1063 5330 1146 5387 etium
1172 5329 1234 5386 aliis
1259 5330 1436 5389 benedictum
1458 5347 1558 5404 panem
1574 5335 1603 5385 et
1621 5332 1735 5389 calicem
1753 5335 1899 5393 distribue

201 5423 260 5470 tum
284 5429 343 5468 esse
370 5424 525 5483 apmscunt
551 5418 599 5472 lib.
621 5421 646 5474 t.
663 5416 741 5471 instit
760 5435 782 5470 o.
802 5419 843 5471 17.
856 5434 888 5486 p.
907 5418 950 5470 43.
970 5417 1038 5486 qaia
1064 5421 1142 5486 runt,
1166 5416 1230 5472 Act
1250 5422 1280 5485 2,
1299 5434 1326 5473 v,
1344 5424 1385 5476 12.
1405 5437 1428 5474 c.
1449 5419 1497 5486 20,
1516 5432 1543 5473 s.
1562 5421 1586 5471 ’1.
1619 5424 1640 5475 1.
1660 5418 1722 5476 Cor.
1745 5428 1836 5491 10,ν.
1857 5428 1900 5480 24.

201 5519 258 5558 non
282 5501 435 5556 admodum
461 5502 588 5572 interest,
624 5504 762 5574 qumodo
791 5509 918 5558 sumatur
940 5503 1036 5574 punt,
1066 5502 1115 5558 ubi
1136 5501 1250 5576 εὐλογία
1268 5510 1298 5561 et
1316 5503 1416 5563 tractio
1434 5503 1492 5561 sire
1507 5502 1666 5563 distibutio
1682 5507 1899 5582 conjunguntur.
