4004 6022
265 318 325 376 460
832 313 955 372 LOCUS
971 313 1177 371 vlcnsmus
1194 313 1394 372 SECUNDUS

264 481 358 518 onsnes
376 467 475 519 mundi
488 469 673 534 potestatibus
691 486 749 522 esse
766 470 918 539 utbjectos,
943 472 996 523 sed
1012 469 1110 529 rasti-2
1123 478 1211 523 mente
1237 469 1436 522 Alexandrino
1461 477 1488 523 et
1515 470 1642 523 Amulio
1664 478 1754 539 patet.
1792 469 1831 524 Et
1854 477 1960 540 pastea:

154 568 192 608 xl.
205 565 250 609 sss.
263 551 334 604 lenti
352 551 469 618 quidam
485 561 561 607 mota
578 555 651 608 inter
665 573 781 624 repuum
794 565 820 610 et
832 557 1021 610 sacerdotium
1034 574 1111 610 con-¹
1127 556 1205 618 Quae
1221 556 1312 620 suerit
1331 573 1408 608 mens
1429 557 1572 610 liornanac
1591 557 1726 609 ecclcsiae
1745 565 1877 626 tempore
1899 557 1962 611 Gre-

263 638 400 690 trouersia
420 639 522 692 mirum
540 649 588 709 cst,
606 651 672 711 quot
686 651 839 711 quantasve
852 644 948 696 turbae
961 643 1098 709 dederint,
1109 667 1111 705 3
1124 642 1199 709 perii
1218 658 1251 694 ca
1269 642 1330 709 ejsrs
1349 641 1464 709 scriptis
1484 642 1638 708 collipitur,
1657 642 1759 694 lateri
1776 642 1961 712 nimirumpi

264 729 303 776 tot
327 731 392 777 ante
416 725 490 778 lanc
511 726 686 784 Camerinam
704 746 841 782 annorum
860 729 993 782 centuriis
1013 727 1098 795 Otry-
1124 734 1236 793 eiuras,
1261 745 1316 780 non
1338 735 1367 779 ut
1386 727 1556 794 colerentur,
1581 729 1634 780 sed
1653 736 1683 780 ut
1695 745 1753 796 per
1771 744 1825 781 eas
1843 729 1962 797 imperiti

262 816 400 863 sostomus
422 810 494 863 sitit
519 813 576 865 talc
599 831 722 881 anciram
745 816 876 878 futurum
901 815 1047 883 auspicans
1067 828 1219 883 surarum
1240 820 1382 879 pestus-ism
1406 815 1631 867 admonerentur.
1668 813 1803 883 Polydor.
1824 814 1960 886 Vergilius

263 896 407 963 apostolo:
441 898 538 950 Omnis
571 899 666 952 anima
696 899 886 968 potestatibus
911 899 1025 952 satana
1053 896 1172 952 sirnlib.
1197 904 1220 951 6.
1247 899 1282 951 de
1304 916 1357 954 rer.
1384 899 1489 956 iuvent.
1508 917 1531 955 c.
1554 907 1597 955 13:
1624 902 1726 956 &ones
1744 909 1854 955 acures
1868 910 1961 970 patres

264 982 373 1049 Omnis,
400 983 502 1050 inquit,
529 984 587 1037 sice
606 985 765 1054 apostolus,
789 986 847 1039 sice
862 986 1016 1054 propheta,
1042 985 1192 1037 sivelteste
1217 984 1389 1052 Hieronymo
1412 986 1630 1040 simulacrorum
1654 988 1760 1040 snitum
1783 989 1960 1043 damamiani.

262 1068 448 1135 enanpelista,
472 1069 529 1122 siue
549 1070 696 1139 epiecopus
714 1071 841 1124 subditus
859 1071 904 1124 sit.
942 1071 1100 1139 &piantur
1124 1070 1231 1139 lejunii
1248 1072 1497 1142 quadragesimalis
1515 1073 1639 1127 strictam
1657 1074 1884 1129 observationem
1894 1080 1960 1130 reio·

264 1153 486 1219 Cirr-ysostomum
508 1157 712 1224 Theodoram,
738 1158 931 1224 Oecumenius,
956 1156 1099 1223 Tleoplp-
1125 1155 1201 1210 ribus
1219 1175 1273 1211 non
1293 1157 1379 1212 fuisse
1395 1158 1423 1211 in
1442 1177 1494 1213 usu
1511 1160 1639 1227 agnomit
1655 1158 1786 1228 Anorius,
1807 1161 1960 1230 quandem

262 1239 352 1291 lactus
372 1246 397 1292 et
414 1241 465 1307 qui
479 1258 535 1294 non
557 1242 683 1295 Gracci!
706 1243 789 1296 Idem
804 1242 960 1310 Greporins
973 1243 1099 1308 Mapnus
1128 1241 1242 1296 Irenaeo
1261 1242 1309 1300 lib.
1331 1251 1355 1300 5.
1374 1261 1397 1299 c.
1419 1251 1460 1300 25.
1479 1245 1519 1299 sic
1537 1245 1635 1299 scribit
1654 1245 1702 1301 lib.
1725 1253 1748 1300 7.
1769 1246 1859 1301 instit.
1872 1246 1959 1301 moral

262 1323 380 1390 iupcnue
401 1328 577 1393 apnoscebat,
597 1329 814 1397 imperatorilms
831 1330 920 1397 inquit
941 1344 1099 1381 concessum
1112 1316 1113 1329 ¹
1125 1344 1149 1380 c.
1169 1333 1216 1382 23:
1233 1332 1281 1383 De
1293 1331 1404 1398 jejunii
1422 1332 1651 1399 quadragenarii
1661 1349 1778 1385 numero
1791 1350 1899 1400 marna
1908 1334 1960 1394 fust

263 1427 321 1463 csse
344 1414 540 1466 sacerdotibus
566 1415 717 1471 declinari.
754 1417 793 1467 Et
812 1413 1099 1467 Bcrnlardusr'dem
1126 1414 1193 1466 olim
1207 1417 1288 1482 apud
1303 1417 1623 1477 ctrnrtamssartaas,
1636 1435 1721 1486 quam
1732 1418 1820 1471 etiam
1828 1420 1959 1472 irenaeus

262 1497 379 1563 callipit.
418 1499 452 1551 Si
471 1500 560 1551 amnis
579 1501 675 1553 anima
698 1502 800 1569 inarsit,
829 1509 887 1554 lum
905 1507 1010 1561 svestra,
1036 1499 1099 1567 areis
1125 1501 1274 1569 sipnificat.
1313 1503 1444 1570 Quidam,
1464 1504 1563 1571 inquit,
1582 1522 1611 1556 sc
1629 1521 1715 1557 serrum
1734 1506 1812 1558 diem
1827 1506 1960 1574 jejunare

261 1600 309 1635 cos
327 1582 429 1651 sucipit
447 1602 479 1636 cs
500 1586 699 1639 universitate!
731 1587 765 1639 Si
782 1588 845 1655 quis
862 1593 949 1639 tentat
962 1585 1098 1652 accipere,
1111 1600 1113 1641 l
1126 1587 1294 1651 cristimant,
1313 1589 1369 1642 alii
1387 1591 1470 1652 elisos,
1490 1608 1545 1643 ison
1560 1591 1651 1657 pauci
1665 1591 1774 1658 plures,
1794 1590 1882 1644 mimi
1898 1609 1959 1661 qua

213 1730 216 1741 ἱ
261 1675 348 1721 tentat
376 1670 515 1738 decepere.
553 1671 713 1725 Gratianus
742 1691 764 1724 c.
794 1673 823 1725 in
852 1673 958 1740 synoda
985 1677 1036 1724 ete.
1073 1669 1100 1721 si
1111 1644 1275 1740 idrapinta,
1303 1682 1387 1742 atqsm
1414 1676 1527 1727 diurnis
1555 1693 1589 1727 ac
1616 1676 1764 1729 audieritis
1790 1677 1871 1730 lors's
1892 1679 1960 1730 ἀίοιι

261 1763 447 1823 competenter
466 1758 532 1812 aar.
553 1760 596 1810 65.
611 1759 759 1826 pontifices
778 1759 837 1827 ipsi
854 1758 883 1810 in
901 1758 960 1810 suis
978 1755 1204 1824 decretistarum
1222 1761 1389 1828 metiuntur;
1411 1778 1482 1829 qima
1499 1762 1625 1813 uarietas
1644 1778 1679 1813 ac
1697 1763 1899 1831 discrepantia
1911 1782 1959 1816 noa

261 1841 400 1909 fatentur,
417 1858 446 1895 sc
457 1842 674 1911 imperatoribus
686 1846 818 1898 otnosios
830 1861 897 1897 csse.
923 1829 1222 1899 Coelibatumlnostra
1245 1848 1328 1898 modo
1353 1855 1443 1899 aetate
1468 1855 1568 1915 coepta
1586 1856 1639 1911 cst,
1663 1865 1758 1901 semim
1777 1849 1864 1901 etiam
1883 1849 1960 1918 inape

262 1927 436 1981 sacerdotum
456 1927 484 1981 in
504 1928 644 1997 primitiva
662 1930 779 1984 ecclesia
796 1930 882 1984 fuisse
900 1929 1019 1983 liberum
1039 1911 1189 2015 qui-laute
1213 1931 1337 1998 majores
1361 1940 1478 1985 nostros.
1506 1931 1731 1987 ceremoniarum
1753 1932 1958 2006 tunginum

263 2011 326 2065 dam
347 2031 379 2066 er
397 2012 550 2067 Pontificiis
569 2024 733 2085 agnoscunt.
770 2015 926 2071 Cassander
939 2014 967 2069 in
979 2013 1098 2068 consult.
1110 2022 1113 2109 ἱ
1124 2014 1300 2084 simplicitate
1319 2016 1474 2086 primitivae
1494 2017 1628 2072 ecclesiae
1647 2017 1808 2088 discrepare
1820 2021 1958 2092 conqueri·

262 2103 313 2151 art.
332 2103 378 2153 23:
399 2100 498 2152 Restat
516 2109 547 2153 ut
566 2102 595 2153 in
614 2103 785 2156 ordinandis
804 2110 927 2155 statuum
944 2100 1098 2153 coelibatus
1110 2119 1112 2133 ·
1123 2118 1193 2153 mur.
1221 2101 1358 2171 Agnoscit
1370 2102 1398 2156 id
1411 2102 1501 2171 ipsum
1515 2101 1670 2158 Cassander
1682 2103 1711 2157 in
1724 2105 1959 2161 consultanti:

262 2184 404 2237 relaxetur
434 2193 459 2238 et
488 2203 564 2241 more
593 2188 694 2240 veteres
723 2189 856 2242 ecclesiae
883 2196 907 2241 et
934 2188 988 2240 luc
1012 2136 1284 2253 marselFatcndnm
1302 2196 1356 2251 est,
1380 2189 1507 2242 noadiae
1529 2205 1589 2241 esse
1608 2189 1792 2255 traditiones,
1815 2191 1847 2244 in
1866 2192 1959 2262 quise
1989 2240 1996 2259 ,

263 2270 454 2324 orientialium
477 2272 660 2326 ecclesiaram
682 2274 791 2327 lassasti
813 2291 920 2342 quoquc
944 2273 1042 2325 mariti
1058 2273 1099 2323 ad
1124 2273 1160 2324 ab
1184 2275 1325 2341 aequante
1348 2281 1373 2326 et
1400 2281 1487 2326 ruente
1506 2274 1640 2328 ecclcsiae
1660 2276 1696 2327 al
1714 2276 1859 2344 imperitis
1877 2286 1903 2331 et
1919 2296 1959 2330 su·

264 2357 398 2410 ccclesiae
409 2358 593 2412 ministerium
605 2360 800 2415 admittuntur.
831 2358 982 2429 Gajetanus
994 2363 1058 2411 tom.
1077 2364 1097 2411 Ι.
1120 2359 1291 2426 perstitistis
1315 2360 1495 2412 ecclesiarum
1514 2362 1673 2428 praefectis
1689 2378 1833 2416 recessum
1852 2373 1907 2431 est,
1931 2373 1959 2417 st

263 2459 349 2512 opusc
382 2449 461 2499 tract.
493 2450 537 2499 17:
567 2446 628 2498 Diu
656 2446 736 2499 licerit
763 2447 792 2498 in
820 2446 940 2499 ccclesia
964 2444 1100 2498 orientali
1125 2446 1160 2497 de
1186 2444 1269 2498 nimis
1296 2462 1395 2499 senem
1422 2448 1564 2501 exactione
1590 2448 1766 2516 jejuniorum
1791 2457 1820 2503 et
1838 2450 1996 2504 nioman

264 2532 429 2585 contrahere
445 2540 508 2601 post
529 2533 745 2588 ordinationem.
775 2533 927 2603 Gregorius
940 2532 974 2587 de
986 2531 1096 2588 Valent.
1125 2530 1241 2599 delectu,
1261 2532 1325 2585 dem
1344 2533 1483 2587 coelibatu
1502 2551 1607 2598 eorum,
1626 2535 1676 2603 qui
1694 2536 1960 2590 nimistemerrscse

263 2615 311 2671 lib.
331 2617 365 2671 de
383 2617 480 2672 coelib.
496 2637 525 2689 p.
537 2625 583 2675 59:
604 2619 774 2688 Glitovaeus,
787 2619 999 2687 qrricoclibatus
1011 2618 1099 2685 lepem
1125 2620 1167 2670 ad
1185 2619 1351 2673 coelibatum
1371 2622 1597 2690 astitrinasrunt,
1616 2625 1653 2675 de
1671 2623 1742 2676 uotis
1762 2625 1960 2678 metam

263 2712 373 2757 strenue
383 2705 536 2767 (Intendere
554 2705 648 2771 uoluit,
660 2713 752 2773 perlat,
772 2705 860 2774 lepem
875 2706 1028 2758 coelibatus
1036 2705 1098 2774 pri·
1124 2711 1151 2757 ot
1174 2705 1293 2774 reliquis
1317 2707 1350 2759 id
1368 2724 1462 2775 penus.
1502 2709 1681 2762 assentimur
1696 2707 1887 2778 Aupoetanae
1902 2727 1960 2764 eoa-

265 2806 337 2841 mum
354 2790 446 2852 fecisse
463 2807 482 2841 a
504 2789 609 2843 Siricis
622 2807 714 2859 papa,
734 2792 785 2844 lice
805 2798 844 2843 est
863 2790 976 2844 circiter
995 2808 1099 2843 annum
1124 2791 1252 2857 sessioni,
1271 2809 1335 2845 cum
1350 2794 1401 2856 ait,
1420 2795 1446 2846 si
1463 2794 1592 2862 episcopi
1609 2794 1660 2847 los
1677 2794 1792 2864 aarum,
1808 2797 1959 2866 praecipue

264 2877 329 2930 390.
353 2876 500 2928 inventam.
536 2874 742 2931 Invocationem
764 2882 922 2931 sanctorum
943 2876 1099 2947 primitivae
1125 2876 1175 2944 qui
1191 2877 1304 2930 musam
1322 2884 1348 2930 et
1366 2878 1442 2931 alias
1456 2887 1554 2947 partes
1575 2880 1668 2933 diuini
1683 2880 1777 2933 araus
1792 2881 1959 2944 inuasernmt,

264 2959 398 3014 ecclesiae
420 2961 609 3031 apostolorum
634 2962 803 3032 temporibus
821 2962 960 3033 proximae
976 2962 1098 3033 ignotam
1124 2962 1320 3028 caruissent,
1344 2964 1436 3018 minus
1454 2982 1527 3018 nrsnc
1543 2974 1613 3018 esset
1634 2965 1861 3036 animuum,
1880 2982 1960 3037 nsque

264 3044 350 3100 fuisse
367 3046 470 3101 fatetur
488 3047 587 3101 Eccius
604 3047 633 3102 in
653 3047 785 3103 enchirid.
804 3066 827 3104 c.
842 3048 876 3102 de
889 3065 982 3105 vener.
996 3054 1098 3102 sanet:
1124 3057 1233 3103 tantum
1256 3052 1408 3105 monendos
1433 3058 1458 3104 ct
1477 3053 1622 3119 repandae
1639 3060 1788 3121 putansa,
1813 3061 1846 3106 ut
1864 3055 1960 3106 alasse

265 3133 330 3185 Non
352 3133 446 3200 licuit,
470 3133 573 3203 inquit,
598 3135 729 3188 inuocare
753 3144 865 3188 sanctos
890 3136 920 3187 in
935 3135 1099 3205 primordio
1125 3136 1278 3203 ccrripant,
1296 3153 1393 3190 oerum
1412 3137 1496 3190 etiam
1514 3145 1545 3189 ut
1563 3137 1694 3204 antiquos
1706 3137 1819 3205 aliquot
1832 3140 1959 3194 scalenus

264 3219 397 3273 meletias
424 3221 453 3273 in
481 3222 517 3273 N.
548 3221 583 3291 Τ.Ι
603 3238 638 3274 nc
665 3221 780 3288 persides
803 3237 899 3274 recens
922 3221 1048 3275 conrasi
1069 3237 1099 3274 se
1123 3221 1195 3274 ritus
1220 3230 1246 3273 et
1270 3239 1361 3275 mores
1381 3239 1435 3290 per
1458 3222 1685 3290 propressicnem
1704 3230 1730 3275 et
1752 3223 1957 3278 inclinationem

263 3306 364 3357 iterum
387 3308 428 3359 ad
452 3307 647 3361 idololatriam
671 3308 771 3361 induci
783 3314 957 3376 paterentur.
993 3307 1098 3377 Purga·
1126 3307 1258 3375 temporis
1284 3307 1421 3361 obsoletos
1444 3315 1470 3360 et
1494 3308 1653 3359 immutatos
1671 3310 1806 3360 reuocari
1821 3311 1956 3363 duranni

264 3391 327 3444 terii
351 3391 504 3447 doctrinam
528 3409 707 3448 essenorum
726 3411 760 3448 ac
780 3393 888 3464 priscae
907 3393 1039 3448 ecclesiae
1059 3392 1098 3447 in·
1125 3391 1206 3447 Corn.
1233 3391 1362 3463 Agrippa
1387 3393 1423 3447 de
1446 3393 1529 3447 venit.
1555 3392 1686 3448 sciente
1715 3400 1762 3448 ὅδε
1790 3395 1866 3448 Plus
1881 3396 1956 3449 lodie

264 3477 413 3547 cognitam
425 3478 654 3549 agnoscitEpisc.
665 3478 802 3533 Roffensis
812 3485 863 3533 art.
877 3484 915 3535 18.
926 3479 989 3533 adv.
999 3478 1098 3534 Imm:
1124 3487 1278 3532 asserantur
1296 3478 1453 3532 Cirr-istium·
1469 3497 1554 3547 parim
1572 3479 1639 3532 olim
1652 3479 1764 3532 diedesi
1775 3483 1955 3535 aasentias

265 3565 352 3629 Lapat
374 3564 483 3633 (inquit)
502 3566 552 3632 qui
568 3565 633 3618 uelit
648 3565 823 3628 Graecorum
830 3573 948 3633 patrum
965 3583 1098 3619 commen·
1124 3565 1343 3618 cercmonicrum
1362 3563 1476 3632 lapibus
1517 3564 1634 3617 Possunt
1652 3563 1733 3632 plura
1750 3565 1913 3634 hujusmodi
1926 3583 1952 3620 ex

264 3649 355 3701 turios
378 3657 403 3702 et
426 3643 535 3703 nulla-m
557 3659 689 3718 meantum
714 3652 826 3721 opinior
850 3660 898 3705 aut
919 3652 1098 3704 sarnanum
1110 3662 1112 3675 ⁴
1124 3647 1277 3703 Pontificiis
1300 3650 1480 3718 scriptoribus
1498 3648 1590 3704 afferri
1610 3650 1784 3718 testimonia,
1808 3652 1840 3706 in
1861 3652 1953 3723 quibas

261 3735 428 3803 purpatarii
452 3738 614 3790 musmonem
640 3737 766 3790 inueniet.
811 3737 869 3790 Sed
894 3753 980 3804 sicque
1003 3738 1100 3790 Latini
1124 3734 1284 3805 dogmatum
1308 3740 1337 3788 et
1359 3734 1462 3788 rituum
1480 3752 1592 3790 suorum
1609 3735 1774 3805 novitatem,
1804 3744 1954 3792 neruorum

264 3821 349 3874 sirnul
367 3839 460 3875 omnes
480 3823 564 3892 liujus
581 3824 625 3876 rei
640 3825 782 3877 veritatem
800 3832 991 3892 conceperunt,
1011 3840 1098 3892 nemis
1124 3838 1188 3876 vero
1207 3837 1269 3875 cum
1291 3821 1407 3890 antiqua
1425 3821 1543 3876 ecclesia
1560 3821 1782 3876 conformitatem
1795 3831 1954 3894 agnoscam,

265 3913 322 3959 tam
342 3910 503 3962 necessaria
525 3911 584 3973 fuit
602 3910 767 3979 primitivae
786 3909 919 3962 ecclcsiae
934 3910 1101 3978 purpatorii
1124 3907 1172 3960 sed
1197 3906 1265 3960 haec
1292 3906 1329 3961 ad
1352 3906 1502 3976 specialem
1519 3905 1690 3976 singularum
1710 3909 1955 3964 conmoversiamm

259 3994 335 4063 fides
352 4001 436 4064 atque
453 4013 526 4049 nune
546 4003 593 4060 est,
610 4012 644 4048 ec
660 4013 717 4064 pia
731 3997 837 4064 pendet
851 3996 941 4047 omnis
954 3995 1098 4062 indulpen·
1123 3993 1251 4063 exegesin
1270 3992 1440 4047 commodius
1457 3991 1622 4047 reseruntur.

263 4080 365 4134 tiarum
383 4082 560 4150 aristimatim
577 4082 622 4134 lu's
640 4082 711 4134 enim
727 4082 755 4133 si
771 4081 879 4136 nullum
891 4082 982 4147 fuerit
994 4098 1098 4150 puerpu-
1159 4083 1216 4135 207.
1254 4080 1411 4132 Membrum
1436 4080 1555 4135 tertium.
1592 4078 1664 4134 Num
1689 4077 1826 4136 ecclesiae
1844 4092 1999 4152 sumgar·

263 4167 379 4234 tarium,
407 4167 479 4220 nilil
510 4167 703 4234 indipctimus.
751 4165 978 4236 Contemplemur
1003 4168 1098 4235 ipitur,
1122 4167 1192 4220 licae
1216 4165 1455 4237 consanguinitate
1480 4164 1622 4220 doctrinae
1646 4182 1709 4219 cum
1731 4167 1823 4220 veteri
1845 4167 1974 4232 ecclesia.

258 4255 456 4323 purpurariam
479 4254 650 4323 ali'qrsandiu
676 4253 846 4322 incopnitum
859 4254 969 4321 sitisse,
995 4255 1096 4307 deinde
1122 4253 1310 4323 apostolorum
1343 4251 1514 4322 temporibus
1544 4252 1671 4322 proxima
1699 4251 1756 4305 sint
1784 4255 1971 4325 conjunctae

262 4340 430 4406 astundam
438 4340 611 4408 pedetentim
620 4340 726 4407 partim
742 4356 773 4391 er
787 4339 1013 4403 revelationibus,
1027 4359 1096 4409 par·
1123 4340 1181 4396 Nos
1207 4345 1366 4394 constanter
1383 4339 1451 4393 illud
1470 4338 1642 4393 affirmamus
1660 4355 1693 4392 ac
1713 4338 1740 4392 in
1760 4338 1883 4411 siugulis
1899 4356 1956 4396 eon·

262 4427 311 4478 tim
332 4443 364 4479 er
383 4425 540 4494 Scripturis
559 4425 697 4478 creditum
713 4425 805 4487 fuisse
823 4431 849 4476 et
861 4432 918 4476 tam
930 4440 992 4479 sero
1005 4429 1097 4495 copni·
1123 4426 1262 4481 trorersils
1286 4442 1449 4481 conmnsum
1473 4425 1551 4479 illum
1570 4425 1712 4479 doctrime
1728 4425 1996 4492 demonstrantium

263 4519 319 4565 tam
336 4519 388 4566 etc.
425 4509 626 4566 Cassander'in
644 4509 761 4565 consult.
774 4516 824 4564 art.
838 4510 874 4565 de
888 4510 983 4565 missa:
1008 4513 1097 4582 Usque
1123 4512 1308 4567 Bellarminus
1334 4517 1429 4565 canna
1456 4511 1646 4565 demonstrare
1673 4510 1782 4578 nititur,
1809 4529 1864 4565 nas
1890 4513 1978 4566 talia

262 4601 303 4650 ad
325 4598 491 4651 hodiernum
516 4599 590 4650 diem
611 4614 752 4665 nunquam
769 4597 801 4649 in
825 4597 941 4650 ecclesia
965 4607 1097 4654 stanuum
1119 4615 1303 4668 propsspnare
1324 4599 1471 4664 dopmata,
1495 4613 1566 4665 quae
1585 4597 1616 4648 in
1633 4595 1752 4649 ecclmia
1771 4599 1893 4666 antiqua
1908 4615 1956 4668 pro

261 4685 335 4751 fuit,
360 4686 499 4751 quamodo
522 4690 636 4737 nostrae
656 4699 755 4752 preces
779 4685 976 4751 defunctorum
995 4687 1098 4740 animis
1123 4684 1277 4753 inploratis
1296 4683 1459 4735 haeresibus
1476 4683 1584 4748 frurint
1601 4683 1706 4750 lsalitu,
1724 4700 1780 4749 orso
1798 4685 1857 4745 fine
1871 4684 1957 4739 corol-

258 4773 396 4839 prodesse
410 4771 527 4840 mesine,
544 4772 597 4823 sed
615 4770 705 4832 firmae
722 4786 825 4824 marrim
845 4771 1030 4824 testimonium
1051 4792 1097 4826 ca·
1124 4770 1181 4823 lam
1205 4769 1307 4837 ripinti
1324 4770 1482 4822 haeresium
1500 4769 1565 4821 teuit
1586 4782 1702 4838 eamque
1718 4767 1800 4822 nobis
1820 4769 1957 4840 imponere

262 4859 357 4912 ritulis
374 4866 486 4912 riostrae
504 4875 573 4924 erpa
590 4860 739 4922 defunctos
758 4865 784 4910 et
802 4858 921 4911 articuli
933 4858 1097 4912 immortali·
1123 4855 1234 4926 satagit.
1269 4854 1373 4922 Primo,
1392 4855 1489 4926 inquit,
1509 4855 1669 4909 Simoniani
1686 4855 1833 4922 docebant,
1853 4853 1995 4945 εαὶοωίἒ·

263 4946 330 4999 tatis
359 4946 471 4998 animae
500 4953 524 4998 et
553 4963 701 5015 corporum
731 4945 947 4997 ressurectionis
966 4947 1097 5012 saturos.
1123 4943 1245 4996 lomincs
1264 4943 1421 4995 ¹acciendum
1445 4942 1568 5008 qratiam
1592 4940 1729 5005 Simonis,
1762 4957 1845 5008 quem
1869 4945 1978 4996 Deam·

263 5031 374 5088 Cultum
400 5031 553 5103 imaginum
578 5033 687 5101 priscae
710 5031 845 5087 ecclesiae
864 5030 951 5085 nasse
973 5031 1097 5102 ignotum
1122 5029 1267 5093 faciebant
1287 5035 1312 5080 et
1330 5045 1384 5081 non
1403 5029 1554 5080 secundum
1573 5043 1675 5095 operae
1687 5025 1796 5094 justas.
1829 5026 1958 5084 hemena

263 5124 418 5189 agnoscunt
434 5118 548 5188 quidam
560 5134 593 5172 er
606 5117 768 5172 Pontificiis.
795 5117 927 5171 Erasmus
938 5116 967 5170 in
978 5116 1097 5173 salecha
1109 5120 1112 5157 l
1123 5115 1170 5169 lib.
1187 5120 1208 5170 1.
1219 5131 1243 5169 c.
1258 5118 1303 5168 tt:
1323 5113 1496 5167 Eunomiani
1507 5111 1637 5165 similiter
1650 5111 1794 5175 decebant,
1813 5132 1870 5167 non
1878 5130 1959 5184 posse

268 5205 356 5273 Usque
380 5207 421 5259 ael
442 5212 568 5273 tempora
592 5204 761 5272 Hieronymi
787 5203 923 5271 prolatae
949 5162 1230 5270 reliyionisllsomini
1248 5200 1311 5254 ulla
1329 5216 1428 5253 nocere
1445 5201 1574 5268 peecata,
1594 5200 1677 5252 modo
1693 5199 1779 5261 fidem
1790 5199 1903 5268 meat,
1922 5205 1958 5254 lc

263 5291 318 5343 oiri
339 5293 476 5358 serenent,
503 5290 553 5358 qui
577 5290 685 5342 malmin
710 5287 1039 5365 famulantimapinem,
1063 5258 1165 5351 nelste
1188 5285 1348 5357 Augustino
1372 5285 1407 5339 de
1425 5284 1531 5340 haeres.
1551 5302 1575 5340 c.
1596 5291 1635 5339 54.
1656 5284 1696 5337 As
1714 5284 1784 5337 laec
1804 5286 1905 5341 eadem
1923 5293 1960 5339 est

263 5375 354 5443 ipsius
372 5377 485 5444 psirkm
505 5374 618 5430 Christi.
648 5370 970 5429 Cmsanderinconault.
989 5379 1077 5428 arti}
1090 5394 1096 5427 ι
1110 5373 1261 5426 'sententia
1290 5370 1410 5423 omnium
1439 5372 1629 5425 sectariorum.
1672 5369 1777 5424 Eodem
1803 5371 1888 5426 modo
1913 5387 1959 5426 nos

265 5460 377 5514 Certum
394 5470 444 5524 est,
463 5463 546 5516 initio
563 5461 725 5530 praecineti
745 5458 886 5525 eoanpcls'i
904 5466 930 5511 et
950 5460 1097 5527 aliquanto
1123 5457 1308 5513 calumniatur
1328 5455 1501 5512 ‘'costerus
1518 5455 1547 5510 in
1565 5454 1666 5511 enchir.
1688 5471 1711 5509 c.
1731 5459 1755 5509 2.
1775 5473 1804 5525 p.
1826 5462 1868 5514 ts.
1888 5459 1960 5513 Bea-

264 5553 388 5616 tempore
407 5554 472 5614 past
488 5547 643 5615 imapinum
660 5561 741 5598 usum
757 5561 814 5597 non
823 5545 925 5611 fuisse,
944 5552 975 5597 ut
987 5560 1021 5597 ea
1035 5545 1098 5599 Ole-
1123 5552 1177 5612 tus,
1194 5541 1330 5613 iuquiens,
1350 5542 1522 5610 Aupustinus
1539 5541 1612 5595 inter
1629 5540 1757 5595 hareses
1770 5542 1913 5598 Eunomii
1922 5559 1960 5597 rs·
