4004 6022
722 110 774 166 nn
792 106 915 167 sacua
932 108 1067 168 sanun
1226 74 1235 89 ’
1681 82 1754 181 'loo‘

32 260 373 333 “animisnostris
386 261 768 333 diqemmeersstimarent.
794 265 887 329 Quare
913 265 1052 336 quandem
1076 264 1161 321 divini
1184 264 1276 322 cultus
1293 264 1364 322 illnd
1380 262 1532 345 contituit
1565 262 1626 325 Nee
1641 284 1744 339 norum

26 349 373 405 antecommissorum
391 350 591 415 catechumeni,
618 351 805 420 eaerqumeni,
820 367 887 421 poe·
912 350 1012 420 solum,
1034 351 1083 407 sed
1100 358 1129 407 et
1145 350 1348 409 idololatricam
1366 358 1410 409 est
1426 351 1503 409 istud
1519 348 1636 425 festum,
1658 360 1691 410 ut
1711 370 1745 410 ex

21 434 187 505 niumm,
212 437 331 507 deumne
355 453 411 490 non
433 437 664 491 communicantes
688 437 804 490 diaconi
823 452 887 489 uoce
913 436 1099 507 superioribus
1122 445 1249 494 constare
1272 444 1373 511 potsse
1414 437 1455 493 At
1477 438 1579 510 probat
1601 438 1745 496 Bellnrmi·

19 524 83 570 et
106 521 287 576 ostiariorum
308 522 461 577 ministerio
480 523 701 577 recludebantur.
740 522 831 587 Qum
848 522 887 574 ui·
912 540 978 593 nus,
999 524 1117 597 optimas
1137 524 1257 580 rationes
1276 523 1362 579 fuisse
1380 525 1441 594 ejus
1459 523 1523 580 sesti
1543 524 1745 595 introducendi,

20 602 137 662 detur
160 608 206 662 bic
232 607 500 678 circuchstatianis
525 626 591 662 riuis
608 609 681 662 citra
700 625 785 679 praue
806 607 888 662 eccle·
912 628 1029 683 quarum
1049 609 1119 666 dnae
1137 616 1203 664 sunt
1219 610 1402 682 praecipuae:
1432 615 1457 668 1.
1475 620 1505 664 ut
1519 612 1645 683 papulus
1667 612 1746 670 Obri-

14 696 116 748 *a‘ae
149 697 295 764 damnum,
329 696 385 749 ima
416 712 479 748 cum
510 696 599 767 ipsius
624 695 718 764 lucra,
754 695 782 748 si
805 695 888 748 mado
913 698 1021 751 stianus
1041 699 1104 751 Dea
1120 696 1230 766 qratios
1247 705 1341 766 aqcret
1358 697 1392 750 ab
1412 703 1518 751 tantum
1537 706 1562 751 et
1579 706 1637 753 tam
1653 699 1745 769 sinqu-

23 774 127 849 OEB)
148 783 183 836 id
202 783 360 852 prrsdenter
374 783 436 852 fiat,
455 781 547 835 amitti
556 797 650 851 posse,
671 798 733 835 cum
750 789 776 834 et
794 796 889 834 reeens
915 783 976 837 lare
1002 783 1161 845 beneficium
1181 783 1259 837 nobis
1277 783 1446 852 impensum
1472 785 1498 839 2.
1519 791 1548 837 ut
1563 784 1686 855 papulus
1706 785 1746 839 in-

23 870 94 922 *it
111 876 137 923 et
156 868 209 922 diu
226 869 287 922 sine
305 886 338 922 ea
357 867 613 939 circumqestatiane
631 874 805 921 sacramenta
822 882 889 919 suus
914 877 1039 923 struatur
1057 870 1134 923 circa
1153 869 1284 939 mysteria
1304 869 1375 933 fidei
1391 877 1504 924 nostrae
1520 878 1546 922 et
1567 886 1661 925 aarum
1678 870 1747 923 assi·

32 946 146 1017 'aanor
169 954 322 1010 constitirit
344 962 370 1009 et
396 953 479 1015 badia
502 962 629 1009 constare
641 955 740 1023 possit.
775 953 888 1007 Deinde
914 958 970 1010 due
987 957 1165 1025 recordetur,
1186 956 1357 1025 praesertim
1376 958 1489 1025 quando
1509 973 1542 1009 ea
1561 955 1691 1025 mysteria
1711 957 1747 1010 ab

42 1060 120 1096 eum
146 1043 230 1096 badia
254 1041 418 1113 plerumque
446 1059 502 1095 nan
531 1040 673 1095 deuotioni
692 1040 808 1111 papuli,
839 1040 890 1092 sed
914 1041 1063 1096 haereticis
1086 1049 1293 1112 appuqnuutur.
1330 1040 1556 1113 Respondemus:
1584 1040 1613 1098 si
1630 1041 1659 1096 in
1676 1041 1747 1097 festa

30 1144 177 1200 Jsampae
206 1127 297 1197 maqis
321 1135 346 1180 et
375 1125 551 1205 ostentationi
575 1126 697 1191 seruiat,
725 1127 819 1196 itaque
845 1124 890 1178 air
915 1127 1036 1197 eorporis
1055 1124 1154 1181 Christi
1172 1125 1241 1182 haec
1258 1126 1449 1181 tantummodo
1466 1126 1577 1193 fierent,
1602 1144 1683 1183 nemo
1700 1144 1747 1183 no·

56 1215 160 1269 summi
179 1214 286 1284 iudicii
307 1213 439 1268 ailbertus
459 1211 594 1266 Grunnius
618 1212 648 1266 in
672 1230 725 1265 ssia
741 1210 891 1280 metropoli
915 1218 1001 1267 snum
1027 1212 1086 1283 ejus
1111 1211 1321 1268 celebrationem
1347 1212 1525 1284 improbaret.
1570 1213 1650 1269 Sicut
1671 1215 1748 1268 ardi-

54 1301 209 1356 Nicolaum
231 1301 371 1355 Cusanum
394 1299 516 1369 leqatum
538 1315 595 1370 per
618 1298 800 1352 Germaniam
828 1296 889 1350 lau·
915 1300 959 1353 nis
984 1299 1081 1368 qratia
1109 1298 1210 1370 (inquit
1235 1297 1421 1365 Chemnicius)
1445 1308 1519 1354 tatus
1541 1319 1631 1355 annus
1650 1301 1747 1355 distri·

60 1388 122 1451 dat,
148 1387 199 1456 qui
221 1386 335 1439 abusum
357 1385 528 1439 sacramenti
546 1384 732 1439 eucharistiae
756 1385 786 1437 in
807 1383 890 1437 nimie
916 1386 995 1440 butus
1022 1393 1061 1438 est
1089 1385 1118 1438 in
1145 1392 1223 1438 certa
1247 1386 1388 1454 quaedum
1414 1385 1505 1453 festa,
1540 1404 1611 1457 quae
1640 1387 1749 1442 utiliter

47 1473 201 1543 frequenti
222 1473 283 1542 ejece
300 1490 356 1542 per
373 1472 502 1540 sinqulas
517 1472 612 1539 fers'ae
632 1469 889 1538 circuchstatione
916 1474 957 1526 ad
997 1471 1219 1540 aedificationem
1254 1472 1358 1541 papuli
1393 1474 1473 1542 apud
1509 1491 1560 1528 nas
1593 1480 1748 1542 emantur,

59 1559 201 1613 muteris
221 1567 246 1611 et
263 1559 451 1625 constituerit,
478 1564 510 1611 ut
527 1558 585 1611 nisi
600 1558 673 1611 inter
693 1565 804 1611 octavae
819 1555 892 1620 festi
915 1565 945 1609 ut
974 1557 1081 1610 scilicet
1105 1557 1259 1627 praecipui
1287 1557 1404 1611 articuli
1429 1559 1499 1623 fidei
1522 1558 1622 1612 ordine
1652 1558 1749 1628 aliqua

58 1653 232 1701 saramania
262 1645 388 1698 dedicati
415 1645 444 1697 in
470 1643 612 1713 publicum
636 1661 692 1697 nan
720 1645 889 1708 deferretur,
913 1643 1019 1714 popula
1041 1661 1093 1713 per
1116 1661 1218 1696 annum
1237 1645 1362 1714 propani
1368 1685 1374 1710 ,
1397 1646 1489 1715 repeti
1506 1653 1532 1699 et
1553 1652 1651 1701 cantra
1667 1661 1749 1715 quae·

59 1734 194 1803 additque
212 1733 286 1785 idem
304 1731 437 1785 Albertus
455 1730 661 1784 memorabilem
673 1746 796 1798 causam,
814 1728 890 1798 quia,
915 1732 958 1783 uis
993 1729 1167 1799 corruptelae
1201 1729 1320 1782 retineri
1354 1730 1476 1800 possint,
1521 1736 1605 1801 utque
1649 1730 1749 1801 fideles

58 1820 165 1890 inquit,
198 1819 260 1887 ejus
291 1816 461 1871 sacramenti
483 1834 550 1869 usus
575 1834 593 1869 a
619 1814 732 1869 coelesti
755 1815 889 1883 maqistra
916 1823 1081 1869 maneantur
1099 1823 1124 1869 et
1141 1816 1292 1869 excitentur
1310 1818 1352 1869 ad
1368 1816 1576 1870 carmidcranda
1598 1816 1658 1871 Dei
1673 1816 1750 1871 bene·

57 1908 200 1960 instinctus
218 1913 257 1959 est
278 1907 318 1957 ad
336 1922 428 1972 issum,
452 1921 507 1958 nan
526 1903 735 1956 ostentationem
754 1900 837 1969 (NB),
856 1902 891 1954 de
910 1903 997 1971 ficia,
1020 1903 1055 1955 de
1080 1901 1178 1971 quibus
1202 1902 1320 1954 articuli
1343 1902 1391 1956 elli
1407 1904 1483 1972 fidei
1506 1902 1707 1958 concionantur
1724 1911 1751 1957 et

57 1994 119 2063 ipsa
137 1975 203 2045 cera
223 1991 297 2057 festa
316 1998 418 2043 eertum
437 1997 485 2058 est,
503 1988 580 2044 illud
595 1989 630 2042 ab
649 1989 760 2042 Urbana
777 2006 832 2041 nan
850 1988 891 2040 ud
918 1990 979 2041 Dea
997 2004 1055 2056 pro
1080 1988 1138 2040 illis
1165 1988 1301 2047 beneficiis
1326 1988 1356 2040 in
1379 1987 1497 2041 eustasio
1517 2006 1620 2058 maqna
1637 1989 1750 2057 qratiue

58 2078 343 2147 circumqeetatianem
365 2076 535 2144 institutum,
570 2077 622 2129 sed
647 2075 687 2127 ad
712 2074 891 2127 celebriorem
917 2080 1053 2141 aqantur5
1067 2073 1109 2125 ita
1127 2072 1201 2126 nulli
1214 2073 1329 2142 piarum
1348 2073 1563 2143 improbaretur,
1581 2074 1609 2127 si
1620 2081 1749 2143 praeter·

58 2172 220 2220 concentum
245 2171 271 2217 et
295 2171 325 2216 ut
349 2163 473 2216 homines
493 2179 548 2232 per
562 2161 679 2231 pietatis
697 2177 785 2229 opera
803 2159 846 2214 ita
862 2177 892 2214 se
917 2177 1000 2230 quam
1018 2160 1095 2229 quad
1111 2175 1219 2229 semper
1235 2158 1361 2211 amnibus
1380 2158 1475 2211 diebus
1491 2159 1566 2212 illud
1581 2158 1646 2223 deri
1662 2157 1748 2224 debet,

53 2257 247 2324 praeparent,
277 2267 331 2318 qua
359 2250 441 2319 liujus
460 2248 580 2318 pretiosi
601 2247 770 2300 sacramenti
792 2263 823 2300 eo
844 2247 891 2300 die
917 2243 1028 2299 ardinio
1046 2243 1143 2312 qratia
1162 2251 1237 2297 certa
1256 2245 1326 2296 anni
1344 2252 1466 2314 tempore
1484 2243 1601 2298 ecclesia
1610 2245 1748 2313 frequen·

53 2336 213 2409 participes
242 2337 306 2400 fieri
331 2343 412 2405 utque
440 2335 532 2406 ipsum
566 2339 723 2387 reverenter
752 2333 891 2404 accipere
917 2330 972 2384 tisis
988 2331 1145 2385 conueniret
1163 2336 1189 2383 et
1209 2330 1239 2383 in
1254 2329 1305 2384 illo
1320 2337 1452 2384 conuentu
1467 2331 1599 2385 doctrina
1615 2326 1748 2385 decom

59 2430 226 2478 mereantur.
274 2422 321 2474 lta
356 2422 428 2474 enim
464 2420 564 2474 babent
598 2419 681 2473 uerba
712 2419 825 2487 decreti,
851 2420 893 2472 ad
920 2416 1037 2471 Domini
1056 2418 1135 2485 justa
1159 2417 1293 2471 tructione
1314 2416 1480 2488 simpliciter
1502 2424 1528 2470 et
1552 2416 1629 2470 clare
1643 2434 1747 2489 propo-

59 2512 139 2581 quod
156 2509 310 2562 institutum
326 2507 355 2559 si
369 2508 516 2577 redeatur,
542 2504 585 2560 nil
596 2512 668 2575 puto
683 2505 750 2572 fore
767 2505 892 2561 absurdi.
918 2511 1038 2572 neretur,
1056 2519 1150 2556 amnes
1162 2503 1339 2575 corruptelae
1346 2505 1500 2574 puritatem
1512 2503 1591 2558 illius
1603 2503 1749 2558 doctrinae

58 2597 140 2653 Haec
160 2594 315 2651 Cassander
333 2599 360 2649 et
381 2610 444 2649 vere
463 2598 492 2648 et
508 2591 656 2648 moderate.
918 2589 1137 2643 contaminantes
1148 2591 1339 2655 refutarentur
1350 2598 1375 2643 et
1389 2592 1606 2644 admonerentur
1617 2589 1749 2659 domines,

96 2686 157 2738 202.
184 2679 299 2736 Consilii
323 2677 479 2734 Tridentini
505 2679 540 2733 de
562 2677 615 2733 hoc
637 2676 709 2732 festo
730 2675 787 2732 tale
804 2681 893 2732 exstat
918 2683 1050 2747 quantum
1066 2676 1228 2731 thesaurum
1246 2676 1378 2730 eccleciae
1400 2676 1527 2731 Christus
1544 2676 1574 2729 in
1588 2682 1747 2730 testamenta

13 2821 24 2831 ,
61 2769 203 2824 decretum
227 2783 293 2823 sess.
317 2770 355 2820 te.
373 2782 397 2820 e
414 2770 446 2820 5:
481 2764 624 2817 Declarat
643 2770 743 2817 sancta
760 2764 893 2834 modus,
918 2780 969 2816 areo
987 2762 1096 2831 leqarit,
1110 2779 1166 2833 pro
1182 2761 1319 2827 beneficiis
1331 2762 1398 2829 dtis,
1411 2779 1483 2832 quae
1497 2780 1583 2817 caena
1594 2759 1750 2817 Dominica

10 2834 17 2892 's
55 2855 109 2926 pie
136 2854 208 2907 buna
229 2869 334 2906 marem
356 2859 382 2905 et
408 2851 539 2920 reliqiase
557 2851 710 2904 admodum
727 2849 758 2903 iu
775 2849 835 2903 Dei
852 2864 892 2901 ec·
919 2847 1023 2904 exbibet
1042 2856 1068 2902 et
1084 2849 1201 2913 confert,
1221 2844 1331 2903 Christo
1350 2848 1490 2903 salvatori
1501 2849 1655 2921 qratiaein
1666 2848 1749 2903 ecch

10 2916 33 2995 ld
60 2940 178 2995 clessam
195 2940 337 3010 inductum
350 2938 453 3006 fuisse,
473 2944 504 2990 ut
521 2936 642 3004 sinqulis
660 2935 743 2989 annis
750 2934 895 3005 peculiari
919 2937 963 2989 sia
982 2938 1252 3004 operimentorum
1272 2934 1442 3004 neqliqentia
1459 2935 1646 2990 invitarentur
1662 2934 1749 2988 bami-

10 3019 27 3047 ¹'
61 3028 186 3098 quadem
212 3033 237 3078 at
259 3026 334 3092 festa
358 3024 405 3077 die
425 3014 601 3093 praecelsum
624 3022 675 3075 boc
693 3028 720 3074 et
739 3020 894 3074 remeabile
919 3039 967 3077 nce
985 3024 1026 3077 ad
1043 3022 1220 3075 celebriorem
1236 3021 1423 3075 eucharistiae
1438 3040 1517 3076 usum
1531 3039 1586 3092 per
1600 3029 1689 3076 totum
1700 3039 1749 3075 an-

61 3119 266 3168 sacramentum
296 3110 439 3178 sinqulari
466 3109 643 3162 aenuatione
667 3125 701 3160 aa
728 3107 893 3161 solennitate
919 3127 984 3160 num
1002 3112 1054 3163 etc.
1086 3108 1149 3161 Hac
1172 3108 1256 3160 mado
1275 3122 1342 3160 evera
1363 3108 1479 3161 scalada
1501 3116 1633 3179 tanquam
1650 3106 1750 3161 uictrix

61 3200 251 3254 celebraretur
276 3204 359 3266 utque
386 3197 416 3249 in
434 3194 660 3264 processionibus
688 3200 844 3247 reverenter
868 3199 894 3245 et
920 3197 954 3246 dc
981 3193 1127 3246 menelaaio
1152 3199 1178 3246 et
1194 3191 1307 3246 bausci
1318 3193 1462 3264 publicum
1480 3195 1565 3264 quasi
1582 3193 1751 3264 triumphum

60 3286 213 3353 honorifice
234 3283 311 3336 illud
326 3298 379 3351 per
399 3281 460 3335 aias
479 3289 504 3334 et
521 3280 584 3334 loca
597 3280 714 3351 publica
731 3279 893 3341 circumfer·
920 3287 1021 3348 aqeret.
1057 3278 1124 3333 Etsi
1142 3279 1210 3332 baec
1229 3286 1298 3332 esset
1314 3280 1389 3334 ratio
1406 3279 1491 3350 tojm
1503 3281 1582 3349 festi,
1591 3279 1751 3351 petulantia

61 3380 147 3425 retur.
189 3367 373 3424 Bellarminns
400 3365 451 3421 lib.
477 3375 500 3420 t.
527 3365 561 3421 de
585 3365 662 3421 euch.
682 3382 705 3420 c.
724 3371 765 3420 ³0.
784 3364 894 3434 fatetur,
920 3366 1058 3436 qrsaedam
1078 3371 1162 3435 essct3
1181 3364 1395 3420 celebrationem
1415 3367 1475 3435 ejus
1489 3366 1750 3435 odioeeeaaqitare.

59 3457 208 3516 Urbanum
239 3453 290 3510 IV.
322 3452 473 3507 instituisse
499 3451 617 3522 primum
642 3450 744 3507 festum
774 3457 894 3522 carparis
920 3451 998 3507 Haec
1031 3450 1122 3504 omnia
1151 3448 1326 3506 Chemnicius
1358 3452 1521 3523 praevidens
1554 3451 1649 3525 quasi,
1684 3451 1752 3524 quid
1794 3514 1798 3525 Ι

10 3551 43 3595 51.
61 3540 166 3599 Christi
188 3547 217 3595 et
242 3538 382 3593 solennem
407 3538 483 3592 illam
501 3537 718 3608 processionem,
748 3539 827 3607 cujus
849 3536 895 3591 de·
920 3537 1104 3593 Bellarminus
1119 3553 1168 3607 pro
1182 3534 1341 3593 detonsione
1353 3538 1436 3610 hujus
1448 3537 1511 3593 festi
1523 3538 1657 3594 allaturus
1671 3543 1751 3595 esset.

60 3638 168 3686 cretum
192 3625 383 3682 confirmatum
409 3625 445 3678 sit
470 3641 487 3679 a
512 3623 653 3679 Clemente
672 3623 707 3680 V.
733 3623 761 3677 in
779 3621 895 3678 concilia
921 3625 1009 3680 Nemo
1030 3629 1153 3678 nastrum
1173 3623 1313 3694 improbat
1332 3625 1476 3681 conciones
1491 3642 1522 3680 ex
1542 3625 1625 3681 verba
1645 3622 1699 3680 Dei
1717 3624 1753 3681 de

60 3714 228 3782 Viennensi,
265 3712 314 3766 sed
346 3710 439 3779 addit,
473 3711 672 3763 institutionem
703 3709 785 3762 illam
816 3709 895 3764 nullo
921 3709 1084 3766 excellentia
1107 3709 1189 3779 hujus
1215 3710 1394 3781 sacramenti,
1419 3709 1608 3783 invitationem
1632 3711 1667 3765 ad
1690 3727 1752 3783 gru-

60 3804 145 3857 modo
170 3797 340 3868 reprebendi
357 3812 451 3866 passe.
494 3797 570 3849 Nam
593 3804 643 3849 aut
666 3795 896 3865 reprehendenda
921 3797 1022 3852 namn
1042 3796 1177 3851 actionem
1196 3814 1245 3866 pro
1264 3795 1338 3850 illius
1356 3796 1528 3852 institutione
1538 3802 1566 3851 et
1578 3797 1614 3851 ad
1625 3796 1754 3869 frequen·

59 3895 143 3951 esset,
169 3886 236 3956 quia
265 3901 337 3937 nava
360 3890 386 3936 et
410 3883 470 3935 sine
494 3883 628 3936 mandato
658 3883 729 3947 Dei,
759 3882 803 3935 uel
829 3881 896 3950 quia
921 3888 977 3938 tem
994 3883 1118 3952 ejusdem
1135 3899 1223 3946 naum,
1241 3881 1434 3937 refutationem
1452 3882 1683 3954 eonnptelnrum,
1702 3881 1752 3935 sed

58 3975 121 4028 eine
150 3973 232 4041 justa
257 3987 342 4022 causa
370 3969 539 4023 introducta.
584 3969 704 4022 Navitas
729 3986 785 4022 nan
804 3974 897 4037 potest
923 3969 990 4041 quid
1009 3969 1110 4022 sanctis
1131 3968 1288 4039 hujusmodi
1307 3968 1462 4024 actionibus
1481 3986 1624 4025 commune
1636 3975 1679 4025 ost
1689 3985 1752 4023 cum

59 4057 244 4129 reprebendi,
269 4055 364 4110 amnia
390 4056 463 4108 enim
489 4057 567 4119 festa
590 4056 705 4116 fumant
729 4071 815 4122 nava,
847 4071 897 4107 nec
923 4054 1195 4126 circumgeststione,
1222 4056 1406 4111 ostentatione
1435 4062 1463 4111 et
1491 4055 1649 4111 adoratione
1673 4054 1753 4127 penis

58 4147 124 4202 ulla
148 4145 177 4198 in
196 4144 232 4197 N.
260 4143 292 4198 T.
311 4143 487 4196 inueniuntur
505 4142 539 4193 ab
557 4142 618 4210 ipso
638 4138 749 4194 Olristo
769 4140 898 4194 instituta
923 4140 1088 4204 consecrati,
1107 4140 1143 4194 sd
1163 4156 1246 4211 qnam
1265 4156 1320 4195 non
1340 4142 1449 4196 accedit
1466 4159 1532 4196 usus
1551 4158 1568 4196 a
1584 4140 1694 4197 Christo
1712 4141 1752 4195 in·

60 4233 108 4287 ael
141 4233 293 4301 imperata,
323 4236 429 4282 exstant
452 4229 536 4281 etiam
564 4228 689 4298 erempla
716 4226 747 4281 V.
772 4228 803 4279 T.
827 4243 898 4296 qrras
924 4225 1057 4280 stitutus?
1083 4226 1128 4279 Ad
1147 4232 1318 4297 praetextum
1337 4224 1371 4281 de
1385 4226 1575 4283 recolendaet
1588 4225 1754 4282 celebrande

58 4318 185 4391 probant
211 4316 296 4369 licere
321 4314 453 4369 eeclesiae
475 4332 548 4368 noua
565 4315 642 4378 festa
659 4313 808 4367 instituere.
845 4311 898 4366 Re·
924 4311 1054 4367 memoria
1079 4310 1180 4367 Christi
1204 4311 1234 4366 in
1257 4311 1422 4367 eucharistia
1442 4315 1500 4384 jam
1526 4312 1591 4368 olim
1612 4313 1755 4384 respondit

64 4404 249 4477 spondemus:
269 4401 336 4473 qnid
355 4400 384 4454 in
405 4416 505 4472 genere
525 4399 560 4455 de
580 4399 753 4454 institutione
765 4398 897 4454 festarum
924 4396 1109 4461 Chemnicius,
1126 4398 1200 4469 quod
1219 4398 1256 4453 sit
1272 4399 1414 4470 persuasio
1432 4416 1560 4471 pugnans
1572 4398 1756 4453 canusinati-

64 4489 243 4546 stetnendum
274 4487 323 4556 sit,
360 4486 469 4542 erudite
498 4486 611 4558 exponit
636 4486 691 4540 Dn.
723 4483 899 4540 Chemnicius
924 4484 1058 4539 tutionem
1078 4481 1188 4542 Christi.
1223 4483 1348 4540 Christus
1371 4483 1443 4539 enim
1470 4485 1498 4538 in
1518 4482 1684 4540 eucharistia
1701 4500 1755 4538 me·

64 4584 137 4649 part.
166 4582 189 4630 t.
216 4589 302 4629 exam.
330 4589 407 4627 conc.
431 4572 508 4626 Trid.
537 4587 597 4641 cap.
621 4572 656 4627 de
681 4571 779 4627 diebus
803 4571 898 4640 festis,
925 4569 1038 4624 moriam
1062 4568 1104 4623 sni
1131 4569 1249 4625 institnit
1272 4589 1327 4626 non
1351 4569 1589 4641 quomodolibet,
1614 4570 1663 4625 sed
1681 4574 1757 4625 certe
1855 4620 1858 4629 ,

65 4661 134 4735 quid
148 4677 213 4716 vera
232 4660 261 4713 in
278 4658 350 4713 festo
366 4658 489 4729 corporis
509 4656 625 4725 Christi,
646 4664 729 4728 prout
746 4658 775 4712 in
794 4662 899 4730 papatu
911 4690 914 4701 ι
925 4657 1031 4713 ratione
1048 4654 1251 4712 celebrandam.
1285 4655 1339 4711 Illa
1356 4673 1420 4712 vero
1437 4657 1507 4711 ratio
1523 4673 1579 4710 nan
1596 4661 1646 4720 est,
1663 4663 1697 4709 ut
1709 4670 1757 4725 pa·

64 4748 148 4804 hodie
165 4746 334 4804 celebratur.
363 4744 566 4811 desideremus,
587 4744 740 4814 expositum
760 4750 802 4800 est
819 4761 899 4816 supc-
911 4706 914 4815 i
926 4744 968 4798 nis
988 4742 1223 4813 cncnmgestetur,
1244 4742 1347 4815 populo
1364 4747 1534 4814 proponatur
1550 4747 1578 4798 et
1594 4746 1757 4809 ostentetur,

64 4835 129 4889 rius.
173 4832 236 4889 Non
262 4829 388 4886 absolute
414 4846 467 4884 nec
486 4833 595 4883 tentum
617 4834 730 4898 propter
748 4818 975 4897 novitatemlsed
990 4827 1116 4883 Christus
1136 4827 1243 4896 accepit
1257 4845 1377 4898 ponem,
1396 4827 1543 4896 benedicit,
1560 4828 1658 4897 freqit,
1677 4827 1757 4880 dedit

64 4920 167 4976 festum
193 4917 263 4973 illud
280 4917 484 4989 improbamus,
513 4914 561 4970 sed
581 4913 647 4985 quie
663 4921 796 4987 tanquam
812 4934 900 4971 novus
927 4914 1076 4985 discipulis
1101 4914 1159 4966 suis
1186 4913 1295 4967 dicens:
1321 4914 1452 4984 caespite,
1478 4913 1623 4980 comedite,
1646 4913 1698 4966 boc
1718 4921 1757 4966 aet

65 5006 157 5063 cultus
181 5024 199 5061 a
220 5003 373 5060 Pontificiis
400 5003 533 5060 ecelesiae
563 4999 726 5056 obtruditur.
770 5000 902 5073 Disputat
927 5019 1029 5072 corpus
1046 5015 1148 5064 meum,
1171 4999 1222 5053 bac
1238 5001 1326 5062 facite
1344 5003 1375 5055 in
1393 5002 1448 5056 mei
1466 5000 1757 5055 commemorationem.

66 5094 139 5148 enim
168 5091 354 5147 Bellsrminus
381 5090 431 5145 lib.
460 5096 483 5146 3.
515 5090 551 5144 de
583 5087 660 5142 cultu
691 5090 778 5140 sanct.
806 5103 830 5143 c.
861 5094 901 5143 ta.
926 5088 964 5144 Et
983 5086 1088 5142 Paulus
1113 5086 1295 5156 interpretans
1319 5086 1390 5141 hanc
1412 5084 1697 5143 commemorationem
1718 5085 1758 5139 di-

58 5182 142 5250 sceta
174 5179 399 5233 Christianorum
423 5192 483 5230 esse
505 5183 617 5245 partem
645 5173 786 5242 mundam
812 5172 903 5226 diuini
927 5179 999 5229 sente
1018 5172 1100 5228 dicit:
1122 5170 1339 5243 Quotiescunque
1358 5172 1595 5226 manducaveritis
1612 5180 1638 5225 et
1659 5172 1758 5225 biberi·

65 5267 171 5334 adeum
194 5264 265 5319 inter
288 5278 359 5334 qnae
383 5260 456 5316 festa
475 5266 603 5316 numerat
621 5258 705 5316 etiam
715 5261 823 5328 festum
842 5274 901 5310 cor·
928 5259 972 5313 tis.
1009 5258 1132 5314 Infesta
1150 5275 1215 5313 vero
1233 5258 1285 5314 isto
1303 5276 1344 5326 ea,
1362 5275 1433 5329 quae
1452 5256 1577 5315 Christus
1595 5256 1715 5312 instituit
1731 5265 1759 5312 et

61 5352 145 5423 poris
177 5351 284 5407 diruti
315 5348 364 5404 lib.
393 5347 517 5418 ejusdam
548 5362 571 5403 c.
607 5354 644 5404 15.
673 5347 768 5418 sicque
794 5352 899 5418 partem
929 5345 1078 5416 mandarit,
1094 5342 1758 5416 distributioscilicetetsumtio,praetermittun·
