4004 6022
178 269 241 327 448
741 261 863 320 locus
879 257 1081 320 nummus
1091 257 1300 317 'SECUNDUS

179 417 259 486 scopi
274 418 398 486 primum
417 425 443 470 et
459 434 533 486 prae
551 418 675 472 omnibus
695 419 772 489 aliis,
790 419 893 473 demde
912 434 946 470 ne
964 435 1009 470 cu-
1038 424 1130 470 cetera
1148 414 1220 470 cleri
1236 416 1315 484 vitia,
1335 430 1406 483 quae
1418 431 1478 468 cuni
1487 413 1596 484 populo
1610 411 1771 466 communia
1784 411 1871 478 iubet,

180 502 240 555 rati
262 503 386 556 abessent
408 522 427 555 a
453 505 512 557 srvis
537 504 660 557 melesiis
686 514 710 557 et
733 507 881 574 parochiis
904 505 961 558 nisi
978 504 1011 556 ob
1038 511 1197 567 taceantur,
1223 510 1254 555 at
1277 511 1349 556 certe
1371 503 1461 556 libido
1485 501 1539 566 illa
1561 499 1645 553 nimis
1668 498 1761 553 libera
1788 505 1870 567 atque

182 604 295 656 pravam
312 590 438 656 aliquam
457 606 585 651 causam,
609 593 660 643 sed
678 591 860 646 residentiam
878 596 1011 656 forment.
1038 589 1162 651 notoria,
1182 596 1303 657 propter
1322 605 1406 658 mam
1427 589 1452 640 is
1469 604 1542 639 nunc
1556 586 1734 654 potissimum
1751 583 1870 648 infamis

181 675 240 727 Per
260 676 351 727 Deum
369 675 552 728 immortalem
570 679 632 744 quis
649 678 837 731 miserabilior
852 679 912 732 uiro
934 677 1012 733 Obri-
1038 676 1155 728 babetur
1180 693 1198 726 a
1212 674 1295 742 plebe
1313 675 1480 742 irritatoque
1495 672 1603 741 populo
1622 670 1800 725 alienissima
1815 685 1870 722 esse

180 761 273 813 stiano
305 769 465 830 conspectus
494 780 552 815 esse
576 771 667 831 potest
699 765 890 818 Glrnstsunum
920 763 1012 816 orbem
1032 761 1192 828 judicatur.
1247 758 1414 830 Campegius
1441 758 1576 812 referente
1600 756 1731 812 Sleidano
1759 754 1821 809 libr.
1846 759 1868 808 t.

178 847 348 913 perapranti
366 864 449 914 quam
469 847 537 900 baec
549 849 674 903 solitudo
689 851 892 903 ecclesiarum!
913 851 1012 902 000000
1038 844 1099 898 hist
1120 845 1281 915 adlegatos
1298 845 1514 916 Argentinensee
1528 843 1607 904 dixit,
1623 844 1698 895 scire
1710 859 1749 910 se,
1769 842 1869 910 spissa

180 933 244 994 fere
261 938 391 1000 pastores
409 943 582 987 recesserunt
600 953 619 988 a
638 937 697 989 suus
716 937 853 1006 prepibus,
874 934 1013 990 commissi
1033 949 1137 1000 porum
1154 932 1226 986 hunc
1244 949 1303 985 esse
1322 949 1434 994 morem,
1452 939 1482 983 ut
1501 938 1617 998 accepta
1635 930 1757 998 pecunia
1770 936 1869 981 scorta

181 1025 244 1069 surtt
270 1035 362 1071 omine
385 1020 448 1082 scre
466 1020 652 1076 mercenariis.
689 1027 713 1077 6.
734 1021 911 1077 Seenluribus
929 1037 1011 1092 nego·
1038 1019 1139 1071 tionem
1165 1018 1223 1071 suis
1239 1019 1418 1086 permittant,
1446 1016 1569 1087 quinimo
1589 1015 1732 1069 Adrianus
1750 1013 1869 1084 pontifex

181 1102 227 1156 tiis
248 1109 277 1156 et
294 1102 406 1173 politico
426 1105 553 1175 regimini
568 1106 620 1161 toti
638 1114 703 1163 sunt
715 1108 844 1163 immersi.
863 1109 1011 1163 Duerenus
1038 1104 1067 1156 in
1082 1101 1868 1174 legationeadconventumNoriubergensemsnno1523.

182 1187 229 1243 lib.
252 1195 274 1245 l.
295 1189 329 1243 de
349 1206 419 1246 sacr.
432 1190 528 1246 eccles.
544 1192 645 1248 minist.
659 1210 682 1247 0.
695 1200 724 1248 t:
743 1194 876 1263 Plerique
889 1193 1013 1262 episcopi
1038 1206 1057 1241 a
1073 1190 1177 1257 planta
1191 1191 1278 1257 pedis
1297 1192 1338 1243 ad
1356 1190 1484 1243 verticem
1503 1207 1590 1257 usque
1609 1189 1714 1256 capitis
1732 1187 1806 1241 nihil
1817 1205 1869 1240 esse

181 1283 276 1328 nostro
301 1284 423 1345 ternpore
450 1296 468 1330 a
492 1279 628 1348 rslipione
653 1288 679 1332 et
705 1281 797 1333 sacris
821 1298 905 1349 quam
922 1280 1012 1348 quivis
1039 1277 1104 1328 sani
1125 1277 1155 1329 in
1173 1284 1230 1330 toto
1250 1293 1368 1345 corpore
1388 1276 1499 1329 ordinis
1512 1275 1698 1328 ecclesiastici
1709 1273 1799 1328 libere
1812 1291 1869 1328 oon·

181 1370 318 1430 satrapae
337 1370 362 1415 et
376 1361 522 1431 principes
538 1366 659 1433 profani
676 1365 758 1434 lonqe
779 1367 944 1429 alieniores,
962 1382 1012 1417 noc
1037 1361 1127 1415 fessus
1153 1369 1207 1426 est,
1233 1370 1264 1417 ut
1289 1362 1426 1416 Eobertus
1445 1361 1480 1414 ad
1500 1361 1661 1431 episcopum
1680 1358 1869 1414 Coloniensem

183 1447 223 1499 eis
242 1446 325 1500 alind
342 1465 426 1500 curae
444 1457 499 1516 est,
519 1466 603 1517 quam
623 1459 652 1503 ut
675 1451 804 1505 ditionem
824 1460 848 1505 et
862 1451 1012 1520 possessio·
1037 1455 1112 1502 reete
1137 1447 1238 1500 dixisse
1258 1447 1398 1502 videatur:
1425 1446 1600 1516 Episcopum
1618 1454 1658 1500 est
1677 1449 1763 1501 carni
1781 1445 1869 1499 indui·

183 1549 231 1585 nes
248 1551 314 1586 suas
333 1553 386 1602 quo
400 1536 483 1602 jure,
502 1552 589 1603 quave
609 1537 717 1603 irijnria
736 1545 866 1590 tueantur
884 1546 910 1590 et
929 1554 1012 1606 aupe-
1037 1551 1111 1601 pere,
1127 1534 1287 1601 pompatice
1306 1535 1443 1597 incedere,
1464 1534 1594 1602 quaestui
1612 1533 1761 1586 intendere
1780 1541 1806 1585 et
1826 1533 1868 1584 de·

184 1626 239 1671 ant.
275 1617 375 1672 Eccius
399 1619 428 1672 in
444 1620 550 1689 postilla
567 1619 659 1675 homil.
680 1626 704 1676 2.
725 1621 759 1676 de
778 1622 848 1676 festo
865 1622 1011 1691 Stephani:
1037 1620 1134 1673 liciose
1149 1620 1243 1676 otiari.
1279 1619 1421 1684 Quomodo
1440 1619 1525 1691 igitur
1536 1635 1586 1689 pro
1598 1619 1670 1673 veris
1683 1618 1868 1688 apostolorum

175 1705 332 1762 ,Nostrates
352 1705 482 1774 praelati
505 1707 631 1759 ordinem
656 1708 794 1760 invertunt
818 1709 1012 1776 apostolicum,
1038 1705 1239 1762 successoribus
1256 1705 1318 1760 illos
1337 1723 1486 1778 agnoscere
1504 1705 1669 1775 possumus?
1703 1706 1738 1759 Si
1756 1707 1787 1757 in
1806 1723 1868 1774 apo·

184 1792 252 1842 dum
275 1791 439 1859 spiritualia
463 1792 597 1860 praviora
619 1811 702 1861 qnam
727 1811 797 1862 quae
822 1796 937 1848 subeant
956 1795 1014 1847 rati
1038 1793 1173 1846 stolorum
1198 1792 1260 1846 loco
1281 1811 1390 1861 summ,
1418 1790 1515 1847 scribit
1540 1791 1726 1861 Hieronymus
1753 1791 1783 1844 in
1802 1808 1825 1845 e.
1846 1796 1868 1846 2.

184 1876 213 1927 in
230 1878 439 1944 pontificalibus
450 1880 701 1948 suffrapaneorum,
716 1881 893 1948 injraliciali
903 1882 1011 1950 officia·
1039 1877 1121 1932 Mich.
1139 1898 1195 1931 non
1213 1879 1304 1930 solnm
1324 1895 1478 1932 sermonem
1497 1895 1591 1931 eormn
1610 1879 1759 1944 imitemur,
1779 1879 1831 1930 sed
1847 1885 1870 1929 et

182 1962 252 2017 lium
275 1965 306 2015 in
326 1965 504 2017 absolvendis
518 1967 799 2034 poenitentiariorum
819 1984 870 2035 ope
890 1976 1012 2031 eduntur,
1039 1964 1274 2017 conversationem
1293 1971 1319 2017 et
1338 1964 1533 2017 abstinentiam
1553 1964 1768 2033 antplectamur.
1800 1962 1872 2016 Dici·

183 2049 213 2100 in
229 2050 442 2116 praedicatione
459 2052 623 2105 monachum
640 2055 734 2106 nescio
749 2070 827 2121 qrrem
835 2057 1011 2121 praeferunt,
1039 2067 1099 2103 mue
1115 2049 1231 2120 proinde
1248 2066 1310 2103 oum
1323 2048 1483 2103 Bernhardo
1501 2048 1530 2101 in
1544 2065 1621 2104 conc.
1636 2048 1783 2104 Remensi:
1803 2048 1874 2109 Quid

182 2137 213 2188 in
240 2135 307 2188 aliis
332 2137 530 2204 spiritualibus
553 2138 674 2192 vicarios
693 2140 801 2193 babent.
839 2139 890 2193 Sin
911 2158 967 2209 qua
983 2141 1012 2192 in
1035 2138 1162 2204 prodest,
1180 2138 1207 2190 si
1219 2137 1351 2189 canonice
1365 2135 1874 2205 elipanturetnoncanonicevivonti

182 2239 214 2273 re
241 2224 276 2272 de
303 2239 387 2275 censu
411 2230 438 2275 et
466 2225 665 2292 temporalibus
686 2225 794 2293 opiter,
824 2243 869 2279 res
887 2227 955 2279 baec
975 2230 1015 2279 ad
1039 2224 1082 2277 Ac
1102 2223 1176 2293 quod
1196 2222 1232 2276 de
1251 2240 1324 2293 pape
1344 2213 1485 2277 concludit
1501 2221 1642 2277 iohannes
1661 2222 1738 2277 Huss
1760 2223 1788 2277 in
1806 2221 1873 2276 libro

184 2309 326 2360 dominum
352 2317 476 2364 nostrum
503 2310 663 2380 episcopum
691 2313 845 2377 reserenda
867 2320 921 2380 est,
939 2314 1013 2367 unde
1041 2308 1075 2362 de
1105 2307 1236 2377 00010οἰ0,
1262 2325 1325 2362 eum
1351 2325 1406 2362 non
1433 2326 1492 2363 0000
1510 2308 1613 2362 Christi
1632 2309 1781 2375 vicarium,
1809 2308 1873 2378 quit

184 2394 261 2464 upud
279 2394 439 2449 Caesarium
455 2394 665 2452 cisterciensem
688 2398 750 2452 dist.
770 2405 793 2453 2.
820 2416 842 2453 v.
862 2405 900 2454 28.
937 2399 1013 2453 eleri-
1040 2394 1161 2448 moribus
1179 2400 1207 2449 et
1225 2394 1284 2449 vita
1299 2400 1341 2450 est
1360 2395 1400 2448 illi
1412 2394 1617 2458 dissimillimus,
1638 2395 1713 2449 idem
1726 2412 1760 2449 ex
1777 2394 1871 2449 eodem

184 2498 234 2536 cus
252 2480 416 2536 Parisiensis
435 2482 527 2549 edixit,
546 2485 689 2553 episcopos
703 2485 889 2539 Alemanniac
906 2487 1015 2540 salomi
1040 2487 1201 2550 argumento
1222 2481 1257 2533 de
1275 2481 1411 2551 episeopis
1429 2487 1457 2536 et
1475 2481 1582 2536 clericis
1592 2479 1748 2535 Pontificiis
1761 2481 1870 2535 conclu-

184 2569 229 2621 m'a
243 2585 342 2637 posse,
363 2570 428 2637 quia
443 2587 516 2638 pene
536 2587 629 2623 ovines
647 2571 766 2624 habeant
785 2572 913 2639 pladinm
931 2573 1014 2640 spiri-
1041 2567 1105 2621 dere
1128 2584 1285 2636 possumus,
1309 2567 1384 2637 quod
1410 2584 1465 2621 non
1483 2568 1538 2621 sint
1558 2567 1746 2637 apostolorum
1767 2583 1872 2623 succes

185 2654 513 2709 trmlcnsvtmoterinlem
532 2657 620 2725 deque
633 2657 769 2725 sonpuinc
783 2658 922 2726 judicent,
941 2659 1016 2712 bella
1040 2669 1128 2719 sores,
1156 2653 1221 2724 quis
1244 2653 1349 2708 seilicet
1377 2655 1435 2708 vitu
1465 2661 1491 2709 et
1517 2653 1638 2709 moribus
1659 2653 1820 2724 longissime
1839 2654 1873 2708 ab

186 2748 330 2793 mussan
346 2741 489 2809 nuptaque
505 2741 611 2799 soliciti
622 2742 675 2794 sint
688 2743 723 2794 de
734 2743 883 2810 stipendiis
895 2744 1014 2797 militum
1040 2737 1094 2790 illis
1112 2738 1279 2808 discrepent.
1317 2740 1390 2801 Quia
1410 2740 1522 2810 (inquit)
1542 2740 1667 2793 vicario
1686 2741 1771 2793 enen
1791 2741 1874 2793 rann

186 2843 268 2892 quam
286 2827 322 2877 de
341 2827 431 2879 salute
452 2827 612 2880 animarum
625 2829 680 2880 sibi
691 2829 909 2884 commissarum.
934 2829 1014 2884 Eras-
1040 2841 1136 2892 peroro
1154 2827 1318 2894 superioris,
1338 2845 1355 2880 a
1369 2846 1423 2895 quo
1435 2828 1543 2895 accepit
1556 2826 1694 2879 vicariam
1704 2834 1874 2894 potestatem,

186 2927 246 2964 mus
266 2910 294 2963 in
315 2916 437 2966 annotat.
458 2916 480 2968 1.
499 2912 574 2968 Patr.
593 2920 618 2968 5.
637 2930 666 2984 p.
685 2918 748 2967 533:
768 2915 953 2984 Praeceptum
964 2918 1015 2971 ima
1040 2928 1107 2980 erpo
1120 2919 1236 2981 oportet,
1256 2914 1333 2981 quod
1344 2913 1374 2965 in
1387 2912 1513 2966 omnibus
1531 2913 1586 2980 illi,
1601 2913 1683 2980 cujus
1695 2914 1784 2967 vicem
1795 2914 1873 2982 perit,

185 2997 374 3065 apostolorum
399 2998 540 3066 principis
565 2999 596 3051 in
618 3000 741 3054 omnibus
764 3002 886 3055 oninium
911 3002 1014 3071 cpisco·
1042 3000 1072 3049 in
1096 2998 1225 3066 operibus
1241 3000 1447 3067 conformetur,
1470 3018 1535 3052 nam
1557 2999 1633 3051 alias
1645 3006 1777 3066 potestas
1795 3001 1825 3053 in
1843 3017 1873 3053 eo

128 3066 135 3087 ⁵
180 3099 284 3151 porum
312 3083 386 3135 aulis
413 3083 456 3136 vel
483 3084 578 3138 aureis
605 3084 697 3138 literis
723 3088 866 3155 oportebat
892 3087 1015 3141 irueribi.
1038 3085 1247 3152 frustraretur5
1277 3093 1341 3138 tunc
1367 3103 1399 3138 en
1417 3086 1469 3140 illo
1486 3087 1630 3149 formatur
1649 3086 1708 3138 tale
1727 3104 1872 3155 arquiten-

186 3168 308 3236 Pascite,
326 3168 424 3237 inquit,
442 3185 560 3237 prepem,
580 3188 635 3224 nvn
649 3173 804 3242 opprimite,
820 3191 875 3227 non
886 3173 1015 3241 erpilate,
1041 3177 1105 3226 tum.
1138 3169 1225 3224 Illius
1249 3179 1289 3223 est
1315 3171 1397 3224 bomo
1421 3188 1503 3224 verm
1528 3171 1665 3237 vicarius,
1692 3173 1775 3241 cujus
1791 3174 1873 3226 omem

185 3255 270 3324 idque
297 3273 353 3307 non
378 3263 473 3309 coacte
495 3256 570 3311 velut
594 3274 627 3310 ec
646 3259 755 3327 officio,
783 3262 836 3313 scd
854 3277 887 3312 en
905 3260 1014 3313 sincero
1041 3259 1127 3325 perit,
1153 3265 1181 3311 et
1207 3277 1226 3311 a
1252 3276 1306 3325 quo
1321 3258 1551 3326 procuratorium
1567 3263 1734 3325 potestatem
1755 3259 1873 3326 lepsts'mc

185 3343 287 3410 affectu
309 3350 442 3410 tunquam
463 3350 573 3410 patres,
597 3361 684 3414 neque
711 3346 803 3413 trapis
821 3346 896 3399 lucri
912 3346 1014 3414 pratia,
1042 3342 1152 3411 accipit.
1203 3342 1262 3396 Sed
1290 3359 1370 3396 nemo
1398 3359 1459 3395 vere
1487 3344 1560 3410 perit
1588 3344 1673 3396 vicem
1700 3342 1809 3397 Christi
1833 3345 1873 3397 sel

186 3428 269 3496 qrsasi
289 3427 484 3496 praesentiens
501 3428 565 3483 hinc
589 3430 721 3484 ecclesias
741 3438 845 3500 pestem
869 3434 1014 3488 orituram,
1042 3429 1133 3498 Petri,
1160 3428 1217 3481 nisi
1241 3437 1375 3497 sequatur
1399 3446 1460 3482 crim
1485 3430 1515 3482 in
1543 3431 1681 3499 moribus,
1712 3448 1776 3483 cunr
1793 3431 1872 3483 nulla

186 3513 316 3581 Denique
333 3531 389 3567 non
407 3516 580 3568 dominantes
597 3532 671 3569 more
688 3533 799 3585 repam,
823 3519 874 3570 sed
891 3520 1015 3588 coempto
1042 3516 1104 3567 alia
1122 3515 1236 3582 sequela
1254 3516 1290 3567 sit
1305 3515 1501 3584 pertinentior,
1519 3533 1568 3569 ricc
1588 3516 1672 3569 aliter
1688 3516 1809 3570 0ιῖοίοιιό
1822 3518 1870 3572 ota

183 3599 308 3668 pascite,
329 3599 483 3665 benefactis
501 3601 608 3656 vincite.
645 3603 727 3656 Nunc
745 3604 937 3672 episcoporum
957 3605 1015 3659 000-
1042 3602 1200 3665 conditione
1218 3603 1312 3654 aDeo
1330 3602 1450 3670 recipiat
1458 3603 1690 3669 procuratorium
1697 3611 1871 3671 potestatem,

187 3704 239 3753 pus
264 3685 337 3739 nihil
360 3686 441 3739 audit
458 3687 494 3739 ab
512 3689 728 3741 assumamus
746 3691 836 3744 domis
854 3692 911 3744 nisi
928 3693 1015 3745 domi-
1042 3690 1129 3757 ipitvr
1147 3689 1188 3741 ad
1206 3688 1239 3739 id
1257 3688 1382 3753 osticium
1399 3689 1536 3741 vicarium
1552 3689 1708 3756 requiritur
1726 3699 1871 3745 otmarum

187 3773 251 3839 nia,
272 3772 400 3835 ditiones,
416 3773 537 3843 pladiou
556 3775 656 3842 claves,
674 3784 833 3851 potestates,
851 3787 934 3846 atque
951 3779 1016 3831 binc
1042 3773 1225 3842 conformitas
1242 3781 1268 3825 et
1285 3773 1454 3825 instituentis
1472 3776 1635 3828 auctoritas.
1672 3774 1708 3829 Si
1718 3793 1786 3844 erpo
1794 3795 1873 3847 papa

180 3860 286 3925 sostris
302 3860 478 3927 quorundam
496 3860 649 3929 plusquam
668 3862 775 3931 sepius,
799 3865 917 3916 saevitia
936 3865 1015 3932 plus·
1042 3868 1082 3914 est
1097 3861 1177 3913 bonto
1196 3859 1375 3922 invallimus,
1391 3863 1549 3913 ntuudanos
1567 3862 1686 3914 tumores
1700 3872 1873 3918 emmeramus

187 3962 271 4013 quam
295 3945 450 4014 tyrannica.
485 3945 573 4016 Atqui
594 3945 736 4001 dominatu
752 3947 866 4017 politico
883 3949 1015 4019 apostolis
1042 3956 1067 4001 et
1084 3945 1290 4000 lacrumseculi
1300 3946 1390 4012 parsi
1400 3948 1543 4015 pendens;
1560 3947 1588 3999 si
1599 3951 1872 4015 estpastortralrens

189 4037 218 4085 et
235 4029 356 4100 ipsorum
373 4030 577 4085 successoribus
595 4030 649 4086 fuit
667 4031 851 4103 interdictum,
869 4035 942 4090 unde
953 4053 1014 4090 cun.
1042 4051 1060 4086 a
1076 4041 1162 4102 pastu
1181 4031 1257 4084 verbi
1275 4032 1332 4085 Dei
1349 4047 1454 4100 rienes,
1474 4034 1509 4084 de
1528 4049 1581 4099 quo
1595 4041 1685 4101 pastu
1698 4036 1785 4090 Petro
1804 4038 1871 4090 dizit

189 4123 278 4188 apost.
297 4122 319 4172 8.
334 4116 417 4187 jubet
434 4116 510 4171 ilium
528 4117 564 4170 ab
584 4118 678 4184 officio
698 4136 846 4189 removere,
867 4122 916 4188 qui
932 4123 1016 4176 amul
1043 4120 1198 4186 Dominus,-
1219 4135 1306 4187 pasce
1327 4134 1391 4173 oure
1411 4132 1505 4187 meam
1530 4120 1558 4171 si
1569 4121 1664 4188 pascit
1681 4138 1731 4174 vas
1749 4125 1833 4178 verbo
1848 4132 1871 4177 et

189 4204 300 4257 civilem
326 4212 351 4257 ct
374 4203 587 4257 ecclesiasticum
608 4221 705 4271 perere
728 4205 795 4260 velit
815 4207 1172 4275 nominamini-anum
1189 4205 1314 4273 cnencplv
1330 4202 1429 4269 samus
1439 4202 1544 4273 forma
1565 4205 1658 4273 propin
1681 4207 1708 4258 si
1734 4218 1776 4262 est
1793 4212 1871 4272 mitis,

187 4288 351 4343 Ambrosius
370 4289 397 4341 in
418 4295 443 4343 2.
460 4288 530 4344 Tim.
551 4294 579 4344 2:
598 4289 815 4345 Ecclesiasticus
832 4295 1015 4361 officiumim-
1038 4293 1164 4360 patiens,
1193 4298 1284 4343 castus
1309 4298 1335 4344 et
1358 4290 1389 4345 in
1410 4288 1567 4345 ministerio
1587 4291 1720 4346 ecclesiae
1739 4295 1871 4350 laborans

185 4376 273 4443 pleat,
292 4376 369 4443 quod
385 4377 542 4444 spopondit,
560 4376 589 4428 in
608 4377 667 4429 Dei
685 4378 766 4430 rebus
783 4379 917 4448 solicitus,
936 4399 955 4434 a
974 4398 1015 4434 se·
1042 4378 1124 4430 antae
1143 4385 1168 4430 et
1188 4378 1296 4430 solicite
1315 4376 1460 4431 arsuram
1481 4376 1575 4429 omnia
1594 4380 1693 4431 nturtdi
1703 4384 1870 4451 temporalia

188 4461 282 4514 cidari
307 4462 418 4528 nepotio
444 4461 566 4528 alienus,
596 4479 650 4515 non
679 4464 751 4517 enim
778 4466 903 4532 convenit
932 4485 1015 4519 unum
1042 4471 1221 4517 utstercora:
1242 4464 1380 4516 tuncsinc
1393 4463 1478 4516 dubio
1492 4471 1624 4516 estvervs
1635 4465 1871 4523 Ciristivicarius

189 4548 327 4614 duplicem
353 4547 454 4600 babere
473 4549 684 4616 professionem.
719 4547 750 4600 ln
771 4547 932 4619 fragmentis
950 4568 1014 4622 spo·
1042 4552 1208 4615 manifestus
1227 4551 1290 4602 Deo
1308 4558 1333 4602 et
1354 4550 1517 4618 bominibus,
1536 4559 1670 4619 quantum
1686 4538 1870 4622 adjudicium

188 4633 319 4687 stolorum
336 4632 445 4703 legitur,
465 4633 539 4703 qnod
558 4631 656 4687 Petrus
676 4632 828 4702 dixeritad
846 4635 1013 4692 Clementem
1027 4633 1030 4697 Ι
1043 4645 1183 4690 externum
1204 4636 1341 4690 sennrale.
1379 4636 1413 4690 Si
1436 4645 1527 4690 autem
1550 4637 1617 4690 vivit
1641 4637 1703 4691 istis
1729 4641 1871 4697 oirtrstibus

188 4736 205 4773 u
231 4736 261 4773 se
286 4718 443 4773 ordinatum
471 4718 645 4789 episcopum:
671 4720 828 4788 Impietatis
853 4724 957 4778 crinem
975 4733 1016 4778 est
1041 4722 1195 4784 coritrarie,
1225 4739 1286 4775 cum
1314 4739 1371 4775 non
1399 4724 1436 4776 sit
1464 4722 1570 4776 Christi
1596 4726 1809 4780 communicatio
1836 4730 1871 4780 ad

188 4806 321 4875 repleatis
346 4804 424 4857 vorbi
448 4805 507 4856 Dei
531 4805 634 4857 madiis
659 4805 851 4860 solicitudincs
876 4810 1017 4879 umcipere
1043 4807 1140 4862 Belial
1163 4814 1186 4862 2.
1213 4806 1275 4861 Cor.
1301 4814 1323 4862 s.
1345 4816 1370 4860 et
1389 4807 1440 4876 qui
1455 4826 1512 4861 nvn
1529 4816 1569 4862 est
1586 4825 1699 4874 mecum,
1716 4820 1817 4867 contra
1833 4830 1871 4867 mc

188 4892 337 4947 semlerus.
375 4896 397 4946 7.
417 4888 548 4960 Plerique
566 4888 673 4945 illorum
693 4891 776 4961 impie
794 4892 904 4962 vivunt,
928 4894 1015 4965 impu·
1043 4902 1098 4962 est,
1125 4893 1167 4944 ait
1190 4891 1319 4946 Christum
1341 4893 1440 4948 Mutth.
1468 4899 1506 4948 12.
1532 4896 1670 4962 quomodo
1691 4906 1732 4950 cst
1751 4906 1870 4953 renuet

188 4996 256 5035 rum.
272 4976 438 5033 coelibatum
462 4981 605 5030 sectentur
627 4981 656 5031 et
676 4977 794 5047 publicis
820 4977 932 5050 flagitiis
952 4987 1016 5035 sunt
1043 4978 1208 5043 manifestus
1229 4978 1336 5032 Christi
1359 4988 1384 5031 ct
1404 4980 1485 5034 Petri
1505 4981 1631 5034 vicarius
1658 4990 1685 5035 et
1709 5002 1764 5037 non
1787 4987 1872 5053 napis

188 5064 313 5120 infames.
350 5062 449 5117 Orator
469 5060 548 5124 ducis
565 5061 699 5117 stsrine
717 5064 746 5117 in
765 5064 879 5119 coneilio
899 5065 1015 5121 Triden·
1044 5065 1212 5118 Anticliristi
1233 5065 1358 5117 vicarius
1383 5066 1498 5121 obvians
1519 5065 1629 5120 Ciristo
1648 5069 1680 5120 in
1695 5071 1757 5124 vita
1774 5081 1800 5124 st
1821 5089 1871 5125 mo

188 5153 246 5206 tino
264 5151 316 5206 huo
335 5149 369 5204 de
387 5165 417 5203 re
429 5148 607 5203 domesticum
619 5148 723 5219 profert
736 5151 936 5207 testimonium:
955 5151 1016 5206 Cte-
1042 5152 1141 5204 ritus!
1171 5150 1247 5204 Unde
1265 5149 1394 5204 Christus
1413 5153 1536 5219 Petrum,
1556 5154 1621 5205 dum
1633 5154 1698 5217 >fuit
1715 5157 1773 5209 sibi
1789 5160 1817 5210 in
1831 5173 1873 5209 vo·

189 5257 237 5290 mss
259 5245 354 5289 noster
376 5235 459 5305 palae
481 5236 696 5305 libidinibusque
714 5236 852 5305 inclulpet,
881 5255 915 5291 ac
936 5238 1018 5307 quasi
1042 5238 1149 5291 intumis
1173 5244 1198 5287 et
1220 5238 1302 5289 verbo
1321 5238 1481 5291 constrarivs
1499 5236 1596 5294 lifstth.
1622 5245 1661 5296 tt.
1674 5250 1744 5309 post
1757 5245 1873 5312 moinu-

190 5324 256 5376 velit
283 5323 313 5375 in
338 5330 500 5376 contemtum
525 5322 583 5375 Dci
610 5330 636 5375 et
660 5321 799 5375 bominu'rn
822 5325 897 5377 omni
918 5341 1018 5391 penore
1043 5325 1149 5377 sionem
1173 5323 1298 5376 dationis
1320 5323 1440 5375 clavium
1465 5325 1572 5378 vocavit
1592 5326 1742 5396 Satanan,
1768 5329 1820 5382 iac
1839 5336 1874 5384 est

192 5408 322 5462 vitiorum
339 5425 369 5462 se
388 5417 547 5477 coopertum
558 5408 655 5476 potius
667 5407 767 5476 palam
786 5410 917 5478 connasci
935 5427 1017 5479 pram
1043 5409 1251 5477 adversantem,
1267 5410 1376 5461 dicem:
1400 5410 1479 5463 Vade
1493 5419 1561 5479 post
1578 5429 1634 5479 me,
1655 5411 1781 5482 Saturum
1799 5434 1874 5471 scas·

85 5521 123 5562 xi.
135 5514 180 5561 tlt.
192 5495 307 5553 victima
332 5495 432 5566 aliqua
457 5496 488 5551 in
511 5513 543 5551 re
568 5495 740 5563 emmdatum
757 5494 963 5569 emundant,
986 5504 1017 5551 ut
1045 5496 1147 5563 Mum
1163 5495 1233 5551 mibi
1249 5511 1292 5563 es,
1316 5496 1384 5563 quia
1402 5514 1457 5548 non
1474 5498 1553 5565 sapis
1571 5514 1624 5564 ca,
1639 5517 1711 5568 quos
1728 5510 1794 5556 sunt
1812 5503 1875 5568 Dn',
