4004 6022
770 276 822 332 ΒΕ
841 276 964 334 ΒΔΟΒΔ
984 276 1121 334 CORNA.
1194 306 1198 313 ·
1729 282 1791 344 'tta

95 441 135 488 est
161 434 277 503 eerpus'
298 449 396 488 meum
444 432 517 486 Ante
547 431 764 486 memnonem
790 430 1016 559 unbomm'sius
1041 431 1124 499 dicit,
1153 439 1287 486 umorem
1311 433 1418 487 minari
1439 450 1493 504 per
1514 433 1729 489 benedictionem
1745 448 1796 504 pes·

97 521 254 576 melestium
271 520 333 573 aiio
350 520 457 590 species
475 518 652 583 nominatur,
670 526 735 586 post
749 519 934 573 cmuscratia-
945 564 948 577 .
960 517 988 571 id
1008 519 1200 589 exponendum
1219 524 1276 582 est,
1295 517 1369 590 qnod
1383 517 1437 573 hoc
1457 519 1519 573 loco
1538 518 1619 586 dicit,
1641 536 1796 572 emonem

96 624 155 660 um
171 624 276 677 corpu
294 606 478 674 misnen,
497 604 546 658 un
564 603 672 674 emeres
689 603 801 657 omnino
818 580 948 659 nolenti
961 603 1068 657 mnes
1092 613 1202 658 murare
1226 605 1353 658 :mirisa
1376 613 1505 658 neuras.
1545 605 1630 660 nunu
1650 622 1701 675 per
1716 609 1796 660 nam-

96 691 295 760 substsntiam,
316 708 380 746 cum
397 696 463 745 ante
482 689 716 760 consecrationem
731 690 812 759 panis
830 695 858 743 et
877 688 934 742 vini
959 706 1019 743 ram
1042 689 1078 743 ad
1102 690 1187 744 vitem
1209 690 1332 760 corporis
1355 690 1483 745 denum
1503 690 1646 745 institutus
1664 695 1721 756 est,
1747 690 1797 745 sed

96 778 280 834 mbstantism
296 776 395 832 adesse
411 776 524 846 ipsimet
536 775 675 830 Pontiiieii
689 782 820 830 asserant.
848 776 935 831 Porro
960 791 1049 830 sermo
1068 773 1170 829 Christi
1193 780 1283 829 mutat
1306 775 1357 830 hoc
1381 775 1554 845 institutum,
1581 784 1613 831 ut
1633 793 1732 846 panem
1750 793 1796 832 eu-
1904 786 1912 800 ·

95 864 169 936 qnod
195 862 317 934 cyrillus
348 861 460 926 mserit,
490 877 590 933 panem
612 867 677 930 post
700 860 934 915 consecrationem
960 860 1137 916 chanstionm
1163 879 1219 916 uon
1238 861 1388 930 satietatis,
1411 869 1459 915 sed
1480 861 1691 932 significationis
1711 879 1796 918 cansa

95 967 149 1005 non
170 964 232 1003 esse
248 964 364 1020 panem
382 947 411 1002 id
429 965 463 1002 ex
482 947 595 1003 instino
612 952 640 1002 ot
659 946 774 1003 Irenaeo
793 946 934 1017 explican-
961 962 1109 1010 sumamus,
1127 946 1200 1000 sient
1216 946 1339 1016 loquitur
1349 963 1438 1001 canon
1453 947 1580 1002 Niosaus.
1605 954 1629 1002 t.
1642 947 1795 1019 Gregorius
1807 946 1922 1048 inoffi·

96 1036 171 1104 dnm,
190 1033 268 1106 qnod
284 1050 339 1089 non
359 1034 478 1104 amplius
498 1034 535 1088 sit
552 1034 715 1097 eommunis,
733 1033 824 1088 nudus
841 1049 874 1087 so
893 1051 934 1088 so·
960 1031 1105 1102 Nyssenns
1129 1039 1196 1087 oret.
1222 1049 1322 1104 magno
1339 1034 1473 1090 catechet.
1497 1050 1521 1087 o.
1542 1040 1591 1089 ιιι
1629 1036 1712 1088 Recte
1736 1035 1796 1088 Dei
1808 1051 1866 1091 soni.

95 1120 138 1176 lus
157 1121 248 1191 panim
267 1119 307 1174 ita
324 1119 398 1174 enim
414 1117 562 1188 subjungit
579 1118 715 1189 Cyrillus:
743 1120 787 1172 Ne
807 1119 935 1174 conside·
960 1119 1042 1172 aerbo
1065 1119 1269 1181 sansetificatum
1284 1136 1385 1187 panem
1403 1120 1432 1171 in
1453 1121 1513 1172 Dei
1527 1120 1606 1173 uerbi
1621 1138 1722 1189 corpses
1738 1137 1796 1174 ore·

95 1224 139 1261 res
157 1214 294 1275 unquam
308 1222 414 1275 panem
432 1207 536 1258 nudum
555 1213 580 1259 et
599 1207 705 1258 nudum
713 1205 815 1274 uinum,
832 1221 935 1273 tarpeis
962 1205 1055 1257 dimus
1084 1204 1236 1258 immutari.
1275 1204 1312 1258 Et
1336 1210 1447 1274 postea:
1484 1207 1565 1260 Haec
1587 1214 1679 1260 autem
1701 1205 1799 1260 inbuit

96 1293 167 1347 enim
185 1301 227 1346 est
245 1299 272 1345 st
289 1292 406 1358 sanguis
420 1289 533 1358 otrus,
550 1293 702 1344 secumdum
715 1291 806 1360 ι’ρείιιι
818 1291 937 1344 Domini
960 1289 1062 1342 virtius
1089 1289 1289 1344 benedictionis
1318 1292 1348 1343 in
1373 1291 1449 1344 iliud
1471 1296 1581 1362 (corpus
1606 1291 1731 1356 Domini)
1754 1307 1797 1344 re·

96 1380 187 1434 serta.
224 1375 328 1434 Ιιιᾱοιιι
349 1376 441 1433 verbis
464 1375 568 1432 mteeh.
587 1382 612 1433 3.
631 1376 667 1430 de
686 1393 760 1448 aqua
776 1376 935 1446 baptismali
960 1395 1033 1444 rum,
1051 1394 1123 1446 quas
1140 1376 1269 1431 sidentur
1289 1377 1381 1447 (panis
1399 1384 1427 1432 et
1445 1378 1512 1444 riui)
1530 1387 1664 1432 naturam
1680 1386 1798 1435 mutans.

96 1466 198 1522 utitur:
225 1466 291 1518 Non
318 1471 453 1533 tanquam
478 1479 568 1532 aquae
591 1463 717 1532 simplici
738 1465 854 1516 studeas
871 1463 935 1516 tate
961 1462 1185 1533 Respondemus:
1210 1462 1316 1518 Eodem
1333 1463 1416 1518 modo
1433 1463 1617 1536 intelligenda
1633 1471 1697 1520 sunt
1713 1463 1799 1521 verbs

96 1554 227 1619 taonem,
250 1553 302 1604 sed
319 1559 351 1604 ut
372 1549 521 1619 sps'rituaii
537 1550 662 1617 gratioe,
687 1566 759 1618 guae
778 1567 839 1602 enm
858 1567 935 1618 agua
962 1548 1090 1620 Gregorii
1116 1549 1250 1620 Nysseni,
1278 1565 1332 1619 quo
1351 1549 1491 1604 Ambrosii
1509 1549 1596 1605 verba
1614 1551 1797 1622 exposuimus.

95 1642 186 1694 daur.
221 1637 267 1692 De
285 1635 432 1691 chrismate
450 1633 567 1691 ibidem:
593 1634 832 1698 Quemadmodum
848 1635 934 1706 panis
962 1635 995 1690 In
1014 1642 1081 1692 orat.
1101 1636 1136 1691 ds
1154 1640 1251 1690 sancto
1269 1636 1345 1705 bapt.
1366 1654 1392 1706 p.
1412 1642 1469 1692 ιιι.
1490 1636 1556 1692 edit.
1568 1637 1654 1691 Basil.
1666 1638 1798 1709 seipsum

96 1723 286 1780 metoetntm
304 1730 372 1792 past
396 1722 488 1777 sanam
505 1722 631 1791 Spiritus
655 1722 858 1776 invocationem
879 1711 1065 1793 nonldiserte
1090 1723 1224 1793 explieat:
1252 1725 1296 1775 Ne
1321 1726 1479 1777 oontemuos
1499 1724 1625 1777 diuinum
1644 1724 1797 1788 lasanum,

95 1811 220 1881 amplius
237 1817 278 1864 est
289 1809 378 1877 panis
397 1809 556 1876 eosnmunis,
575 1811 626 1862 sed
643 1817 683 1862 est
696 1826 799 1878 eorpus
813 1809 935 1876 citriam
963 1824 1049 1875 maus
1072 1809 1105 1862 id
1125 1816 1259 1877 tanquam
1288 1825 1429 1863 commune
1447 1817 1569 1878 propter
1597 1828 1678 1863 usum
1707 1828 1798 1880 aquas

94 1899 137 1952 sia
159 1904 186 1951 et
209 1904 336 1949 sanetum
355 1895 408 1949 trac
424 1903 593 1962 unquentum
610 1913 667 1948 nan
684 1895 806 1964 amplias
824 1903 865 1948 est
883 1913 934 1948 ιιιι-
960 1895 1047 1963 parvi
1060 1895 1157 1957 facias
1175 1902 1200 1947 st
1218 1894 1274 1948 teni
1291 1901 1427 1948 momento
1444 1897 1541 1949 ducas.
1576 1897 1652 1949 Nam
1662 1896 1703 1960 id,
1723 1899 1800 1965 quod

95 1991 226 2053 gannim
252 1984 372 2045 maan,
401 1995 489 2050 necem
514 1998 668 2049 commune,
698 1989 849 2049 postquam
875 1980 935 2046 jam
963 1988 1109 2049 operatur,
1127 1997 1259 2050 mgnum
1278 1988 1318 2034 est
1335 1988 1361 2035 et
1380 1982 1416 2034 ab
1433 1974 1486 2036 itte
1503 1982 1650 2036 mirabiles
1667 1982 1799 2037 ocemont

96 2077 289 2125 consecratum
318 2077 367 2122 est.
412 2067 534 2138 Collige,
560 2073 594 2121 ιιι
620 2083 721 2138 aquae,
747 2073 780 2121 nt
800 2067 934 2138 unguenti
963 2068 1083 2136 effectus.
1124 2067 1200 2121 Nam
1225 2075 1251 2120 et
1280 2069 1373 2122 attare
1394 2069 1603 2136 boematum,
1629 2070 1676 2122 cui
1692 2069 1798 2122 maisti-

96 2154 257 2212 snbstantia
279 2172 337 2209 non
360 2154 468 2210 tollitur
487 2170 538 2223 per
554 2153 803 2219 consecrationem,
830 2151 869 2206 its
884 2168 935 2207 neo
962 2170 1036 2216 mus,
1061 2152 1137 2221 lapis
1153 2160 1194 2207 est
1211 2161 1316 2208 natura
1333 2155 1499 2223 communis,
1522 2155 1594 2208 ns'tit
1611 2156 1746 2225 differens
1762 2154 1799 2208 ab

99 2243 179 2313 panis
207 2241 390 2297 eucharistici.
430 2240 509 2295 Idem
534 2239 639 2295 emoch.
664 2247 687 2295 5.
712 2245 809 2310 myst:
844 2239 935 2292 Panis
962 2239 1030 2292 aliis
1053 2240 1155 2292 mustis
1172 2239 1308 2310 lapideis,
1335 2256 1368 2293 sa
1387 2240 1487 2308 ambies
1497 2241 1627 2310 parietes
1646 2242 1739 2296 nostri
1756 2257 1798 2294 ess
1877 2302 1881 2315 .

99 2331 152 2384 iste
185 2335 299 2383 sanatus
333 2326 612 2397 aspersubstantialis
646 2326 768 2394 dicitur,
798 2342 830 2379 ea
861 2327 937 2394 quad
961 2332 1107 2378 struuntur
1137 2333 1163 2378 et
1186 2326 1351 2395 pavimenta
1379 2334 1563 2393 maritantur,
1589 2328 1642 2380 sed
1666 2327 1798 2394 quoniam

47 2432 58 2444 ·
99 2415 285 2470 substantiam
310 2414 422 2467 animas
451 2415 600 2482 confirmet.
644 2417 667 2468 6.
696 2411 859 2466 Ambrosius
886 2411 935 2466 lib.
965 2412 1023 2464 Dei
1044 2411 1133 2465 cultui
1153 2419 1344 2465 consecratum
1369 2429 1404 2464 aa
1431 2412 1590 2466 dedicatum
1610 2418 1651 2464 est
1668 2429 1702 2464 ac
1719 2412 1797 2466 bene

10 2477 48 2505 '¹
99 2502 135 2558 de
160 2500 195 2555 iis
222 2499 271 2572 qui
296 2499 441 2553 initiamur
467 2504 550 2569 myst.
574 2515 598 2554 o.
622 2503 654 2555 9:
689 2498 806 2560 Ωιιαιιιίι
831 2498 935 2551 utimur
962 2496 1110 2551 dictionem
1132 2498 1254 2567 occepit,
1278 2514 1373 2550 mensa
1389 2505 1501 2560 sancta,
1521 2497 1614 2550 attare
1634 2498 1796 2551 immacula-

99 2586 245 2657 enemplis,
263 2592 295 2639 ut
313 2585 476 2654 molemus,
495 2601 551 2636 non
568 2583 620 2638 ltoc
638 2600 712 2652 esse,
739 2585 817 2652 quad
831 2591 935 2636 natm
962 2590 1019 2636 tum
1036 2591 1091 2650 est,
1109 2585 1186 2652 quad
1202 2599 1259 2636 nan
1276 2584 1399 2652 amplius
1418 2585 1453 2637 ab
1472 2583 1610 2652 amnibus,
1628 2586 1679 2638 sad
1695 2601 1714 2637 a
1728 2584 1798 2638 solis

97 2673 244 2740 formarit,
262 2673 315 2726 sed
330 2670 575 2740 anadhenedictia
590 2670 772 2737 conseer-usit,
787 2671 936 2738 maJ'orem·
962 2669 1169 2732 sacerdotibus,
1193 2669 1283 2738 iisque
1300 2671 1493 2724 ammantibus
1509 2677 1705 2723 contrectatur.
1740 2672 1797 2724 Pa·

98 2777 150 2831 qne
174 2759 232 2814 aim
259 2773 319 2812 esse
347 2756 563 2826 benedictionis,
588 2774 673 2826 quam
700 2764 834 2824 naturas,
868 2756 936 2824 quia
961 2755 1007 2810 nis
1028 2754 1094 2809 ιἰιιιι
1111 2755 1200 2824 panis
1223 2763 1263 2809 est
1287 2755 1370 2809 initia
1394 2756 1561 2821 communis,
1586 2757 1639 2810 sed
1664 2757 1714 2810 ubi
1737 2772 1798 2811 οιιιιι

98 2844 287 2900 benedictione
314 2844 398 2897 etiam
422 2844 487 2912 ipsa
510 2851 614 2896 natura
633 2845 778 2896 mmatrrri
813 2841 935 2912 Respon-
962 2845 1124 2910 mysterium
1143 2843 1358 2913 sacrificaverit,
1375 2859 1477 2914 corpus
1493 2843 1600 2897 Christi
1614 2852 1639 2897 et
1654 2844 1799 2898 dieiturst

99 2934 209 2989 danim:
237 2929 345 2987 Natura
364 2929 445 3000 panis
461 2928 654 2984 benedictione
673 2935 809 2997 mutatur,
831 2944 886 2983 non
903 2936 936 2983 ut
963 2937 1019 2998 est,-
1044 2931 1140 2984 eadem
1157 2931 1241 2983 moda
1258 2931 1361 2994 einum,
1380 2948 1442 2985 cum
1462 2931 1519 2985 sint
1537 2946 1584 2984 res
1602 2931 1696 3000 seiam
1709 2929 1801 2999 pretii

98 3017 255 3074 substantia
275 3016 335 3086 ejus
355 3015 480 3079 interest,
499 3016 549 3070 sed
567 3023 598 3070 ut
616 3016 864 3075 insacramentum
877 3030 935 3068 eor·
962 3023 1027 3069 ante
1054 3016 1284 3086 benedictionem,
1307 3025 1373 3085 post
1401 3017 1662 3082 mestificationem,
1688 3033 1761 3086 quae
1779 3034 1800 3071 a
1892 3020 1895 3027 '

97 3103 172 3176 poris
202 3101 306 3160 chrisis·
335 3107 473 3165 transeat,
503 3100 774 3171 sicenimexplicet
796 3101 935 3170 seipsum
964 3102 1074 3171 Spiritu
1089 3104 1224 3171 procedit,
1241 3110 1388 3172 utrumque
1406 3120 1501 3158 aarum
1518 3104 1683 3159 condientes
1699 3121 1798 3174 apera-

97 3188 262 3245 Ambrosins
279 3188 327 3244 lib.
346 3193 370 3242 ι.
389 3188 425 3243 de
441 3187 621 3243 sacramentis
639 3204 664 3244 c.
685 3193 717 3242 4:
750 3186 836 3240 Vides
851 3202 935 3254 assam
961 3196 1016 3244 tur.
1052 3189 1163 3242 Eadem
1182 3188 1247 3242 item
1264 3189 1343 3243 verbi
1358 3189 1402 3242 ais
1418 3189 1504 3242 etiam
1518 3192 1692 3244 sacerdotem
1710 3209 1797 3260 auau-

99 3276 274 3345 opsratorius
301 3275 339 3328 sit
365 3272 473 3327 Christi
497 3289 597 3329 emmo.
643 3273 679 3328 si
701 3289 768 3339 ergo
790 3279 870 3325 tanta
892 3271 935 3324 ais
962 3282 1033 3328 stum
1054 3282 1080 3327 et
1096 3275 1286 3329 venerandum
1305 3274 1393 3340 facit,
1418 3275 1540 3328 nouitate
1560 3276 1760 3329 benedictionis
1777 3294 1797 3329 a

100 3371 140 3416 est
158 3363 188 3416 in
206 3377 333 3415 sermone
352 3358 466 3423 Christi,
484 3367 514 3412 ut
532 3360 687 3429 inciperent
705 3375 772 3426 esse,
789 3375 860 3426 auae
880 3375 935 3411 non
962 3360 1155 3414 communitate
1173 3360 1253 3427 aulai
1268 3368 1443 3428 segregatum
1463 3365 1515 3413 etc.
1552 3359 1674 3432 Collige,
1700 3367 1732 3415 ut
1750 3361 1796 3417 bs-

101 3456 182 3503 eraut
206 3447 246 3515 (in
270 3447 437 3515 creatam),-
462 3454 566 3514 ouanto
583 3445 674 3514 maais
691 3444 870 3514 operatorius
887 3452 936 3513 est,
962 3447 1082 3504 nediodo
1108 3451 1137 3501 et
1156 3446 1197 3499 vis
1215 3446 1293 3501 verbi
1311 3463 1367 3500 nou
1386 3446 1478 3502 abolet
1496 3447 1679 3502 substantiam
1697 3463 1796 3518 aquae,

101 3544 131 3589 ut
149 3537 214 3602 sint,
232 3551 304 3603 quac
323 3542 410 3596 eram,
427 3542 454 3587 et
472 3533 502 3587 in
519 3532 604 3587 aliud
615 3540 822 3587 commutentur.
853 3531 935 3599 Nota,
962 3532 1057 3588 altaris
1081 3537 1131 3586 aut
1152 3532 1321 3600 sacerdotis,
1346 3533 1386 3587 ita
1410 3550 1463 3588 nec
1485 3533 1566 3602 panis
1583 3532 1685 3588 etvini
1702 3532 1731 3587 in
1749 3549 1795 3588 en·

101 3630 131 3676 ut
147 3622 203 3675 sint
223 3637 294 3691 guae
313 3626 401 3688 nam,
422 3618 531 3673 scilicet
546 3618 654 3703 ratione
668 3618 848 3683 substantiae,
867 3618 935 3671 etin
962 3618 1102 3674 charistia
1143 3624 1166 3674 8.
1186 3617 1361 3674 Gaudentius
1384 3625 1464 3674 tract
1483 3625 1506 3675 ι.
1532 3619 1567 3674 de
1586 3603 1689 3676 Exod:
1728 3607 1901 3701 Ipsefflffi'

102 3709 184 3762 aliud
207 3713 420 3773 commutentur,
446 3705 554 3759 scilicet
574 3704 680 3759 ratione
698 3721 764 3758 usus
781 3719 935 3759 sacramen·
962 3714 1129 3760 staturarum
1156 3712 1266 3759 creator
1292 3713 1318 3758 et
1347 3706 1489 3775 dominns,
1519 3708 1569 3775 qui
1595 3707 1731 3775 producit
1760 3707 1796 3760 ds

11 3796 34 3836 ¹·
46 3795 89 3839 ιιι·
101 3793 172 3850 talis.
209 3792 380 3848 Lanfrancus
397 3790 451 3846 hoc
468 3790 655 3846 testimouium
674 3807 730 3845 non
748 3789 840 3859 potuit
856 3789 937 3844 aliter
963 3801 1041 3846 terra
1053 3808 1166 3864 ponens,
1184 3794 1220 3846 de
1235 3807 1313 3861 pane
1331 3809 1439 3860 ruram,
1456 3793 1524 3860 auia
1544 3800 1570 3846 et
1585 3800 1676 3862 potest
1694 3800 1720 3846 et
1727 3811 1797 3860 pro-

102 3879 223 3948 eludsre,
240 3895 325 3949 quam
343 3884 375 3931 ut
392 3877 504 3946 diceret,
522 3877 607 3930 rerba
625 3877 680 3931 sila
697 3895 753 3931 nan
773 3877 897 3945 reperiri
907 3878 937 3931 in
964 3877 1050 3943 misit,
1082 3879 1170 3942 efficit
1195 3877 1343 3947 proprium
1375 3896 1493 3946 carpum
1521 3886 1547 3931 et
1571 3879 1639 3946 qnia
1663 3880 1699 3932 de
1722 3897 1799 3948 nassa

103 3965 267 4033 Ambrosio,
284 3964 334 4019 sed
353 3962 487 4034 quiahoc
504 3980 558 4019 non
577 3963 711 4032 consistit,
727 3980 791 4017 cum
807 3964 890 4018 etiam
909 3964 937 4019 in
964 3965 1058 4019 vinum
1076 3964 1154 4027 fecit,
1173 3965 1209 4017 de
1225 3964 1289 4016 oino
1299 3965 1462 4032 sangninem
1472 3981 1552 4016 mum
1561 3964 1647 4028 soci.
1674 3962 1798 4033 Respon-

100 4054 161 4122 jurs
192 4050 326 4106 canonico
355 4048 518 4121 allegentur,
549 4066 573 4103 e.
620 4048 707 4104 Panis
734 4056 777 4105 est
801 4050 831 4104 in
847 4050 937 4106 altari.
964 4051 1073 4105 demus:
1100 4048 1157 4104 Cur
1175 4065 1241 4121 ergo
1262 4048 1383 4104 Thomas
1400 4048 1473 4103 hano
1489 4047 1580 4104 thesin
1596 4048 1741 4119 reprobat,
1762 4049 1798 4105 de

103 4138 163 4193 dist
197 4143 221 4192 ι.
254 4137 290 4191 de
319 4140 470 4191 consecret.
514 4135 580 4190 ldeo
609 4134 709 4190 Petrus
736 4153 754 4191 a
777 4135 843 4192 Soto
861 4136 937 4206 dicit,
963 4154 1035 4208 pane
1060 4135 1093 4191 fit
1113 4152 1214 4207 eorpus
1239 4135 1341 4191 Christi
1365 4141 1435 4206 part
1453 4141 1478 4191 3.
1497 4151 1522 4205 q.
1544 4141 1584 4190 75.
1604 4141 1656 4192 art.
1674 4141 1704 4192 8:
1732 4136 1798 4191 Nan

103 4224 176 4296 quod
193 4228 325 4278 maneant
343 4223 449 4275 scilicet
466 4223 496 4275 in
516 4222 600 4276 aliud
614 4230 733 4290 mutata,
753 4223 801 4278 sed
819 4223 936 4279 Ambro·
960 4231 1053 4293 potest
1068 4224 1187 4293 proprie
1208 4222 1269 4276 dici
1286 4222 1355 4289 (ait),
1372 4224 1449 4291 quod
1466 4223 1502 4274 de
1519 4238 1574 4275 non
1594 4230 1653 4276 ente
1668 4223 1725 4290 fiat
1743 4239 1798 4291 ens,

102 4311 157 4366 sins
177 4325 305 4380 expresse
324 4308 404 4377 dicit,
421 4316 452 4362 ut
470 4308 534 4376 sint,
551 4325 624 4376 orsae
644 4317 737 4377 erant,
763 4316 790 4362 et
806 4310 835 4362 in
854 4310 938 4363 aliud
963 4311 1007 4363 vel
1030 4312 1107 4378 quod
1130 4312 1165 4363 de
1186 4325 1262 4378 pane
1285 4311 1336 4372 nat
1353 4325 1455 4377 corpus
1474 4308 1586 4363 Christi.
1624 4308 1799 4364 Gaudentius

103 4387 245 4451 nateniur.
276 4393 461 4450 Bellarminus
477 4393 524 4449 lib.
537 4400 561 4452 2.
574 4393 731 4451 deeuohan.
747 4412 771 4450 o.
787 4401 825 4450 tt.
840 4394 878 4448 sie
891 4412 935 4449 co
962 4396 1016 4450 luit
1039 4393 1194 4463 Ambrosii,
1220 4394 1317 4464 Cyrilli
1346 4399 1374 4449 et
1393 4394 1513 4464 Nysseni
1532 4400 1710 4462 coaetaneus,
1737 4395 1798 4464 sjus

103 4487 183 4536 natur
203 4480 284 4548 elabi,
302 4487 332 4533 nt
350 4482 407 4534 sint
423 4482 600 4549 extrinsecus,
618 4498 690 4549 quae
704 4488 794 4548 erant,
812 4498 868 4534 non
886 4499 935 4534 au·
963 4498 1029 4553 ergo
1056 4481 1161 4535 dietum
1189 4497 1222 4535 ex
1251 4479 1306 4534 illis
1333 4480 1492 4535 auctoribus
1519 4481 1705 4552 explicamus:
1741 4479 1797 4534 imo
1848 4525 1852 4531 .

101 4573 150 4621 tem
172 4567 354 4630 intrinsecas,
381 4565 409 4619 id
428 4582 492 4620 sero
511 4566 651 4637 exemplo,
677 4566 751 4638 quod
772 4565 936 4621 Ambrosius
962 4569 1021 4639 ipse
1045 4567 1221 4623 Gaudentius
1250 4567 1293 4620 sui
1322 4567 1410 4637 ipsius
1431 4567 1565 4637 interpres
1592 4566 1725 4637 optimus,
1757 4567 1798 4622 sic

102 4652 203 4709 ibidem
234 4652 394 4723 subjungit,
427 4651 574 4709 manifeste
604 4659 755 4725 repugnat:
800 4655 844 4706 Tu
875 4654 936 4722 ipse
962 4655 1034 4710 enim
1053 4652 1171 4708 ibidem:
1198 4654 1234 4707 In
1252 4653 1306 4706 bac
1325 4654 1451 4722 veritate,
1470 4671 1526 4722 aaa
1542 4670 1643 4719 sumus,
1660 4670 1733 4706 unus
1743 4670 1797 4723 pro

103 4757 178 4808 eras,
204 4741 256 4793 sed
278 4755 341 4792 eras
364 4747 440 4792 uatus
459 4747 598 4793 creatura.
634 4740 824 4809 Posteaquam
841 4756 933 4794 conse·
962 4740 1087 4795 omnibus
1103 4747 1242 4807 mortuns,
1259 4746 1285 4792 et
1304 4740 1378 4792 idem
1392 4755 1449 4805 per
1466 4739 1598 4808 singulm
1616 4739 1798 4794 technarum

102 4833 196 4879 matus
219 4841 248 4878 es
267 4828 327 4894 (per
345 4822 536 4895 baptismum),
558 4841 631 4878 nooa
648 4832 782 4878 creatura
799 4843 858 4880 esse
876 4843 936 4879 eae·
962 4830 1061 4882 dontos
1086 4826 1116 4880 in
1139 4826 1271 4894 mysterio
1290 4825 1378 4894 panis
1403 4833 1428 4879 st
1445 4827 1505 4879 cini
1521 4827 1611 4884 reicit
1630 4825 1798 4890 immolatus,

98 4910 174 4977 pesti.
214 4910 264 4963 Vis
283 4910 366 4972 scire,
390 4926 473 4978 quam
491 4927 563 4963 noua
579 4914 736 4964 mentina?
766 4912 875 4980 Omnis,
893 4912 934 4966 in·
962 4913 1084 4981 vivificat
1110 4912 1247 4979 creditus,
1270 4918 1463 4965 consecrantes
1479 4911 1638 4976 sanctificat
1653 4927 1797 4966 consecra

101 4997 158 5066 qun
183 4995 342 5065 apostolus,
364 4996 394 5048 in
418 4995 530 5050 Christo
555 5014 628 5048 nava
646 5004 777 5051 creatura
795 5005 844 5054 est.
880 4999 935 5052 Aa·
962 5006 1014 5054 tus.
1047 4996 1135 5053 Item:
1160 4997 1246 5051 Recte
1269 4997 1437 5065 oinispecie
1454 4998 1650 5065 sanguisejus
1667 4997 1796 5066 etprimi-

100 5082 158 5152 cs‘ps
183 5097 267 5151 erga,
292 5082 525 5151 quaemadmodum
545 5097 635 5140 semna
656 5081 762 5137 otristt
778 5093 936 5139 creaturam
962 5092 1023 5148 tur,
1045 5084 1112 5153 quia
1129 5100 1192 5136 cum
1210 5083 1270 5152 ι’μισ
1289 5083 1318 5135 in
1338 5082 1482 5153 euangelio
1503 5083 1587 5136 dicit:
1612 5099 1662 5150 eaa
1679 5102 1740 5137 sum
1758 5085 1797 5138 oi·

101 5183 206 5220 omnem
230 5174 339 5220 mamre
360 5167 543 5234 consueverit,
567 5174 593 5219 st
616 5175 717 5234 mutat,
740 5172 853 5237 qumodo
870 5171 936 5237 anit,
962 5171 998 5224 tis
1018 5185 1095 5238 aera,
1112 5167 1183 5221 satis
1203 5169 1340 5236 declarat,
1358 5169 1524 5237 sangninem
1542 5186 1623 5222 suum
1640 5186 1698 5224 esse
1717 5186 1796 5225 amne

100 5252 226 5307 instituta
242 5259 378 5318 naturae:
397 5268 431 5307 ex
449 5268 504 5322 quo
522 5250 671 5322 colligitur,
688 5270 789 5322 panem
802 5263 830 5311 et
840 5257 935 5312 vinnm
962 5259 1068 5324 uinum,
1104 5256 1181 5324 qaod
1211 5255 1242 5307 in
1264 5256 1364 5323 ficum
1394 5255 1539 5326 passionis
1576 5256 1638 5324 ejus
1672 5258 1794 5327 offerta.

100 5336 128 5390 in
145 5354 226 5392 sacra
244 5354 331 5393 mena
347 5337 448 5392 mutari
467 5353 523 5392 non
543 5337 713 5407 substantie,
731 5339 780 5393 sed
800 5342 935 5411 qualitate
961 5350 987 5400 9.
1006 5341 1218 5413 chrysostomus
1243 5339 1315 5396 hom.
1340 5346 1382 5397 83.
1403 5340 1432 5394 in
1449 5338 1549 5395 Matth.
1572 5359 1676 5411 parum
1699 5344 1794 5400 immu-
1806 5359 1827 5402 ι.
1840 5358 1910 5412 atrr-

101 5430 128 5477 et
145 5441 211 5493 usu,
231 5423 464 5494 quemadmodum
484 5431 512 5479 et
527 5439 578 5479 nos
595 5423 625 5479 in
641 5423 780 5494 baptismo
797 5432 935 5486 mutamur
961 5429 1036 5494 tari;
1060 5426 1131 5483 hom.
1161 5426 1197 5482 de
1221 5427 1297 5482 enclu
1326 5427 1354 5482 in
1379 5443 1489 5483 onooen.
1514 5431 1647 5498 mysteria
1669 5433 1796 5486 consumi
1808 5411 1913 5455 'm‘

101 5525 155 5564 non
173 5507 337 5572 substantia,
357 5509 406 5564 sed
426 5509 572 5579 qualitate,
589 5509 706 5581 proinde
723 5512 798 5582 qaod
816 5513 933 5571 Ambro-
961 5515 1089 5587 carporsb
1114 5513 1273 5568 substantio
1291 5513 1395 5570 asserit
1430 5514 1658 5586 Respondemus:
1688 5517 1794 5574 Beller-
1806 5527 1832 5571 x.
1844 5526 1892 5575 ιιι
