4004 6022
213 135 276 204 ete
779 129 900 199 LOCUS
916 137 1120 203 wensinus
1138 138 1338 203 SECUNDUS

215 298 270 365 tyr.
288 309 353 366 pag.
373 297 432 358 eet,
451 292 583 350 monitare
602 308 658 348 non
674 293 863 351 tuiteonatus.
892 291 1134 354 Bachaias-item.
1186 302 1212 352 2.
1240 298 1386 354 Baianus
1412 314 1445 355 ex
1476 299 1644 356 revelatione
1672 298 1733 356 Dei
1765 295 1902 371 prutina

212 395 261 433 rus
289 379 386 446 refert,
415 385 557 450 parentem
586 379 722 448 suumin
746 380 807 450 ripe
828 388 886 436 tum
904 382 1043 437 adstitisse
1069 383 1163 440 futura
1185 383 1269 441 Num.
1294 390 1344 451 tt,
1367 401 1393 442 r.
1419 389 1458 444 16.
1480 385 1529 456 qui
1547 391 1641 442 tamen
1659 382 1715 441 fnit
1732 384 1825 441 falsus
1842 405 1898 458 pro

176 468 181 482 ‘
213 463 337 520 Luthero
364 469 393 520 et
418 466 476 519 suis
501 464 588 520 oculis
611 463 679 520 baec
702 465 804 521 vidisse
828 473 912 539 etque
930 467 1043 522 auribus
1069 468 1155 540 pheta
1177 475 1206 523 et
1225 470 1323 542 religio
1343 471 1430 540 ipsius
1456 471 1511 525 fuit
1535 471 1653 528 ethnica.
1697 477 1721 529 3.
1750 471 1786 525 In
1803 474 1900 543 populo

215 551 368 615 audivisse,
401 551 475 621 quod
506 550 643 605 lutherus
669 551 844 607 vehementer
872 552 989 609 doluerit
1016 560 1045 609 et
1071 557 1223 611 Israiilitico
1239 557 1393 627 complures
1408 559 1670 631 pseudoprrmisetae
1690 558 1790 613 divina
1804 560 1899 614 somnis

214 636 283 692 haee
307 637 392 692 verba
416 635 569 692 addiderit:
610 637 644 691 st
664 655 776 709 possem
794 642 934 693 miracula
953 642 1043 704 edere,
1070 660 1103 697 ac
1121 641 1301 698 revelationes
1322 642 1429 697 divinas
1444 645 1615 713 jactitarunt.
1645 644 1752 702 ierem.
1773 650 1814 713 23,
1827 650 1899 700 nti.

214 742 286 778 eirene
311 732 336 777 te
360 725 517 778 enodarem.
553 732 577 778 7.
597 724 736 790 Quantum
754 725 932 781 tribuendum
951 728 987 783 sit
1003 726 1044 780 fa·
1071 729 1138 782 dicit
1174 727 1322 783 Dominus:
1361 730 1471 782 Arsds’oi
1494 744 1565 800 quae
1591 731 1722 784 diamant
1748 731 1900 803 propbetas

214 811 297 866 balae
327 810 361 865 de
386 810 552 866 intolerabili
583 809 688 867 foetore
718 828 751 866 ex
782 811 897 867 Lutheri
930 829 1044 883 corpore
1066 814 1265 886 prophetantes
1290 815 1319 866 in
1342 830 1402 867 meo
1429 815 1539 868 nomine
1562 816 1742 869 mendacium
1763 825 1844 885 atque
1861 817 1898 869 di·

214 896 372 962 exhalante,
395 896 477 951 facile
501 895 639 968 colligitur
657 913 691 950 ex
709 914 755 966 eo,
780 899 855 970 quod
872 899 936 954 vivo
953 899 1044 953 adhuc
1070 907 1165 968 centes,
1184 900 1329 967 somniavi,
1346 900 1489 954 somniari.
1509 919 1532 953 v.
1551 906 1598 956 32:
1616 902 1693 955 Eece
1711 918 1766 969 epo
1787 904 1828 955 ad
1838 920 1898 974 pro·

213 980 336 1037 Luthero
360 981 483 1037 fabulam
506 982 656 1053 sparserint
674 984 708 1038 de
727 985 834 1055 tragico
854 984 941 1054 ipsius
958 985 1043 1054 obitu,
1065 985 1166 1055 pietas
1192 987 1360 1038 somniantes
1386 986 1577 1055 mendacium,
1604 989 1645 1040 ait
1670 988 1829 1055 Dominus,
1855 989 1900 1057 orsi

213 1087 297 1142 quam
327 1067 465 1123 Lutherus
492 1069 521 1122 in
549 1070 618 1123 viris
644 1070 735 1125 adhue
764 1071 895 1126 exsistens
921 1070 1044 1126 mascula
1068 1080 1253 1124 narraverunt
1281 1088 1315 1123 ea
1341 1079 1365 1124 et
1394 1074 1564 1126 seduxerunt
1588 1072 1731 1143 populum
1759 1089 1849 1126 meum
1872 1077 1897 1125 in

213 1155 368 1213 confutavit
384 1162 448 1210 tom.
468 1161 493 1211 8.
530 1155 640 1212 deneas.
658 1154 787 1210 German.
806 1156 853 1210 fol.
873 1163 930 1211 206.
949 1173 1045 1227 quern.
1068 1157 1213 1209 mendesio
1233 1174 1283 1210 suo
1304 1163 1329 1208 et
1340 1157 1369 1208 in
1380 1158 1462 1226 nupia
1474 1157 1534 1209 suis
1546 1162 1598 1212 eto.
1623 1157 1811 1214 Memorabile
1822 1159 1896 1229 hujus

213 1242 362 1297 admodum
380 1242 462 1295 etiam
481 1241 515 1295 de
533 1242 607 1295 Besa
625 1241 741 1296 fabulati
759 1242 877 1312 fuerant,
898 1242 989 1313 ipsum
1004 1243 1045 1295 ad
1067 1241 1107 1296 rei
1131 1243 1284 1312 exemplum
1309 1249 1399 1297 exstat
1424 1250 1446 1297 l.
1470 1243 1541 1314 Reg.
1567 1248 1612 1309 1³,
1638 1261 1665 1298 v.
1690 1249 1732 1299 te.
1753 1244 1803 1299 ubi
1821 1261 1896 1299 senex

214 1329 356 1382 acetosum
382 1328 537 1381 Romanam
561 1329 589 1381 in
614 1344 702 1394 apone
721 1329 819 1380 modu
838 1329 970 1390 rediisse,
993 1327 1043 1380 sed
1069 1328 1180 1399 quidam
1207 1328 1342 1398 prophete
1369 1329 1399 1380 in
1423 1329 1524 1382 Batnai
1548 1329 1677 1384 habitans
1702 1330 1766 1384 viro
1793 1330 1845 1386 Dei
1870 1347 1898 1384 ac

214 1415 288 1469 Beza
309 1413 401 1469 adhuc
427 1415 505 1467 vivus
525 1413 637 1484 publico
655 1413 757 1483 scripto
773 1412 842 1467 illud
860 1419 1041 1468 commentum
1068 1430 1132 1468 vero
1151 1414 1301 1486 prophetae
1320 1412 1422 1468 falsum
1440 1430 1472 1469 ac
1489 1416 1600 1469 noxium
1617 1414 1728 1485 aliquid
1746 1417 1897 1486 persuadet.

213 1500 325 1571 repulit.
373 1500 438 1570 Ipse
474 1517 583 1572 quoque
613 1499 724 1555 fabulae
754 1500 840 1554 rerba
869 1499 1041 1554 mendacium
1069 1501 1108 1552 Et
1125 1516 1174 1568 epo
1195 1500 1304 1571 (iuquit)
1324 1502 1464 1572 propheta
1482 1519 1543 1553 eram
1562 1502 1664 1555 similis
1682 1504 1727 1554 tui
1745 1510 1772 1556 et
1789 1503 1926 1571 anysius·

213 1586 345 1658 produnt,
373 1586 579 1655 diciturenim,
597 1586 670 1657 quod
685 1585 721 1640 ob
740 1585 939 1641 intolerabilem
957 1586 1042 1640 foeto-
1067 1585 1175 1638 loeutus
1193 1593 1234 1638 eat
1252 1587 1323 1639 mili
1340 1587 1369 1639 in
1387 1603 1512 1641 somnone
1530 1589 1651 1642 Domini
1667 1589 1786 1642 dicem.-
1806 1591 1898 1642 Reduc

214 1689 269 1729 rem
291 1690 391 1745 corpus
411 1673 527 1727 Lutheri
545 1672 574 1726 in
596 1672 692 1727 itinere
709 1671 794 1727 fuerit
813 1672 954 1739 relietum,
979 1689 1041 1726 oum
1068 1688 1129 1724 essm
1153 1680 1249 1725 tecum.
1295 1679 1315 1727 t.
1336 1671 1378 1726 Ex
1403 1672 1484 1727 unius
1502 1672 1662 1745 prophetico
1680 1675 1758 1730 dono
1777 1676 1899 1730 instructi

214 1758 244 1813 in
262 1758 419 1829 praesentia
438 1758 545 1829 aliquot
562 1757 678 1811 millium
695 1756 875 1829 Witebergae
895 1757 1043 1813 honorifice
1068 1758 1197 1812 vaticinio
1227 1775 1281 1813 non
1307 1765 1349 1813 est
1376 1760 1622 1829 pronuntiandum,
1654 1762 1733 1832 quod
1758 1768 1834 1817 totus
1857 1763 1899 1818 ills

214 1845 283 1900 illud
302 1846 339 1901 ait
358 1844 495 1916 sepultum
514 1849 542 1899 et
561 1843 687 1915 quidem,
706 1849 738 1897 ut
756 1843 917 1899 Melanthon
938 1844 1040 1903 scribit,
1068 1850 1172 1912 coetus,
1184 1861 1239 1916 quo
1252 1845 1328 1915 vivit,
1344 1846 1380 1899 sit
1394 1847 1592 1901 veroeeclesia.
1611 1849 1723 1902 Daniel
1733 1849 1764 1903 in
1773 1864 1898 1904 consessu

213 1931 439 1998 honorificentius
458 1948 541 2001 quam
558 1932 707 1984 multorum
728 1931 890 2002 principum
914 1948 1041 2002 corpora.
1069 1930 1896 2002 BelsazerisetprocerumejusfuturapraedicitDen.5,u.28.

213 2019 307 2074 Facile
331 2025 422 2074 autem
445 2017 581 2073 credimus
605 2016 785 2083 Bellarmino‚
810 2011 962 2071 Lutherum
987 2032 1041 2070 uon
1067 2033 1119 2071 nec
1138 2024 1231 2072 tamen
1249 2018 1297 2072 ille
1315 2026 1409 2073 coetus
1427 2027 1486 2073 erat
1504 2018 1629 2073 ecclesia
1668 2018 1820 2093 Caiaplas
1836 2038 1897 2091 pon-

213 2112 280 2160 tune
298 2105 399 2174 solum,
422 2105 472 2159 sed
498 2103 589 2158 adhuc
611 2103 693 2158 bodie
712 2102 822 2158 odorem
841 2102 956 2173 papatui
972 2102 1041 2156 into·
1066 2104 1133 2159 tifex
1159 2104 1188 2158 in
1214 2103 1344 2175 synedrio
1374 2104 1625 2175 Hierosolymitano
1652 2105 1809 2176 prophetat
1837 2106 1895 2162 Job.

213 2192 356 2248 larabilem
376 2190 516 2260 exhalare,
538 2208 600 2246 cum
615 2192 696 2261 juxta
713 2189 799 2260 ipsius
818 2189 978 2242 vaticinium
995 2205 1041 2260 pe·
1071 2196 1108 2258 tl,
1126 2208 1152 2246 v.
1172 2197 1212 2244 51.
1230 2206 1321 2260 neque
1339 2196 1431 2245 tamen
1449 2198 1543 2245 coetus
1560 2191 1607 2245 ille
1622 2197 1682 2246 erat
1695 2208 1765 2246 vera
1780 2193 1898 2247 ecclesia

214 2277 264 2334 stis
287 2277 370 2333 fuerit
396 2293 486 2348 papae
508 2276 599 2331 adhuc
621 2276 713 2344 vivus,
738 2274 854 2331 moriens
877 2281 970 2329 autem
988 2274 1041 2344 ipsi
1067 2282 1090 2329 5.
1103 2274 1272 2330 Difficillime
1291 2277 1420 2348 cognosci
1436 2282 1534 2347 potest,
1546 2293 1617 2349 quae
1629 2277 1840 2347 praedictiones
1851 2280 1899 2333 sint

213 2382 284 2420 mers
314 2364 454 2419 exstiterit.
504 2367 526 2418 8.
554 2361 634 2426 Quod
665 2362 699 2416 de
726 2360 802 2414 irrito
827 2378 859 2415 ac
886 2361 1042 2415 frustraneo
1067 2363 1183 2418 divinae.
1225 2363 1381 2418 Daemones
1405 2363 1477 2419 enim
1500 2381 1562 2417 cum
1583 2368 1654 2418 teste
1669 2363 1784 2418 Isidoro
1801 2363 1897 2436 triplici

212 2449 345 2505 miracula
362 2448 462 2504 edendi
480 2455 581 2502 conatu
600 2445 921 2502 LutheroBeliarminus
937 2446 1044 2515 tribuit,
1068 2449 1193 2503 acumine
1220 2448 1357 2518 polleant,
1386 2450 1538 2502 subtilitate
1563 2457 1701 2518 notares,
1731 2451 1899 2520 experientia

212 2538 240 2591 id
257 2535 365 2591 'rectius
393 2535 429 2589 de
455 2532 594 2588 societatis
619 2550 686 2587 suae
712 2533 868 2587 hominibus
888 2532 944 2586 dici
961 2548 1043 2602 posse
1067 2543 1220 2604 temporum
1254 2543 1280 2587 et
1310 2536 1480 2589 revelatione
1510 2537 1689 2604 asperiorum
1724 2546 1898 2606 potestatum,

212 2628 350 2677 testantur
360 2619 498 2688 historiae,
511 2618 922 2690 depatreseilicetJustiniano
935 2617 1041 2689 lepram
1066 2621 1128 2677 ideo
1155 2622 1292 2692 quaedam
1317 2620 1411 2676 futura
1434 2622 1573 2691 praescire
1597 2638 1630 2675 ae
1652 2623 1822 2692 praedicere
1844 2641 1897 2696 por·

213 2708 368 2776 simulante,
386 2712 418 2759 ut
435 2724 468 2762 ex
486 2705 629 2759 sanatione
648 2704 809 2759 miraculum
827 2704 986 2772 fabricaret,
1007 2704 1041 2758 de
1065 2713 1139 2762 sunt.
1179 2709 1358 2779 Augustinus·
1376 2709 1423 2763 lib.
1446 2716 1470 2764 9.
1493 2708 1528 2763 de
1549 2709 1601 2764 civ.
1622 2707 1676 2764 Dei
1705 2725 1731 2766 c.
1753 2716 1804 2766 22:
1828 2713 1896 2765 Das-

213 2795 323 2849 Jesuita
351 2793 516 2862 Augustano
545 2789 574 2843 in
602 2797 737 2860 spectrum
766 2807 795 2845 se
822 2791 1040 2857 transformante,
1066 2811 1159 2848 mones
1184 2812 1240 2849 non
1264 2802 1394 2847 aeternas
1419 2802 1569 2864 temporum
1592 2812 1694 2849 sarisas
1720 2805 1747 2848 et
1770 2798 1897 2866 quodan-

214 2881 262 2935 sed
287 2877 409 2951 pugione
434 2874 560 2930 confosso
581 2880 632 2930 eie·
670 2874 780 2929 Beruch
798 2875 994 2930 Molithoraeut
1012 2874 1040 2927 in
1066 2882 1150 2934 modo
1174 2879 1337 2935 cardinales
1364 2882 1393 2933 in
1417 2882 1475 2934 Dei
1499 2881 1643 2950 sapientia
1667 2885 1897 2952 contemplantur,

213 2967 290 3021 novis
308 2961 448 3020 Jesuiticis
465 2978 493 3030 p.
512 2964 554 3017 38.
573 2959 608 3014 de
627 2958 758 3015 Scherero
777 2960 864 3015 simile
882 2961 951 3032 quid
969 2977 1041 3015 oom-
1066 2968 1118 3020 sed
1142 2969 1319 3037 quorundam
1342 2967 1484 3037 eipnorum
1503 2967 1581 3020 nobes
1601 2969 1779 3023 orandorum
1798 2971 1898 3039 majore

213 3058 353 3108 memorat.
394 3048 483 3111 Quam
510 3046 620 3118 (inquit)
645 3047 801 3100 dostram
818 3047 991 3110 confirmauit
1007 3048 1041 3100 P·
1067 3054 1237 3122 experientia
1260 3053 1346 3106 multo
1362 3054 1450 3122 plura
1469 3070 1551 3122 quam
1571 3054 1697 3107 homines
1715 3056 1823 3120 futura
1837 3074 1896 3127 pro

216 3138 356 3207 Georpiuo
382 3135 544 3206 Sobererus,
570 3151 632 3186 cum
656 3131 776 3185 Viennae
789 3134 911 3206 pessimo
928 3133 1041 3186 cuidam
1066 3141 1201 3208 spiciunt,
1219 3140 1418 3209 dispositiones
1435 3156 1540 3209 quoquae
1556 3157 1623 3193 suas
1642 3142 1807 3210 air'quando
1820 3157 1896 3212 praa

212 3224 319 3279 homini
334 3223 532 3295 persuaderet,
558 3228 588 3272 ut
606 3227 823 3273 aasemortuum
840 3220 985 3274 simularet
1008 3239 1041 3273 ae
1067 3227 1196 3279 nuntiant
1214 3233 1240 3278 ot
1256 3241 1340 3296 saepe
1359 3225 1511 3285 falluntur.
1537 3225 1585 3281 lib.
1606 3227 1895 3285 t,de'1'rinit,e,tt:

205 3314 320 3380 fustra
339 3324 398 3362 sese
420 3307 528 3380 imponi
541 3313 696 3378 pateretur,
715 3322 797 3374 quem
811 3323 872 3360 cum
884 3307 997 3360 Jesuita
1009 3324 1042 3360 en
1068 3314 1220 3366 Potestateo
1233 3317 1332 3365 aireae
1341 3311 1474 3381 fallaces,
1487 3313 1597 3366 etiamsi
1608 3316 1753 3382 quaedam
1767 3333 1787 3368 a
1800 3315 1896 3369 annoni

213 3396 364 3470 composito
383 3394 517 3447 suscitare
535 3392 625 3459 uelkt,
642 3401 842 3446 ueremortuus
854 3401 1040 3464 astrapen-tue.
1063 3399 1209 3468 prophetis
1234 3397 1277 3450 vel
1304 3398 1413 3467 anastas
1441 3399 1541 3451 audita
1567 3415 1631 3452 uere
1656 3417 1711 3469 per
1736 3419 1807 3458 suos
1829 3409 1896 3457 oeta

213 3482 268 3540 Sed
289 3483 324 3537 de
340 3479 462 3551 his‘plus
482 3478 557 3533 eatis.
1068 3486 1173 3539 dhisse
1201 3485 1395 3554 reperiuntur,
1421 3485 1473 3538 hoe
1497 3476 1642 3556 fecerunt,
1670 3495 1702 3540 ut
1724 3505 1786 3556 per
1811 3489 1897 3543 aliena

1066 3589 1134 3626 uera
1151 3571 1274 3625 homines
1290 3573 1331 3624 ad
1346 3587 1399 3625 sua
1414 3572 1494 3636 falsa
1513 3575 1703 3630 traducerent.
1739 3573 1896 3647 chqsosto

518 3670 730 3681 ·“·’·-·“··
868 3657 878 3672 ”
1068 3676 1128 3712 mus
1150 3658 1241 3714 homil
1261 3664 1299 3714 19.
1319 3673 1393 3729 oper.
1416 3657 1521 3729 imperf.
1546 3659 1574 3713 in
1592 3659 1709 3716 Manu:
1738 3661 1896 3716 Concessum

94 3839 140 3887 m
154 3840 200 3885 s
457 3804 680 3866 suno
715 3803 796 3864 ιιι.
1068 3745 1653 3885 tutetturmam.-
1668 3750 1897 3904 tutat

212 3969 276 4035 DE
290 3961 585 4033 DUODECIMA
600 3959 878 4027 EOCLESIAE
897 3959 1030 4026 NOTA
1069 3933 1161 3970 uarum
1181 3917 1299 3986 diceret,
1319 3933 1369 3969 nec
1386 3918 1427 3969 ad
1447 3918 1623 3970 tentationem
1635 3926 1757 3986 poterat
1773 3923 1898 3991 sufficere

1032 4008 1040 4043 t
1068 4002 1192 4055 seductio
1213 4002 1280 4071 ejus.
1311 4001 1405 4058 homil.
1428 4007 1466 4057 29.
1486 4001 1514 4055 in
1537 4008 1558 4056 l.
1571 4001 1633 4058 Cor.
1653 4003 1748 4070 docet,
1761 4008 1897 4076 judicium

213 4070 357 4152 QUAM
378 4062 749 4132 BELLARMINUS
771 4061 1041 4146 ASSIGNA'P,
1069 4105 1127 4143 ,m
1159 4088 1374 4153 difficillimum,
1409 4106 1463 4159 quo
1491 4088 1591 4156 sarm
1617 4091 1764 4159 proptera
1792 4112 1812 4146 a
1840 4109 1897 4146 „m

248 4170 386 4252 ausu
409 4166 503 4235 ner
526 4165 708 4232 annau
728 4163 1012 4230 eneruem·
1069 4175 1199 4243 snum
1217 4176 1326 4243 possse,
1353 4184 1410 4228 ιιι
1436 4177 1514 4245 ,aa
1535 4175 1741 4245 pinninum
1768 4180 1846 4234 ιιιι
1867 4180 1897 4232 ιι

568 4266 682 4334 CUM,
1062 4262 1176 4329 suturis
1195 4262 1359 4331 plerumque
1379 4270 1442 4315 sunt
1464 4269 1611 4330 concepta,
1638 4279 1689 4315 nse
1711 4273 1782 4320 ante
1800 4275 1897 4337 tompus

1068 4355 1192 4401 exactum
1220 4347 1350 4414 eopnoeci
1369 4347 1476 4415 possit,
1502 4366 1540 4400 an
1565 4348 1627 4418 quis
1653 4351 1824 4421 mentiatur,
1849 4361 1897 4405 tuat

86 4474 120 4519 Λ,
133 4472 168 4516 ln·
249 4451 306 4504 tet.
341 4443 498 4500 Memdrum
515 4439 647 4512 primum.
686 4435 763 4492 Sitne
786 4436 879 4491 lumen
901 4436 1040 4508 propheti·
1068 4434 1145 4504 prend
1159 4433 1233 4499 falsi
1247 4433 1481 4502 propietaeuera
1494 4435 1674 4502 praedicunt.
1709 4436 1897 4495 Damascenus

87 4530 200 4576 mm·
214 4549 277 4588 cum
302 4530 424 4605 genuina
447 4535 475 4583 et
497 4525 609 4597 propria
633 4523 765 4580 eeclesiae
788 4521 873 4577 nota?
909 4522 988 4587 Quod
1008 4523 1042 4578 de
1068 4520 1115 4575 lib.
1135 4525 1157 4574 2.
1177 4518 1246 4574 ortb
1265 4516 1311 4575 fid.
1331 4535 1354 4573 e.
1370 4525 1401 4574 t:
1422 4522 1588 4592 προλέγουσι
1607 4521 1638 4573 δὲ
1659 4524 1756 4576 arist
1774 4527 1898 4599 δαίμονές

86 4580 201 4671 iiiiii?
214 4619 367 4682 miraculis,
396 4617 469 4671 idem
496 4614 531 4668 de
558 4611 694 4666 vaticiniis
717 4610 941 4681 pronuntiamus,
968 4609 1042 4681 quod
1064 4621 1136 4660 ’ποτε
1159 4602 1269 4679 plutei
1292 4603 1404 4679 μακρὰν
1432 4606 1565 4676 γινόμενα
1589 4610 1756 4677 βλέποντες,
1784 4615 1852 4667 nori
1872 4611 1898 4664 di

73 4680 162 4775 ζῗῖἐ““
214 4705 320 4762 scilieet
345 4705 404 4758 sola
429 4708 457 4757 et
472 4718 523 4772 per
542 4717 572 4755 se
591 4697 764 4753 considerata
784 4713 840 4750 non
858 4696 976 4766 probent
996 4696 1043 4751 do·
1069 4690 1277 4765 στοχαζόμενοι,
1302 4690 1370 4746 ὅθεν
1394 4697 1440 4745 καὶ
1462 4691 1495 4746 ιὰ
1520 4693 1609 4745 nolli
1634 4693 1794 4763 podienses
1816 4695 1856 4760 οἷς
1871 4694 1897 4752 oi·

216 4794 320 4848 atrimae
338 4789 495 4856 veritatem,
516 4793 574 4840 tum
593 4785 729 4856 quianon
748 4788 812 4836 sunt
832 4781 963 4836 ecclesiae
982 4798 1043 4854 pro·
1070 4782 1115 4833 dei
1133 4777 1272 4831 narretur
1291 4775 1344 4830 asir
1368 4777 1525 4846 &interimat
1548 4780 1688 4841 πολλάκις.
1727 4782 1898 4856 ”Josephus

215 4879 292 4951 pria,
316 4882 376 4932 tum
400 4872 466 4945 quia
491 4870 529 4925 illi
551 4887 607 4925 non
622 4874 687 4922 sunt
706 4874 849 4940 perpetua.
884 4866 964 4932 Quod
981 4884 1042 4937 pro·
1069 4864 1117 4919 lib.
1138 4870 1178 4922 15.
1202 4864 1289 4935 antiq.
1313 4881 1335 4919 c.
1357 4869 1396 4921 13.
1416 4871 1563 4934 memorat,
1588 4866 1747 4923 meatem
1768 4871 1898 4926 Eremos·

215 4966 325 5039 phetiae
355 4963 457 5016 donum
483 4975 538 5012 non
564 4956 600 5010 sit
627 4955 759 5009 ecciesiae
786 4969 870 5008 verae
893 4954 1043 5025 proprium,
1071 4952 1184 5005 Herodi
1208 4950 1310 5003 adnue·
1320 4966 1412 5019 puero
1437 4950 1534 5004 ludum
1554 4951 1715 5007 literarium
1731 4960 1845 5025 petenti
1862 4958 1898 5011 ob

215 5057 294 5124 patet
311 5067 344 5105 ex
362 5047 405 5102 his
423 5041 619 5101 fundamentis.
653 5046 674 5095 1.
693 5039 777 5096 Deut.
799 5044 837 5106 1³,
856 5057 881 5092 v.
903 5045 925 5094 l.
944 5040 1044 5094 diserte
1069 5039 1144 5092 uiam
1165 5040 1274 5102 factum
1296 5053 1411 5104 reanum
1429 5036 1476 5089 ilii
1488 5037 1684 5106 praediaisse,
1711 5043 1760 5094 eui
1777 5044 1898 5098 Herodes

216 5142 377 5211 praemonet
399 5131 551 5188 Dominus:
588 5128 623 5182 Si
647 5133 776 5195 earurpat
797 5126 1043 5198 pseudopropheta
1070 5131 1160 5176 aetate
1176 5139 1263 5192 puer,
1287 5123 1340 5175 aad
1354 5122 1509 5190 prudentia
1527 5139 1614 5176 canus
1631 5128 1831 5196 responderit,
1854 5145 1898 5183 nn

216 5233 243 5278 et
262 5222 413 5296 praedicat
436 5216 555 5288 aiiqzrod
578 5214 686 5282 sipnum
703 5211 747 5266 eei
759 5219 935 5283 portentum,
957 5213 1043 5280 idque
1069 5217 1159 5262 mento
1176 5209 1318 5277 priuatum
1334 5223 1375 5260 me
1394 5223 1460 5263 esse.
1495 5206 1619 5262 Isidorus
1636 5209 1686 5267 lib.
1708 5216 1730 5268 l.
1749 5222 1823 5272 sent
1841 5217 1899 5269 ciat

214 5318 314 5380 postea
330 5307 449 5374 eveniat,
468 5321 501 5357 ne
519 5317 667 5370 sequamur
684 5316 744 5352 eum
761 5299 802 5351 ad
818 5296 920 5351 endum
939 5298 1044 5351 alieno-
1072 5295 1176 5349 dictum
1194 5291 1322 5365 Gregorii
1340 5292 1387 5349 lib.
1406 5300 1429 5348 7.
1447 5292 1542 5348 morel.
1561 5309 1586 5347 c.
1607 5300 1636 5351 1:
1665 5297 1835 5368 Aliquando
1851 5315 1898 5354 nen

216 5413 284 5465 rum¹
305 5396 417 5452 deornm
440 5407 474 5448 ao
494 5386 648 5446 doctrinam
664 5383 837 5458 peregrinam
855 5402 904 5440 uos
922 5400 1039 5458 arooau7
1072 5382 1181 5452 dipnis,
1204 5382 1256 5434 sed
1278 5380 1405 5451 reprobis
1429 5381 1504 5434 dona
1524 5380 1651 5450 Spiritus
1667 5400 1691 5438 a.
1712 5390 1898 5458 conseruata,
