4004 6022
767 317 820 372 DE
836 316 1028 374 fflCLESM.
1682 327 1743 383 tos

57 473 142 527 satio.
174 473 238 524 Non
256 479 356 524 temere
377 487 541 539 mumquam
553 473 676 541 reperies
689 473 882 526 urstsPstrum
906 474 1059 540 praelatos
1074 475 1165 538 fuisse
1183 492 1239 526 non
1257 473 1410 542 episcopis,
1426 481 1527 542 postea
1544 480 1636 526 tamen
1656 480 1745 525 mista-

57 558 249 623 iombardum,
268 557 433 624 quicertum
445 557 568 626 aliquem
583 577 617 611 ac
632 559 774 627 definitum
787 575 884 611 sacra·
911 566 955 610 tus
979 568 1019 612 est
1044 562 1122 613 orda.
1159 560 1313 628 Postquam
1334 560 1406 612 enim
1425 561 1466 612 ad
1484 559 1648 612 cardinales
1665 560 1746 612 deuo·

57 651 201 699 mserum
229 658 371 695 numerum
391 643 520 695 statuerit
544 651 569 695 et
592 645 627 695 cle
645 644 689 696 liis
707 653 810 712 septem
829 661 885 696 uon
910 644 971 696 luta
989 652 1029 698 est
1047 645 1148 697 surnrm'
1159 644 1303 712 pontificis
1321 644 1428 711 electio,
1447 647 1536 713 coepit
1554 644 1747 697 cardinalium

57 746 142 783 mnes
162 729 277 797 quidem
295 729 464 781 Scholastici
477 745 564 797 aeque
577 730 696 797 proprie
709 736 886 782 samamcnta
912 730 1038 796 dignitas
1046 731 1142 799 pluris
1145 731 1216 796 ficri
1224 747 1306 798 quam
1316 738 1409 791 antea,
1424 749 1489 782 nam
1497 731 1599 798 primis
1609 731 1746 799 octinpen·

57 815 193 868 immons.
214 813 246 867 ln
259 813 375 868 amiculo
388 813 422 867 de
434 812 601 867 eucharistia
614 812 802 883 improbamus
812 832 885 869 com·
912 815 946 868 tis
972 818 1057 868 annis
1076 815 1238 868 cardinales
1257 816 1299 867 ccl
1319 816 1377 869 soli
1395 816 1438 868 oel
1454 815 1590 884 primarii
1603 817 1747 884 pontilicis

57 899 206 955 nunionem
221 899 275 953 sub
291 916 347 953 una
359 899 458 969 specie.
489 899 614 952 Eandem
628 898 719 969 longis
733 898 833 954 seculis
849 899 884 952 ab
896 891 900 963 l
911 902 1073 954 cormiliarii
1094 919 1150 954 non
1170 909 1263 969 crant,
1286 901 1330 954 liis
1345 903 1496 969 postremis
1512 902 1596 954 annis
1613 901 1747 954 sescentis

57 986 165 1041 cussis
179 986 319 1040 exsulasse
337 1003 391 1039 non
406 983 511 1039 audent
523 1002 625 1055 negare
639 984 788 1040 Pontificii.
820 984 885 1038 Cas·
897 975 898 1032 l
911 987 954 1040 vel
972 987 1154 1055 septingentis
1172 993 1322 1055 coeperunt
1335 987 1426 1039 omitti
1437 987 1559 1040 coucilia
1571 987 1748 1055 episcopalia

57 1072 149 1128 tuder
162 1072 191 1126 in
202 1090 274 1126 cous.
290 1079 340 1125 art.
351 1077 395 1126 22:
411 1072 489 1125 Satis
501 1071 885 1138 coustat,occidsntalsmssu
897 1095 899 1144 ς
911 1081 936 1124 et
961 1079 1080 1125 restuto
1102 1073 1197 1138 rodini
1214 1074 1255 1124 ad
1272 1080 1398 1125 sanatum
1418 1071 1616 1124 cardinalium.
1656 1072 1747 1142 Nega·

896 1151 899 1169 l

897 1172 899 1183 ι

57 1158 207 1213 tamtan
225 1157 371 1211 ecclesiam
389 1157 466 1210 milis
478 1175 497 1208 a
510 1155 621 1210 Cin-isto
634 1159 718 1211 annis
734 1158 763 1208 in
777 1157 899 1252 solonni¹
912 1176 986 1225 mus,
1007 1174 1096 1227 papae
1115 1164 1272 1228 competere
1290 1163 1457 1227 potestatam
1474 1157 1645 1211 convocandi
1664 1174 1745 1228 gene-

57 1244 245 1298 tordinaria
263 1244 347 1313 nujus
366 1243 539 1296 sacramenti
556 1243 766 1311 dispensatione
780 1251 884 1295 utram·
912 1244 981 1298 ralia
998 1244 1122 1297 concilia.
1158 1243 1237 1297 Idem
1256 1243 1285 1296 in
1298 1244 1438 1312 primitiva
1450 1243 1567 1298 ecclesia
1579 1243 1746 1314 denegatum
1835 1235 1842 1255 ²

57 1346 100 1398 psa
113 1330 204 1398 panis
223 1339 248 1382 ct
266 1330 457 1398 oinispsciem
471 1330 595 1382 omnibm
608 1299 937 1397 occimiaemembrisiei
966 1329 1065 1391 fuisse,
1096 1329 1210 1398 quidam
1242 1329 1379 1384 Pontificii
1411 1336 1572 1398 agnoscunt.
1620 1329 1746 1384 Cusanus

57 1416 213 1482 abibus'ssa
232 1417 265 1468 id
275 1418 352 1484 quod
363 1433 395 1467 cs
408 1416 560 1468 innumeris
573 1417 710 1469 veteribus
723 1424 781 1468 tam
794 1414 885 1468 Grac·
897 1400 899 1508 i
912 1416 959 1470 lib.
979 1421 1002 1468 2.
1021 1415 1147 1469 concord.
1167 1413 1267 1468 cathol.
1286 1432 1311 1469 a.
1332 1421 1378 1470 25:
1399 1418 1444 1468 lia
1465 1417 1516 1469 illo
1533 1425 1670 1485 tempore,
1693 1432 1747 1482 auo

57 1520 153 1566 mmm,
172 1520 256 1571 quam
274 1502 440 1554 Latinorum
460 1502 627 1554 testimoniis
644 1502 823 1563 manifestum
837 1509 886 1563 est,
898 1520 900 1565 g
912 1501 1097 1568 imperatores
1123 1501 1282 1555 Christiani
1306 1519 1364 1554 esso
1389 1511 1552 1570 coeperant,
1576 1519 1608 1552 ca
1632 1501 1747 1554 illorum

57 1596 133 1657 daus
147 1597 176 1641 ut
189 1589 230 1641 ita
240 1589 379 1653 fastrad,
392 1587 520 1640 inductos
528 1588 618 1649 fuisse
630 1587 755 1655 sccmplo
766 1587 885 1651 annun
897 1588 900 1658 j
912 1595 981 1639 nutu
994 1589 1118 1654 pendere
1137 1587 1198 1639 uisa
1214 1595 1278 1640 aaut
1291 1587 1402 1653 negotia
1414 1587 1557 1652 ecclesiae,
1575 1596 1657 1656 sitque
1675 1589 1747 1639 adca

57 1682 133 1743 stoue
152 1675 197 1726 bic
216 1691 274 1726 risos
291 1673 375 1727 etiam
395 1673 487 1725 adbuc
504 1691 559 1740 par
579 1673 730 1725 Graeciam
749 1681 773 1724 ct
792 1678 885 1724 Amne·
912 1675 1035 1726 maxima
1058 1673 1180 1726 concilia
1198 1691 1230 1725 ea
1248 1691 1343 1725 aarum
1361 1674 1497 1726 sententia
1515 1674 1747 1735 convocabuntur,

57 1761 126 1814 dam
144 1760 261 1825 obtinet,
288 1775 375 1826 quare
394 1759 473 1811 barsel
493 1765 668 1820 lamercurt,
694 1760 771 1826 quod
789 1758 887 1825 optimi
912 1765 942 1809 ut
960 1775 993 1810 us
1010 1759 1143 1824 Eusebio,
1165 1758 1288 1819 Socrate,
1311 1758 1469 1824 Soromcno,
1488 1759 1648 1827 Niosptoro
1660 1766 1746 1826 patet.

57 1847 153 1915 [aiacis
176 1842 317 1898 Galatici
340 1852 366 1898 et
391 1845 421 1897 in
444 1844 697 1897 ecclesiasticorum
717 1843 886 1910 scriptorum
913 1845 982 1896 Octo
1008 1844 1105 1910 prium
1134 1845 1281 1912 generalia
1314 1845 1435 1898 concilia
1464 1846 1501 1896 ab
1534 1844 1747 1912 imperatoribus

57 1933 167 1986 actim
193 1930 300 1984 uersam
325 1948 431 1983 sunsrno
458 1930 602 1996 desidaio
627 1930 762 1999 potiundi
787 1929 886 1981 calicis
912 1939 990 1982 eram
1014 1931 1132 1984 collecta
1154 1938 1181 1982 st
1196 1932 1326 1998 pontisas
1344 1933 1489 1984 Romanus
1507 1934 1548 1984 ad
1566 1933 1657 1983 irsstar
1674 1931 1746 1984 aiio·

57 2020 251 2079 'mccnduotum
276 2026 305 2070 ut
324 2025 527 2069 radamantum
548 2015 666 2069 Domini
686 2017 727 2068 acl
744 2023 884 2067 conamin-
898 2033 974 2081 ¹rum
999 2016 1233 2084 patriarcharum
1261 2017 1371 2069 divales
1400 2036 1500 2069 sacras
1523 2018 1668 2084 jussiones
1689 2034 1746 2085 pro

57 2105 146 2159 &um
165 2112 281 2157 ueterem
299 2111 324 2156 et
343 2103 437 2156 multis
454 2102 556 2155 seculis
571 2110 767 2172 perpetuatum
779 2100 885 2153 uniuer-
911 2100 1047 2155 sariendo
1066 2109 1116 2154 ard
1135 2102 1271 2155 mittendo
1291 2105 1333 2155 ad
1351 2103 1474 2155 conscilia
1490 2104 1603 2172 recepit.
1640 2103 1746 2173 Papam

57 2191 122 2244 ralis
135 2190 267 2243 mclmiae
280 2192 435 2242 reducatur.
464 2189 621 2244 cardinalis
630 2188 757 2243 Cusanns
768 2187 847 2258 epist.
861 2192 885 2241 2.
912 2205 966 2242 non
993 2205 1073 2257 posse
1095 2205 1187 2241 errare
1211 2206 1312 2242 novum
1334 2195 1362 2242 ct
1381 2188 1548 2242 haereticum
1567 2190 1669 2261 dogma
1687 2207 1747 2244 esse

57 2275 86 2330 td
106 2275 256 2330 Bohemos:
276 2275 351 2328 Olim
369 2275 540 2328 sanctissimi
554 2274 611 2327 oiri
628 2275 771 2341 turiusque
784 2273 888 2340 speciei
913 2273 1036 2328 dicimus.
1072 2274 1237 2343 Agnoscunt
1256 2274 1339 2345 hujus
1360 2275 1497 2344 dogmatis
1516 2276 1666 2330 novitatem
1687 2276 1746 2347 qui·

57 2369 257 2416 'aucmentum
284 2361 471 2414 rsecmsarium
493 2378 553 2412 ossa
572 2361 602 2413 oi
617 2361 762 2428 praecepti
781 2358 888 2412 etrusc·
912 2359 977 2412 dam
994 2359 1141 2413 Pontificii.
1164 2359 1292 2413 Ambros.
1315 2360 1481 2415 Catharinus
1504 2361 1533 2414 in
1558 2378 1654 2415 comm.
1679 2379 1701 2417 c.
1721 2369 1744 2417 2.

57 2449 132 2502 serbo
151 2456 177 2500 et
194 2464 278 2514 opere
290 2449 497 2500 adstruxerunt.
531 2446 696 2517 Agnoscunt
706 2446 759 2499 hoc
771 2445 884 2516 quidam
912 2443 985 2500 Gal:
1006 2445 1123 2498 Falsum
1139 2453 1187 2513 est,
1204 2464 1313 2514 papam
1330 2465 1385 2499 nors
1402 2465 1485 2515 porse
1504 2464 1616 2514 errare,
1636 2447 1747 2500 etiamsi

57 2552 82 2590 tx
100 2531 264 2589 Pontifioiis.
300 2533 433 2586 Erasmus
447 2532 476 2586 in
489 2533 569 2602 epist.
581 2532 617 2586 de
628 2532 756 2586 concord.
769 2532 883 2586 eccles:
911 2530 1010 2585 nors‘tii
1036 2531 1189 2599 scriptores
1217 2532 1281 2584 misi
1306 2541 1369 2585 sunt
1397 2534 1555 2602 oppositum
1583 2535 1745 2597 defendere.

57 2619 123 2676 mu
142 2619 192 2688 qui
211 2619 429 2673 communionem
448 2620 609 2688 requirunt,
628 2619 683 2683 sic,
698 2621 810 2683 fateor,
827 2618 885 2681 fuit
911 2617 1095 2672 Bellsrminus
1109 2616 1157 2671 lib.
1171 2623 1195 2672 t.
1213 2617 1250 2672 de
1266 2625 1342 2687 pont
1361 2635 1384 2673 c.
1403 2625 1426 2672 2.
1445 2615 1472 2692 ξ.
1491 2617 1619 2674 &cunda
1637 2619 1746 2688 opinio:

57 2726 69 2761 s
88 2704 202 2761 Christo
220 2706 377 2759 institutum
396 2713 421 2758 et
437 2706 477 2758 ita
495 2705 562 2758 olim
578 2705 720 2759 consuevit
732 2704 885 2760 obseruari.
912 2704 1023 2772 Papam
1041 2720 1138 2756 errare
1155 2721 1240 2771 posse
1259 2711 1404 2757 mouerunt
1422 2704 1546 2758 doctoris
1558 2706 1747 2773 Parisiensss,

57 2789 210 2848 &munder
239 2791 268 2845 in
297 2790 414 2846 consult.
448 2797 498 2845 art.
518 2797 568 2846 nt:
599 2793 680 2854 Quod
705 2793 741 2844 de
764 2791 887 2860 privatis
911 2797 941 2843 ut
956 2787 1075 2855 Gorson,
1088 2789 1307 2856 Almainus,ncc
1321 2808 1376 2844 nou
1385 2807 1468 2860 papa
1476 2790 1626 2844 Adrianus
1637 2791 1745 2847 Sextus.

57 2879 144 2934 nasu
163 2885 369 2946 conqueruntur
384 2885 575 2945 protestantes
593 2895 649 2930 non
668 2886 707 2930 est
724 2878 826 2946 absque
840 2896 886 2930 ra-
912 2876 952 2944 (si
980 2892 1071 2930 amare
1099 2892 1154 2930 non
1179 2880 1272 2946 potest
1296 2876 1435 2946 pontifex,
1463 2876 1603 2931 Adrianus
1627 2877 1674 2931 ille
1693 2895 1747 2931 non

57 2965 138 3027 ioue,
161 2964 187 3016 si
206 2964 386 3031 pmoatarum
410 2963 559 3018 musarum
576 2964 685 3018 nomine
704 2964 886 3032 intelligimus
912 2968 1014 3019 erravit
1025 2963 1181 3030 statuendo,
1199 2961 1344 3032 pontifices
1357 2963 1467 3018 errandi
1480 2963 1603 3032 periculo
1616 2964 1748 3019 obnoxios

57 3066 113 3117 sas,
140 3050 188 3102 ubi
210 3050 288 3103 solus
302 3051 436 3103 sacerdos
454 3051 584 3113 confecta
600 3059 780 3103 sacramenta
793 3052 882 3120 parti·
912 3065 981 3105 esse.
1018 3047 1146 3103 Vicissim
1171 3047 1195 3102 si
1223 3047 1362 3102 Adrianus
1384 3065 1459 3119 papa
1482 3048 1582 3102 errarit
1604 3048 1658 3104 hoc
1675 3066 1747 3105 asss-

57 3136 140 3206 dpat,
170 3151 221 3188 noc
249 3135 312 3188 ulla
333 3136 369 3203 fit
393 3136 589 3202 mysteriorum
613 3135 787 3198 distributio,
815 3153 887 3205 assas
912 3135 1012 3202 rendo,
1039 3135 1130 3189 denuo
1149 3135 1342 3203 consequitur,
1362 3133 1519 3204 pontificem
1538 3151 1629 3190 errare
1646 3137 1746 3205 posset

57 3222 194 3290 spectione
218 3221 327 3274 nonnius
350 3221 498 3274 solitarias
522 3221 623 3273 insucae
641 3230 788 3289 iocantur,
815 3240 887 3290 quae
911 3221 1104 3277 bubilaeornm
1125 3236 1275 3285 annorum,
1300 3236 1369 3288 quos
1392 3217 1535 3289 pontifices
1549 3218 1664 3274 Itomani
1685 3238 1747 3291 pro-

57 3308 189 3362 satoribus
207 3307 380 3376 improbatas
392 3307 481 3369 fuisse
495 3307 634 3375 videntur,
652 3309 804 3360 ainardum
815 3309 887 3361 enim
913 3307 1053 3376 mulgent,
1074 3305 1224 3360 novitatem
1250 3321 1420 3359 accusamus.
1457 3305 1520 3361 Non
1543 3311 1661 3375 possunt
1684 3321 1746 3359 eam

57 3401 108 3457 ist,
127 3402 157 3446 ut
174 3392 252 3446 solus
270 3394 407 3446 sacerdos
425 3392 502 3445 dicat
521 3393 661 3445 Dominus
677 3394 832 3461 comacum
850 3396 887 3447 de
913 3409 1016 3463 nogara
1033 3390 1179 3446 Pontificii.
1216 3390 1262 3447 Sic
1282 3390 1354 3445 enim
1375 3391 1466 3461 Polyd
1491 3391 1632 3461 Vergilius
1651 3391 1699 3447 lib.
1720 3398 1744 3446 s.

57 3480 94 3532 iis
117 3478 216 3532 scriba
239 3479 301 3532 Octo
324 3476 499 3530 Garucrcnsis
523 3479 550 3529 in
569 3496 715 3541 canossam,
735 3480 888 3547 ‹sestias-itus
913 3479 949 3534 de
966 3494 1057 3533 rerum
1075 3477 1177 3532 invent.
1197 3496 1220 3530 e.
1238 3484 1258 3531 1.
1271 3477 1464 3531 etPlutinain
1477 3478 1534 3532 vita
1547 3476 1638 3531 Bonis.
1652 3476 1746 3533 VHL:

57 3566 80 3618 is
106 3583 160 3618 usu
183 3565 317 3618 ccclmias
341 3582 391 3617 cas
414 3582 470 3618 uon
494 3564 594 3627 fuisse.
631 3563 888 3619 'rrsnnubsnntiu
914 3565 969 3617 Hic
986 3564 1160 3627 Bonifacius
1174 3564 1285 3630 primus
1301 3581 1376 3616 anno
1396 3566 1476 3617 1300.
1489 3564 1650 3632 jubilaeum
1669 3565 1747 3617 ordi·

57 3650 157 3705 donem
175 3648 316 3704 veteribus
339 3648 457 3702 dicimus
476 3649 562 3703 iniisse
580 3649 757 3720 incognitam.
793 3651 887 3722 Agno-
912 3649 990 3703 naoit
1015 3657 1097 3717 atqua
1122 3649 1173 3701 boc
1197 3649 1309 3702 solenne
1333 3650 1421 3716 repeti
1437 3649 1525 3702 uoluit
1545 3667 1620 3702 anno
1639 3667 1748 3719 quoquc

57 3741 135 3792 munt
166 3735 219 3791 hoc
246 3735 360 3806 quidam
382 3752 415 3790 ex
441 3733 602 3790 Pontificiis.
637 3735 770 3790 Erasmus
794 3745 888 3793 annot.
912 3735 1067 3803 commo,
1089 3735 1214 3789 Olenmns
1229 3734 1277 3789 VI.
1296 3734 1424 3802 saricioit,
1444 3752 1505 3788 sum
1524 3736 1663 3789 celebrari
1672 3753 1748 3789 anno

57 3828 74 3880 Ι.
93 3821 157 3877 Cor.
184 3829 213 3876 7:
243 3821 598 3875 Transsubstantiationem
620 3839 683 3875 sero
701 3823 827 3888 definivit
847 3841 888 3876 cc·
913 3823 1155 3891 quinquagesimo,
1180 3822 1275 3875 Siatus
1299 3823 1329 3877 V.
1354 3840 1416 3874 eum
1432 3825 1474 3876 ad
1490 3822 1651 3891 vigesimum
1670 3824 1748 3890 quin·

57 3909 151 3965 dosia
187 3906 372 3961 Bellsrminus
396 3904 446 3960 lib.
469 3912 493 3960 3.
518 3906 553 3960 de
575 3906 653 3961 cuch.
673 3924 697 3961 c.
717 3912 763 3961 23:
789 3908 888 3960 socon
913 3917 971 3961 tum
1002 3925 1135 3977 quemquo
1157 3927 1260 3961 sinuum
1283 3910 1404 3962 redimit.
1449 3908 1554 3978 Papam
1579 3925 1639 3963 esse
1664 3925 1750 3978 supra

57 3995 146 4061 addit,
166 4001 229 4045 ants
248 3992 397 4046 canalium
411 3993 602 4067 Lateranensc
614 4011 671 4046 non
682 3994 772 4054 fuisse
785 3995 889 4061 (lupina
914 3994 1061 4050 concilium
1081 3995 1198 4049 dicimus
1217 4011 1277 4048 esse
1297 3993 1448 4049 novitatem
1465 4001 1530 4049 ants
1546 4011 1650 4065 paucos
1661 4011 1748 4048 annos

57 4079 384 4133 transsubstantiationis.
409 4076 564 4132 Cassander
582 4078 611 4132 in
629 4079 761 4132 consult:
784 4081 888 4131 'l'rans-
913 4080 942 4134 in
970 4078 1088 4134 ecclesia
1112 4079 1232 4148 primum
1257 4079 1389 4134 auditam.
1424 4078 1590 4149 Agnoscunt
1614 4078 1665 4133 hoc
1689 4079 1748 4149 qui·

57 4164 249 4219 substantiatus
267 4173 323 4216 tum
341 4164 468 4229 namins,
487 4172 544 4215 tum
562 4166 663 4233 effectu
680 4182 753 4217 nsooa
769 4173 816 4219 est.
855 4165 889 4218 ln
914 4166 979 4219 dam
997 4180 1030 4218 ex
1050 4163 1217 4227 Pannoniis,
1236 4164 1347 4218 Aeneas
1365 4163 1477 4234 Sylvius
1496 4164 1557 4234 ipsa
1575 4164 1749 4234 postmodum

57 4253 112 4308 loco
136 4251 172 4306 de
189 4249 307 4306 ecclesia
323 4266 459 4320 negamus
475 4249 680 4304 monarchicum
697 4267 785 4319 papae
803 4250 888 4304 domi·
914 4250 1037 4321 pontifex
1056 4250 1090 4305 ds
1107 4256 1178 4321 gost
1192 4249 1287 4304 concil.
1302 4250 1401 4304 Basil.:
1423 4251 1557 4319 Tonsporc
1571 4252 1749 4319 antiquorum

57 4345 156 4393 mcum.
204 4336 330 4391 Eundem
354 4337 481 4406 ignotum
507 4335 593 4388 fuisse
620 4335 760 4390 veteribus
786 4336 889 4390 fatetur
914 4337 1098 4390 conciliorum
1124 4336 1271 4404 pontifices
1302 4345 1368 4390 acta
1398 4337 1582 4390 conciliorum
1615 4345 1750 4404 lanariam

57 4425 162 4481 sensns
180 4422 293 4492 Sylvius
313 4422 392 4492 epist.
413 4427 459 4476 31:
487 4427 558 4474 Ante
576 4423 732 4476 Nicasnam
752 4425 887 4488 snprsoslum
914 4422 1032 4476 aracosia
1050 4423 1233 4476 clamabant
1250 4430 1276 4475 et
1294 4441 1376 4491 papa
1395 4424 1541 4475 Dansasus
1560 4423 1685 4492 stupebat,
1706 4423 1751 4474 sui

57 4527 122 4562 snus
145 4510 263 4577 quisque
286 4508 342 4560 sibi
361 4507 429 4559 uicit
447 4516 473 4560 et
487 4525 596 4575 paruus
614 4516 755 4576 respectus
774 4511 815 4560 ad
832 4491 901 4604 R0'i
914 4510 1037 4562 miinoris
1062 4525 1119 4561 csse
1142 4509 1172 4561 in
1198 4509 1291 4561 causis
1316 4527 1335 4561 a
1359 4509 1480 4562 concilio
1497 4509 1621 4571 delinitis
1638 4526 1751 4560 manum

57 4613 163 4650 uanam
187 4594 332 4647 ecclesiam
355 4594 518 4649 labebatur.
563 4592 716 4664 Gregorius
742 4594 993 4671 episeopusjsuam
1014 4611 1163 4664 apponere.
1201 4593 1313 4648 Cardin.
1335 4595 1461 4649 Cusanus
1473 4594 1521 4650 lib.
1536 4600 1560 4651 2.
1576 4596 1610 4650 de
1622 4593 1749 4649 concord.

57 4681 191 4737 &manus
215 4680 262 4734 lib.
286 4687 309 4734 t.
333 4680 413 4750 epist.
441 4685 488 4734 26:
525 4681 613 4733 Nemo
637 4680 1015 4753 praedecessorumgeathol.
1038 4697 1062 4737 e.
1089 4687 1132 4735 tl:
1160 4683 1273 4751 Papam
1293 4701 1348 4735 non
1367 4699 1424 4735 esse
1443 4701 1533 4750 supra
1551 4682 1696 4735 ecclesiam
1718 4699 1749 4734 eo

57 4785 172 4823 morum
194 4767 245 4820 bac
267 4767 395 4833 profano
418 4767 553 4819 uocabulo
574 4767 741 4819 uniuersalis
762 4760 900 4835 episcopi}
914 4768 1087 4834 Aeginetico,
1116 4768 1259 4836 Qupricno
1285 4777 1310 4820 et
1338 4769 1478 4836 Oropum
1495 4787 1590 4837 papa,
1615 4769 1700 4821 etiam
1718 4784 1750 4819 sa

57 4871 117 4907 isus
133 4859 176 4906 est
194 4868 324 4920 nummus.
356 4852 483 4906 Cusanus
498 4851 545 4905 lib.
565 4857 589 4907 2.
608 4851 643 4905 de
661 4852 787 4906 concord.
809 4852 885 4908 Eccl.
898 4842 900 4869 ³
913 4852 1060 4907 Ambrosio
1080 4861 1105 4905 ct
1123 4854 1301 4921 confusions
1315 4857 1481 4922 pontificum
1492 4861 1608 4908 constat.
1648 4853 1750 4907 Bellat-

57 4959 72 4994 ε.
98 4945 146 4995 34:
175 4939 236 4991 Hoc
264 4939 353 5007 inquit
383 4937 553 5006 Gregorius,
582 4939 760 4990 temerarium
788 4957 887 4993 nsonmu
913 4938 1002 4993 nunus
1021 4938 1068 4992 lib.
1080 4945 1103 4992 2.
1122 4939 1157 4993 de
1171 4938 1269 4995 concil.
1282 4958 1305 4992 c.
1323 4945 1367 4994 lt:
1388 4940 1500 5008 Papam
1520 4940 1673 5002 esssint'ra
1687 4957 1750 4993 con·

57 5026 177 5094 piscopi
203 5025 372 5078 uniuersalis
393 5025 489 5077 stulius
513 5025 658 5078 Romanus
675 5025 809 5091 pontisas
832 5024 887 5076 sibi
912 5025 1007 5077 cilium
1028 5025 1194 5079 Cardinals's
1208 5026 1427 5092 Gariannonum,
1448 5025 1608 5091 Alnsainus,
1631 5025 1750 5089 Gerros,

57 5111 182 5180 srripuit.
221 5111 279 5164 Sed
297 5110 470 5176 Bonifacius
490 5109 551 5164 ΙΙΙ.
573 5109 622 5178 qui
640 5110 697 5172 fuit
714 5113 850 5162 secrsndus
866 5120 899 5168 a·
913 5110 1051 5165 Nicolaus
1067 5109 1237 5179 Campanus,
1258 5111 1485 5178 Panormitam,
1507 5110 1668 5165 cardinalis
1684 5111 1749 5164 Flo·

57 5195 209 5263 Jreaorio,
238 5214 340 5263 mapna
368 5198 540 5249 contentione
563 5197 672 5248 &mum
697 5213 714 5246 a
734 5196 833 5248 Pboca
854 5187 899 5263 idn}
912 5198 1045 5263 reatinus,
1063 5205 1090 5249 ct
1106 5204 1207 5266 patres
1226 5198 1255 5247 in
1268 5196 1387 5248 concilio
1400 5195 1562 5249 Basilecusi
1575 5204 1749 5252 enumerant.

57 5282 174 5344 »burcurt
191 5291 221 5334 ut
238 5283 329 5336 Roma
348 5290 431 5351 caput
450 5283 570 5335 omnium
587 5281 769 5333 occimiarum
781 5280 885 5334 dicero
898 5282 900 5298 ²
912 5281 1034 5336 clericos
1049 5297 1064 5335 e
1077 5284 1216 5358 pomts
1227 5281 1317 5335 civilis
1332 5280 1509 5352 magistratus
1522 5287 1644 5336 exemtos
1657 5282 1750 5336 dicere

57 5387 108 5436 ur,
127 5376 195 5421 teste
216 5368 336 5422 Plotina
354 5370 384 5420 io
404 5368 503 5430 Bonif.
524 5366 584 5419 ΙΙΙ.
621 5365 727 5419 Electio
745 5365 885 5435 pontificis
898 5359 900 5362 ⁴
912 5368 1064 5422 novitatem
1081 5360 1304 5423 memmimus
1322 5367 1419 5437 priscis
1433 5365 1558 5436 patribus
1571 5366 1750 5438 incognitam.

57 5472 99 5512 >er
126 5454 280 5508 cardinales
299 5454 407 5508 novitas
429 5460 472 5507 est
489 5453 594 5507 fatente
611 5451 779 5506 Bellarmino
798 5451 846 5507 lib.
863 5461 884 5508 l.
898 5504 899 5529 3
912 5454 1050 5525 Agnoscit
1067 5453 1097 5506 id
1113 5450 1203 5522 ipsum
1223 5453 1314 5524 Episc.
1334 5453 1451 5523 Espsne.
1470 5459 1614 5509 comment.
1627 5453 1656 5507 in
1668 5454 1748 5522 epist.

57 5542 84 5598 ls
105 5540 198 5595 cleric.
217 5554 243 5598 c.
264 5546 308 5596 ts:
332 5540 405 5595 Olim
422 5540 527 5602 fatcor,
546 5540 691 5608 episcopos
708 5553 885 5607 mmcunquc
897 5535 900 5587 l
914 5539 952 5593 ad
976 5539 1031 5595 un
1053 5544 1077 5594 ³.
1104 5538 1220 5610 digress.
1244 5545 1288 5594 10:
1312 5538 1467 5607 Apostolus
1487 5539 1582 5605 docet,
1606 5540 1750 5594 credentes
