4004 6022
819 242 872 302 DE
890 241 1082 302 socium
1737 258 1797 317 321

98 402 178 453 mant
186 397 318 466 visibiles,
327 398 376 454 sed
388 402 524 469 quatenus
535 398 690 456 catholicae
700 399 832 455 ecclesiae
844 416 929 454 mem·
943 396 948 441 i
961 400 1024 454 stici
1035 400 1165 456 memhris
1176 401 1322 455 sociamur.
1348 405 1371 455 t.
1382 399 1515 467 Quamvis
1525 416 1590 456 vero
1602 402 1722 456 externis
1734 419 1797 458 ocu·

97 482 146 540 bra
158 491 247 553 erant,
260 485 347 541 videri
360 503 415 541 non
429 492 565 558 poterant.
586 485 803 543 Adaemdsbsnt
815 485 851 540 ad
864 491 931 540 tem·
944 456 947 565 i
960 485 994 538 lis
1005 501 1057 541 nec
1065 485 1192 543 Christus
1204 485 1337 542 acclesiae
1349 487 1504 544 catholicae
1512 494 1605 558 caput,
1614 505 1666 543 noc
1675 489 1798 544 membra

94 570 172 642 plum
187 588 253 626 cum
268 570 382 642 reliquis
396 571 521 642 Judaeis,
541 571 722 628 celebrabant
734 589 796 627 cum
809 571 876 642 ipsis
889 586 931 624 sa·
944 568 947 657 l
959 571 1019 641 ejus
1038 589 1104 627 vera
1119 578 1148 628 et
1165 571 1287 644 genuina
1299 571 1380 626 nobis
1397 572 1453 627 siut
1469 573 1559 644 obvia,
1578 581 1672 630 mmen
1690 575 1796 631 sufficit

94 654 200 712 crificia
215 662 245 711 et
260 665 374 712 externa
391 659 523 714 societate
541 659 596 713 illis
613 659 754 731 conjuncti
773 666 865 725 nant,
891 658 931 711 in·
958 657 1039 711 uobis
1052 659 1087 712 ad
1100 659 1225 725 salutm,
1243 658 1318 729 quod
1337 657 1460 714 interiori
1478 659 1597 730 Spiritus
1612 660 1723 715 vinculo
1740 659 1795 715 illis

92 743 174 799 terim
185 751 280 800 tamen
292 744 345 813 ipsi
360 744 420 812 soli,
439 761 494 799 non
513 752 605 800 autem
620 745 721 817 reliqui
737 730 838 800 Judisei
853 748 934 799 eraut
958 743 1162 815 conjungimur.
1187 752 1211 802 3.
1221 745 1414 801 Necessarium
1430 745 1541 816 quidem
1553 753 1603 815 est,
1615 752 1647 801 ut
1659 747 1793 802 eccledae

91 829 261 886 deecclesia
278 830 422 886 catholica.
441 831 638 888 Pr0indecum
655 831 930 887 externisoculisco
959 830 1042 885 etiam
1068 830 1184 900 visibili,
1209 831 1237 884 in
1266 848 1322 902 qua
1338 848 1407 901 pure
1426 839 1506 886 sonat
1524 832 1648 886 doctrina
1666 834 1794 888 coelestis

90 917 191 989 gnosci
215 934 271 971 non
297 918 431 987 potuerit,
459 918 573 989 quinam
596 937 629 975 ex
647 919 804 991 promiscuo
823 917 932 972 Israeli·
958 921 986 971 et
1005 917 1127 988 legitime
1144 917 1372 972 administrantur
1383 925 1563 982 sacramente,
1583 924 1696 973 externa
1710 920 1795 975 socie·

89 1010 184 1058 tarum
212 1009 294 1059 coetu
320 1005 356 1059 ad
380 1005 526 1060 ecclesiam
552 1006 715 1062 catholicam
740 1005 931 1077 pertinuerint,
958 1007 1016 1057 tate
1034 1019 1085 1057 nos
1102 1005 1318 1074 conjungemus,
1339 1003 1385 1058 sed
1407 1003 1476 1059 haec
1494 1006 1653 1074 conjunctio
1670 1023 1732 1059 cum
1750 1022 1794 1060 ex-

90 1090 272 1162 relinquitnr,
299 1089 443 1146 ecclesiam
468 1092 632 1147 catholicam
650 1092 736 1148 flasse
757 1091 930 1146 invisibilem.
958 1094 1037 1143 terna
1057 1087 1174 1143 visibilis
1193 1088 1329 1144 ecclesiae
1346 1089 1476 1144 societate
1495 1105 1550 1144 nou
1569 1097 1612 1145 est
1630 1091 1794 1162 simpliciter

88 1173 134 1228 Ex
161 1176 260 1230 eodem
279 1182 442 1247 argumento
462 1178 546 1232 ctiam
565 1178 712 1250 colligitur,
731 1177 874 1232 ecclesiam
892 1176 931 1230 vi-
958 1179 986 1227 et
1007 1173 1133 1228 absolute
1150 1175 1312 1230 necessaris.
1349 1181 1373 1231 4.
1393 1175 1519 1230 Incidere
1536 1177 1609 1230 enim
1624 1183 1793 1247 potesttam-
1807 1188 1843 1226 xi.
1859 1185 1901 1229 uu

88 1260 202 1316 sibilem
225 1278 280 1316 nou
305 1279 365 1317 esse
383 1269 517 1334 perpetuo
537 1264 633 1319 eodem
651 1264 733 1318 modo
751 1263 885 1319 illustrem
904 1268 932 1317 et
958 1276 1011 1330 pus
1030 1260 1180 1331 ejusmodi,
1205 1276 1260 1330 quo
1277 1259 1342 1314 talis
1359 1262 1495 1331 quaedam
1513 1262 1688 1332 particularis
1707 1263 1793 1317 eccle

89 1345 129 1402 ab
150 1347 226 1401 omni
251 1364 344 1405 errore
362 1349 527 1417 immunem,
554 1356 586 1404 ut
604 1349 743 1405 Pontificii
764 1350 930 1418 existimant,
958 1345 1000 1399 sia
1031 1346 1153 1415 puritate
1184 1345 1326 1401 doctrinae
1356 1353 1385 1400 et
1412 1347 1537 1417 legitimo
1561 1355 1794 1403 sacramentorum

90 1447 149 1503 qua
167 1433 203 1488 de
219 1450 250 1488 re
268 1434 297 1488 in
317 1436 498 1506 sequentibus
512 1436 721 1508 quaestionibus
734 1436 930 1508 disputabitur.
943 1394 946 1487 i
957 1449 1010 1485 usu
1027 1431 1139 1502 publice
1159 1432 1272 1486 illustris
1291 1439 1320 1487 et
1337 1433 1487 1502 conspicua
1505 1434 1621 1488 inveniri
1631 1452 1688 1490 non
1699 1435 1794 1505 possit,

89 1524 118 1575 4.
138 1518 217 1574 inter
233 1522 378 1576 ecclesiam
391 1522 572 1578 israeliticam
586 1523 780 1578 stRomanam
793 1498 1007 1594 estquns¹sed
1042 1524 1186 1573 externum
1214 1519 1346 1574 ecclesiae
1369 1519 1551 1574 ministerium
1575 1521 1611 1574 sit
1634 1527 1795 1592 corruptum

90 1603 158 1659 dam
176 1605 332 1661 diversitas.
370 1609 499 1663 Summus
519 1608 644 1679 pontifex
665 1609 694 1663 in
714 1608 930 1664 ecclesialsrad·
959 1610 987 1656 et
1015 1603 1210 1674 depravatum,
1237 1613 1268 1659 ut
1298 1605 1432 1660 ecclesiae
1457 1607 1627 1661 israeliticae
1655 1607 1683 1662 in
1710 1607 1744 1664 V.
1767 1615 1796 1664 et

89 1688 170 1745 litias
195 1692 327 1748 divinitus
353 1700 413 1748 erat
432 1695 590 1764 institutus,
618 1695 667 1750 sed
685 1695 737 1749 tali
758 1694 931 1749 institutione
957 1687 1134 1745 Christianae
1150 1690 1180 1744 in
1199 1691 1233 1746 N.
1252 1691 1285 1746 T.
1304 1693 1436 1762 exemplis
1453 1693 1537 1763 paulo
1553 1701 1614 1763 post
1628 1694 1796 1750 demonstra·

89 1794 148 1832 nen
176 1778 282 1850 gaudet
303 1780 428 1849 pontifex
450 1780 600 1837 Romanus.
643 1781 806 1852 Templum,
829 1779 931 1835 sacrifi·
958 1774 1041 1830 bitur.
1078 1783 1102 1833 5.
1122 1775 1158 1830 Et
1177 1783 1244 1831 tunc
1265 1777 1492 1849 distinguendum
1510 1786 1551 1832 est
1570 1779 1641 1833 inter
1658 1780 1795 1851 duplicem

92 1862 138 1917 cia
165 1870 194 1918 et
221 1869 279 1918 tota
298 1865 397 1935 politis
416 1865 538 1921 ,Iudaica
556 1866 688 1921 divinitus
708 1873 787 1921 erant
804 1866 932 1921 instituta
957 1861 994 1915 ad
1012 1862 1157 1917 ecclesiam
1177 1879 1334 1932 accessum,
1358 1863 1433 1933 prior
1451 1872 1493 1919 est
1512 1865 1614 1919 localis
1633 1873 1658 1918 et
1675 1867 1794 1931 marisc-

92 1953 122 2004 ot
138 1950 283 2020 promissio
301 1950 410 2021 addita,
435 1953 510 2023 quod
529 1952 628 2007 durare
647 1951 769 2008 debeant
786 1970 875 2024 usque
894 1951 931 2006 ad
956 1957 1017 2001 stus
1042 1949 1079 2003 sd
1104 1949 1249 2004 ecclesiam
1275 1949 1473 2020 particularem
1496 1966 1547 2020 per
1572 1955 1712 2006 externam
1729 1951 1795 2006 fidei

92 2033 242 2101 Christum,
261 2037 378 2107 proinde
390 2044 541 2109 antequam
554 2038 670 2095 Messias
682 2040 797 2107 veniret,
809 2039 931 2094 destrue-
956 2034 1167 2105 professionem,
1189 2035 1324 2106 posterior
1341 2036 1502 2106 spiritualis
1519 2042 1548 2091 et
1566 2038 1690 2091 occultus
1703 2038 1738 2092 ad
1751 2054 1794 2093 ec-

92 2127 170 2177 retur
193 2123 342 2194 templum,
368 2124 545 2180 abolerentur
565 2125 701 2181 sacrificia
719 2131 747 2182 et
762 2131 932 2181 everteretur
956 2121 1070 2176 alesiam
1087 2122 1269 2177 universalem
1288 2139 1337 2192 per
1354 2123 1490 2176 internam
1503 2123 1592 2176 cordis
1602 2124 1795 2179 assensionem.

92 2206 215 2264 ludaico
231 2209 342 2279 politia,
359 2226 425 2266 vere
442 2211 482 2281 pii
499 2211 530 2266 in
548 2219 662 2267 externa
682 2211 816 2267 ecclesiae
832 2211 929 2268 Judai-
957 2207 1074 2262 Etiamsi
1092 2207 1139 2263 ille
1158 2225 1213 2261 non
1233 2206 1336 2261 habeat
1353 2207 1443 2262 locum
1458 2215 1581 2278 tempore
1595 2210 1794 2280 persecutionis

91 2310 144 2350 cae
162 2295 294 2350 societate
311 2302 523 2367 permanserunt
539 2298 636 2353 eodem
653 2296 758 2369 templo
778 2296 931 2368 iisdemque
957 2301 985 2348 et
1011 2294 1230 2364 corruptelarum
1249 2293 1458 2360 inundantium,
1483 2293 1530 2347 hic
1546 2301 1640 2349 tamen
1657 2304 1793 2367 perpetuo

91 2379 236 2435 sacrificiis
254 2381 306 2434 nsi.
342 2380 397 2437 Sed
416 2382 451 2436 de
469 2382 595 2438 Romana
612 2383 730 2438 ecclesia
749 2382 802 2438 hoc
819 2383 931 2438 demon·
957 2380 986 2433 in
1006 2379 1125 2434 ecclesia
1141 2379 1233 2434 locum
1251 2379 1365 2434 obtinet.
1402 2384 1426 2434 6.
1448 2379 1508 2434 Nec
1520 2380 1677 2449 potesthoc
1691 2397 1795 2452 negare

91 2466 175 2521 strari
187 2468 292 2539 nequit,
313 2469 388 2540 quod
403 2469 473 2523 tales
486 2469 682 2540 promissiones
694 2468 826 2538 obtineat,
839 2487 931 2540 nsque
956 2464 1156 2530 Bellarminus,
1176 2465 1199 2518 si
1219 2465 1350 2535 respiciat
1369 2465 1495 2535 exempla
1513 2464 1673 2534 Zachariae,
1691 2466 1795 2523 Simeo-

91 2552 168 2608 auim
190 2561 223 2607 ut
249 2554 341 2608 cultus
368 2555 478 2609 divinus
505 2555 541 2609 ad
567 2554 701 2626 templum
725 2555 755 2609 in
773 2556 808 2611 V.
828 2555 861 2610 T.
878 2555 932 2611 fuit
956 2551 1007 2614 nis,
1025 2551 1126 2606 Annae
1143 2557 1172 2606 et
1191 2551 1306 2606 aliorum
1324 2551 1441 2621 piorum,
1460 2552 1508 2623 qui
1526 2557 1592 2607 ante
1609 2551 1728 2608 Messias
1745 2554 1793 2608 ad·

92 2638 244 2711 alligatus,
263 2639 302 2694 ita
320 2641 436 2696 ecclesia
453 2641 490 2696 nd
507 2640 604 2696 urbem
621 2640 738 2696 Romam
756 2641 850 2696 divino
869 2659 931 2713 pro-
956 2643 1069 2692 ventum
1087 2637 1224 2706 vixerunt,
1245 2636 1286 2691 illi
1307 2637 1435 2708 nuspiam
1453 2645 1582 2709 poterant
1600 2638 1722 2693 iuvenire
1733 2656 1795 2710 par-

92 2726 178 2780 misso
197 2725 312 2798 alligata
329 2734 378 2781 est
416 2733 440 2781 5.
452 2727 526 2791 Quin
538 2728 594 2782 imo
607 2727 840 2799 quemadmodum
854 2728 931 2782 Chri-
957 2723 1101 2779 ticularem
1120 2724 1242 2795 aliquam
1260 2723 1421 2791 ecclesiam,
1448 2740 1520 2795 quse
1537 2723 1573 2778 ab
1592 2724 1719 2778 omnibus
1738 2741 1796 2780 cor·

92 2811 218 2868 stiamin
231 2813 384 2883 apostolica
397 2812 514 2868 ecclesia
525 2821 589 2884 post
598 2813 700 2869 Christi
712 2814 931 2884 adscensionem,
958 2811 1074 2880 ruptelis
1108 2809 1197 2866 libera
1227 2827 1328 2881 purum
1358 2809 1475 2866 haberet
1500 2808 1577 2864 verbi
1604 2810 1797 2882 ministerium,

91 2915 157 2953 cum
176 2898 334 2969 pontifices,
354 2898 497 2955 Pharisaei
517 2907 545 2954 et
563 2900 663 2972 reliqui
682 2901 785 2957 Judaei
810 2901 872 2956 illos
889 2901 930 2956 ia·
956 2913 1024 2968 ergo
1048 2895 1103 2952 fide
1127 2902 1155 2952 et
1172 2897 1282 2952 interna
1299 2896 1389 2952 cordis
1409 2896 1568 2952 assensione
1586 2898 1795 2967 conjungebant

92 2989 189 3040 ccrent
211 2984 449 3056 ἀποσυναγώγους
470 2992 499 3040 et
521 2987 595 3041 vitae
614 3002 708 3042 eorum
728 2987 931 3054 insidiarentur,
956 3000 987 3038 se
1004 2982 1139 3039 ecclesiae
1157 2981 1325 3048 catholicae,
1348 2991 1489 3038 externam
1507 2982 1616 3038 interim
1632 2983 1792 3038 societatem

94 3072 179 3125 edam
200 3071 236 3125 ab
254 3077 367 3126 externa
380 3071 511 3127 ecclesiae
524 3072 663 3128 Judaicae
675 3073 807 3128 societate
818 3074 930 3129 tandem
956 3086 1019 3123 cum
1037 3069 1154 3124 ecclesia
1170 3076 1300 3139 corrupta
1312 3074 1340 3123 et
1351 3068 1504 3138 depravatu
1516 3069 1648 3123 colentes.
1680 3075 1705 3124 7.
1720 3070 1794 3124 Fieri

95 3157 297 3228 discesserunt,
321 3158 361 3212 sic
386 3163 414 3212 et
436 3175 486 3211 nos
506 3157 622 3213 fulmine
642 3159 931 3214 excommunicationis
955 3160 1058 3225 potest,
1085 3161 1118 3209 ut
1143 3155 1205 3226 quis
1229 3153 1259 3207 iu
1286 3153 1472 3222 captivitatem
1490 3152 1637 3206 ancicam
1655 3152 1794 3207 abductus

96 3260 114 3298 a
133 3243 257 3299 Romano
280 3242 413 3314 pontifice
435 3243 561 3315 impediti
583 3250 611 3300 et
632 3245 856 3316 persecutionum
873 3245 931 3301 vio-
956 3240 985 3294 in
1004 3256 1113 3296 carcere
1130 3238 1205 3294 solus
1223 3238 1322 3301 latitet,
1341 3238 1365 3290 is
1383 3244 1457 3293 certe
1470 3243 1611 3292 externam
1623 3254 1686 3291 cum
1699 3239 1793 3308 aliqua

96 3329 184 3386 lentis
202 3328 388 3384 exllomanae
401 3329 534 3386 ecclesiae
545 3331 678 3388 societate
690 3331 797 3403 expulsi
812 3330 848 3386 ab
858 3332 932 3403 ipso·
957 3325 1119 3397 particulari
1143 3322 1263 3378 ecclesii*
1280 3323 1442 3377 mittam
1460 3323 1565 3377 habere
1583 3323 1692 3394 nequit,
1716 3321 1793 3376 ΜΕ·
1851 3319 1855 3326 ’

95 3433 158 3471 rum
176 3416 368 3471 communione
387 3416 576 3487 discessimus,
602 3436 658 3474 non
675 3424 732 3473 tam
751 3419 787 3474 ab
805 3417 872 3489 ipsis
889 3417 932 3472 fu·
958 3412 997 3466 cit
1013 3411 1099 3483 igitur
1118 3411 1158 3464 illi
1177 3410 1213 3465 ad
1231 3410 1349 3463 salutem
1367 3409 1526 3478 conjunctio
1545 3408 1656 3462 interna
1673 3424 1735 3464 cum
1751 3424 1794 3463 ec·

96 3504 220 3574 gientes,
246 3519 329 3573 quam
352 3502 452 3574 fugati.
489 3504 518 3561 Si
537 3521 618 3560 verae
637 3504 779 3560 doctrinae
797 3504 934 3559 confessio
958 3498 1042 3554 clusis
1066 3497 1209 3551 cath0li08·
1259 3503 1282 3552 8·
1307 3495 1425 3550 Fatetur
1454 3494 1654 3562 Bellsrminus,
1691 3496 1795 3563 injusta
1873 3532 1891 3555 a

96 3597 126 3645 st
146 3589 289 3661 legitimus
310 3597 542 3646 sacramentorum
560 3608 627 3645 usus
647 3590 727 3646 nobis
747 3591 817 3646 liber
834 3589 939 3645 fuisset.
959 3584 1222 3638 escommrmicotum
1240 3598 1322 3652 posse
1335 3582 1406 3650 fieri
1423 3582 1549 3646 ecloum,
1568 3599 1630 3635 crim
1647 3583 1685 3635 sit
1702 3582 1795 3636 adhuc

95 3675 223 3746 relictus,
245 3676 316 3730 forte
339 3693 394 3730 nou
417 3676 638 3731 discessissemus
657 3676 693 3731 ab
711 3683 825 3732 externa
843 3676 932 3732 eccle·
958 3670 989 3722 in
1007 3670 1126 3724 ccclesia
1145 3669 1239 3722 aniano
1257 3668 1314 3720 sica
1333 3667 1485 3737 desiderio,
1504 3669 1571 3721 licet
1590 3685 1647 3720 aon
1665 3683 1796 3737 corpore,

95 3763 153 3817 ,Μ
175 3761 318 3817 Romam
343 3761 481 3818 societate,
520 3768 544 3817 6,
569 3761 809 3825 Quemadmodum
828 3762 857 3817 in
874 3778 933 3818 001.
958 3758 1016 3810 sive
1032 3765 1144 3810 estem
1164 3755 1420 3811 communicatione.
1458 3772 1483 3812 o.
1505 3760 1528 3809 6.
1546 3772 1617 3824 resp.
1630 3754 1674 3810 ad.
1694 3760 1714 3810 i.
1729 3769 1796 3826 ergo

95 3849 255 3921 mptissimo
274 3849 407 3904 ecclesiae
424 3848 595 3904 Israeliticse
614 3854 702 3919 statu,
725 3842 932 3904 num'vidsrsn-
959 3843 1109 3899 necessitas
1127 3841 1175 3895 illa
1192 3839 1394 3912 conjunctionis
1415 3857 1477 3894 cum
1495 3840 1611 3895 ecclesia
1628 3857 1684 3895 non
1693 3845 1794 3911 potest,

96 3943 144 3991 tur
160 3935 253 3991 omnia
272 3934 436 4006 corruptelis
455 3935 597 3991 dochinae
616 3934 773 3990 idololatria
792 3941 821 3990 et
839 3952 934 4007 super·
959 3946 1010 3985 nec
1040 3927 1124 3984 debet
1153 3926 1272 3998 intelligi
1303 3927 1339 3980 de
1367 3931 1481 3981 externa
1509 3926 1703 3996 conjonctione
1731 3943 1795 3981 cum

98 4021 258 4078 stitionibus
270 4021 384 4092 repleta,
397 4022 517 4077 servavit
528 4021 582 4076 sibi
594 4019 672 4076 Deus
686 4038 778 4077 semen
791 4028 934 4090 sanctum;
960 4015 1078 4072 ecclesia
1096 4013 1213 4082 visibili,
1233 4012 1282 4067 sed
1304 4013 1337 4067 de
1357 4012 1464 4066 interna
1483 4019 1511 4066 et
1526 4012 1664 4082 spirituali
1680 4014 1796 4082 conjun-

96 4107 138 4163 ita
164 4107 352 4179 superioribus
379 4107 550 4178 temporibus
579 4112 685 4179 papatu
712 4107 795 4179 longe
821 4107 934 4180 lateque
959 4103 1050 4158 ctione
1068 4119 1131 4156 cum
1148 4100 1265 4157 ecclesis
1283 4098 1427 4153 catholica.
1455 4098 1564 4168 injuste
1577 4099 1795 4153 excommunica·

95 4199 266 4267 propagato,
293 4209 356 4248 cum
381 4193 478 4250 itidem
505 4194 668 4249 viderentur
694 4193 786 4248 omnin
803 4201 934 4266 corrupta
959 4196 1005 4243 tus
1032 4188 1159 4258 privatur
1184 4192 1298 4241 externa
1325 4181 1517 4238 communione
1542 4188 1570 4237 et
1598 4184 1795 4253 conjunctione

96 4287 125 4336 et
152 4281 319 4351 depravata,
343 4280 465 4336 servavit
494 4279 547 4333 sibi
574 4279 652 4335 Deus
678 4296 772 4334 semen
799 4287 932 4349 sanctum,
960 4292 1024 4329 com
1040 4272 1157 4329 ecclesia
1168 4270 1328 4342 particulari
1341 4277 1369 4324 et
1384 4269 1493 4339 risibili,
1513 4269 1623 4323 interim
1635 4275 1728 4325 tamen
1740 4287 1795 4325 non

97 4373 181 4438 atque
207 4366 299 4421 adhue
319 4365 402 4421 hodie
428 4365 456 4420 in
475 4365 568 4421 medin
586 4365 675 4421 Roma
692 4365 801 4438 colligit
817 4366 871 4422 sibi
890 4384 933 4423 en·
958 4360 1083 4431 privatur
1112 4359 1222 4413 interna
1246 4356 1438 4411 communione
1464 4363 1492 4411 et
1514 4356 1709 4427 conjunctione
1731 4374 1796 4411 cum

97 4452 223 4522 clesiam,
250 4469 323 4524 quae
351 4452 418 4507 licet
446 4452 482 4506 ab
507 4459 620 4509 extema
639 4452 782 4508 Romanae
800 4452 934 4509 ecclesiae
959 4446 1076 4502 ecclesia
1094 4441 1231 4499 catholica
1251 4447 1280 4497 et
1298 4441 1445 4508 invisibili,
1468 4441 1586 4512 proinde
1603 4442 1687 4497 etiam
1707 4442 1796 4497 salute

97 4540 229 4594 societate
243 4537 366 4592 nondum
385 4542 515 4608 separata
532 4544 582 4603 est,
604 4545 697 4594 tamen
714 4538 850 4595 internam
870 4555 933 4594 cum
944 4602 947 4609 1
959 4549 1014 4587 non
1033 4533 1164 4603 privatur.

98 4624 215 4681 ecclesia
244 4623 380 4678 catholica
403 4624 622 4680 communionem
644 4624 752 4681 obtinet
776 4630 859 4696 atque
881 4616 948 4679 hoo?
995 4625 1035 4674 85.
1072 4616 1225 4687 Septimum
1245 4620 1438 4685 argumentum
1460 4613 1565 4684 petitur
1583 4612 1795 4671 exdefiuitions.
1808 4637 1828 4680 7.
1842 4633 1923 4680 nests-

98 4716 227 4780 respectu
246 4709 391 4764 invisibilis
408 4717 457 4764 est
963 4707 997 4761 si
1013 4704 1132 4759 cocleam
1151 4710 1191 4757 est
1208 4701 1388 4771 congregatio
1400 4700 1541 4754 hominum
1553 4700 1688 4753 mentium
1700 4717 1796 4753 sacra·
1809 4689 1906 4792 ζξῃὲξ

49 4828 85 4859 ss-
135 4795 309 4853 assertum
322 4800 517 4867 argumentum
530 4793 648 4865 petitum
661 4801 704 4852 est
717 4813 749 4852 cx
762 4793 1061 4851 cerasuntensium
1089 4791 1191 4844 ir‘adcm
1221 4796 1246 4842 ct
1271 4790 1356 4853 fidem
1388 4787 1495 4840 Christi
1522 4786 1715 4857 profitentium
1747 4788 1797 4840 aab
1810 4794 1922 4843 sassono-

49 4880 84 4947 ,¹⁰¹
101 4885 236 4937 Tenemur
259 4899 353 4936 omnes
375 4883 426 4935 suh
440 4880 571 4951 peremto
590 4889 719 4936 mercae
736 4882 835 4936 mortis
851 4898 935 4937 uerae
962 4878 1094 4948 regimine
1111 4875 1297 4944 legitimorum
1313 4881 1469 4943 pactorum,
1489 4874 1612 4942 scqrcitnr
1629 4872 1797 4935 accusorio,
1810 4847 1918 4936 ffiffl„

51 4985 76 5013 ο·
98 4969 294 5024 acclesioenos
307 4969 464 5039 adjungere
477 4966 610 5020 asinula
622 4984 809 5035 perseverare.
837 4970 1023 5041 Attocenm
1042 4979 1099 5016 osse
1118 4960 1262 5014 vias'bilem.
1300 4958 1523 5029 Respondemus:
1540 4957 1722 5027 fatetur'ipse
1735 4956 1900 5038 Bel-2¹23·

49 5035 63 5066 ''
97 5056 162 5124 fieri
180 5072 235 5109 noc
249 5063 352 5125 potest,
370 5052 527 5108 siccclcsia
539 5058 579 5105 est
593 5051 747 5109 invisibilis.
777 5050 1111 5167 Responde-qimam,
1135 5065 1191 5102 non
1216 5043 1320 5114 requiri
1340 5044 1425 5098 ullam
1443 5043 1578 5098 internam
1596 5043 1740 5111 virtutem,
1766 5050 1798 5097 ut

99 5157 173 5197 mus:
196 5147 218 5196 l.
235 5140 288 5196 hoc
307 5139 463 5194 necessario
483 5136 696 5207 intelligendum
714 5144 756 5194 est
771 5138 938 5195 deecclesia
963 5137 1024 5208 quis
1050 5134 1085 5188 sit
1109 5135 1143 5189 de
1170 5131 1218 5186 illa
1236 5128 1368 5198 ccclesia,
1394 5145 1478 5200 quam
1495 5127 1548 5183 hoc
1567 5127 1648 5181 modo
1665 5128 1797 5198 delinivit,

99 5226 254 5296 catholica,
280 5232 358 5282 extra
385 5241 469 5298 quam
487 5240 543 5278 non
560 5227 603 5277 est
619 5223 701 5279 salus.
728 5223 938 5298 'conjungimur
962 5238 1013 5277 nos
1030 5237 1095 5275 vero
1113 5217 1253 5289 loquimur
1270 5215 1315 5269 hic
1335 5214 1498 5270 deecclesia
1510 5212 1653 5282 catholica,
1672 5230 1744 5283 quae
1757 5220 1799 5270 est

98 5326 192 5370 autem
209 5311 342 5368 ecclesiae
361 5309 523 5377 catholicae,
543 5308 655 5380 quaudo
672 5324 739 5363 vera
755 5307 810 5365 fide
828 5310 938 5366 Christo
950 5342 952 5351 ·
963 5305 1143 5380 congregatio
1162 5308 1334 5370 sanctorum,
1360 5301 1395 5354 ad
1415 5316 1500 5370 quam
1517 5298 1633 5368 proinde
1651 5299 1719 5352 nulli
1737 5318 1799 5370 per-
1887 5319 1892 5325 -

99 5400 173 5455 illius
185 5374 1067 5470 espieeonjungimurnaecssarnconsumeretur*ament,
1088 5390 1142 5445 nsi
1163 5389 1211 5461 qn
1231 5387 1300 5455 see,
1321 5403 1384 5457 spe,
1402 5384 1519 5439 canna
1536 5391 1565 5439 a
1584 5383 1697 5439 namn
1714 5384 1798 5455 spra-

100 5492 143 5542 est
154 5501 205 5556 per
217 5485 370 5549 canmtem,
383 5500 439 5557 qus
449 5499 513 5538 cum
524 5480 638 5553 reliquis
650 5479 772 5553 corporis
784 5481 867 5552 hujus
879 5500 937 5554 my·
950 5430 953 5524 i
964 5490 1010 5539 tus
1034 5477 1123 5534 sancti
1149 5477 1228 5532 donis
1252 5473 1369 5546 praediti
1390 5476 1462 5527 sunt
1498 5471 1572 5538 Quid
1592 5471 1621 5526 in
1640 5470 1799 5527 definitione

152 5577 317 5622 ιαιιιιιιοοι
335 5578 359 5622 v.
1433 5582 1464 5631 ²1
