4004 6022
214 210 276 327 are
305 276 312 291 ,
777 198 899 257 nocua
919 197 1121 257 menemus
1140 197 1339 255 secuuntur

213 356 268 413 Dra
287 353 497 423 Chemniclus,
489 372 517 409 ru
535 352 651 409 vetustis
668 352 835 409 codicibus
827 353 944 410 inveniri
961 352 1045 411 ctiam
1073 351 1133 409 tolo
1161 353 1346 425 insigniuntur
1372 351 1519 407 Johmnes
1546 353 1576 405 et
1599 348 1723 407 Thomas
1752 349 1903 422 presbyteri

213 448 278 499 ante
297 438 414 494 Lutheri
433 424 819 510 temporaarticulumillum
839 440 983 495 sanccita
1005 456 1046 493 re·
1073 443 1255 538 τιιιοτηρηιαι
1282 439 1337 493 cais
1363 435 1554 492 ἆιιοσιοιικῶν
1577 433 1690 507 θρόνων
1713 439 1760 504 τῆς
1787 433 1903 493 duamu-

214 527 342 581 citatum:
378 526 426 596 §tri
455 526 550 595 plaute
582 526 637 583 ciat
667 526 758 596 icilius
790 527 921 597 amitttat
950 525 1046 594 utrae,
1074 526 1121 588 κῆς
1139 525 1304 591 διοικήσεως,
1322 524 1412 579 locum
1431 528 1555 580 tenentes
1572 521 1787 593 apostolicarum
1804 520 1903 577 sedium

214 630 264 683 per
290 610 472 669 Christianam
493 619 587 667 autem
610 611 684 666 idem
707 612 871 683 intelligitur
898 611 972 682 quod
998 626 1049 680 per
1075 611 1135 679 eJus
1152 627 1223 681 quse
1240 617 1281 665 est
1298 609 1327 662 in
1344 609 1447 664 oriente
1466 609 1631 664 dioeceseos.

215 697 394 762 catholicam,
427 698 492 769 quia
516 696 734 752 Christianorum
759 713 859 753 nomen
894 697 1048 766 dispersum

215 791 258 839 ιιι
279 800 329 853 per
352 789 442 838 totam
461 783 572 853 orbem,
594 782 667 838 falso
686 783 772 854 igitur
791 782 945 839 Lutlrerum
967 797 1046 836 accu·
1388 816 1595 824 ----

215 869 283 937 sari,
309 869 385 940 quod
407 869 470 924 dolo
489 868 561 923 malo
577 885 672 925 vocem
692 867 857 923 catholicam
876 866 1048 938 expunxerit,

214 955 261 1009 cui
289 971 355 1010 vero
378 954 526 1021 ecclesiae,
554 959 665 1007 nostrae
690 953 797 1008 scilicet
818 970 854 1008 an
880 952 1047 1023 pontificiae,
1347 967 1368 1026 0
1387 966 1415 1025 Δ
1431 966 1456 1026 p
1473 966 1543 1025 up
1578 963 1637 1024 Π,

215 1059 315 1097 nomen
332 1040 487 1096 catholicae
506 1038 565 1094 xor‘
587 1037 721 1108 ieiunas
740 1038 899 1108 conveniat,
921 1056 970 1093 suo
987 1039 1047 1093 loco

85 1127 179 1177 sseo-
215 1126 368 1197 apparebit
410 1126 574 1196 Apostolica
598 1131 712 1180 vocatur
735 1141 791 1178 non
814 1124 902 1178 solum
928 1124 993 1196 quia
1011 1123 1047 1178 ab
1250 1120 1316 1185 AN
1351 1120 1434 1186 SIT
1466 1119 1731 1187 EGGLESIA

86 1181 175 1220 mne*
214 1212 385 1284 apostolis
377 1229 407 1265 ιιι
438 1211 471 1266 Ν
503 1211 536 1265 Τ.
567 1227 617 1281 per
648 1210 785 1281 evangelii
813 1210 1047 1307 praedicationem

174 1356 178 1363 ⁴
213 1299 341 1369 plantata
367 1304 410 1353 est
429 1303 458 1352 et
476 1297 609 1365 fundata,
635 1296 685 1351 sed
704 1296 788 1351 etiam
808 1296 874 1366 qnia
893 1295 1047 1350 doctrinam
1110 1292 1149 1340 35
1181 1287 1345 1342 Donetietee
1364 1287 1500 1344 referente
1517 1288 1675 1359 Augustino
1694 1287 1728 1343 de
1748 1286 1954 1378 heereeibtui¹¹

212 1383 393 1454 apostolicam
430 1385 512 1454 (quae
550 1400 614 1437 cum
640 1380 805 1452 prophetica
835 1380 965 1452 quoad
958 1397 1047 1451 ipsam
1073 1372 1109 1425 ed
1141 1372 1310 1436 Quedvultd
1350 1374 1454 1430 haeret
1484 1379 1526 1430 69
1558 1378 1727 1439 mitterent
1759 1337 1954 1428 edelwinumd

212 1469 395 1524 substantiam
422 1486 477 1524 una
501 1475 585 1540 atqua
609 1467 706 1522 ecdem
725 1470 780 1533 est)
798 1466 919 1521 fideliter
937 1481 1046 1520 conser-
1076 1458 1181 1515 Curiati
1210 1460 1245 1510 dc
1277 1467 1333 1514 tcto
1362 1469 1501 1513 terrarum
1529 1459 1594 1513 orte
1619 1459 1742 1529 perticae
1769 1467 1855 1529 atque
1881 1461 1910 1513 ia

212 1562 260 1609 vat
279 1562 307 1610 et
325 1572 376 1625 per
395 1553 511 1609 eandem
530 1553 623 1608 adhue
642 1552 724 1607 hodie
744 1558 916 1623 propagatur
936 1558 964 1607 et
982 1569 1045 1607 con·
1073 1544 1179 1607 Africa
1199 1547 1311 1598 Donati
1323 1554 1408 1614 parte
1425 1545 1606 1613 remansisse,
1629 1545 1660 1597 iu
1679 1545 1911 1600 altaserram

212 1646 338 1696 servatur
362 1657 450 1711 usque
476 1640 512 1694 ad
532 1638 616 1695 finem
632 1638 731 1704 seculi,
760 1655 814 1708 quo
832 1655 914 1694 sensu
931 1638 1060 1693 dicimur
1058 1618 1199 1698 partilem
1229 1633 1312 1701 etati
1343 1632 1505 1699 0οΜιῖοΜ
1536 1631 1735 1685 commended
1767 1632 1910 1686 wifecle·

213 1728 359 1796 &efficaci
377 1743 462 1795 super
478 1726 699 1790 fundamentum
714 1724 915 1794 prophetarum
935 1733 960 1777 a
977 1742 1045 1793 apo
1071 1716 1217 1786 Negarunt
1243 1716 1328 1787 igitur
1351 1717 1425 1772 illam
1448 1723 1556 1788 partem
1580 1716 1713 1787 symboli:
1753 1718 1846 1773 Credo
1868 1734 1910 1773 ec·

212 1813 362 1879 stolorum,
381 1810 483 1881 Ephes.
501 1814 531 1877 2,
551 1828 577 1863 v.
597 1815 638 1864 20.
655 1815 684 1863 et
700 1826 794 1863 murus
811 1826 900 1866 novae
917 1808 1045 1864 Hieroso.
1072 1802 1185 1854 alesiam
1205 1804 1380 1857 catholicam.
1418 1803 1474 1858 Sed
1491 1819 1550 1859 esee
1569 1819 1662 1857 veram
1680 1802 1733 1857 Dei
1753 1803 1908 1867 eccleciam,

210 1899 303 1968 lymae
327 1896 429 1951 dicitur
457 1895 559 1949 habere
585 1896 773 1958 fundamenta
796 1897 943 1950 duodecim
969 1904 994 1948 et
1016 1897 1045 1948 in
1071 1888 1197 1958 adeoque
1221 1889 1257 1944 ab
1281 1890 1348 1945 orbe
1375 1889 1486 1944 condito
1514 1889 1598 1943 tuisse
1626 1894 1654 1944 et
1669 1896 1806 1960 perpetuo
1825 1891 1908 1946 etiarn

210 1983 272 2036 iilic
299 1983 414 2036 uomina
434 1983 583 2035 duodecim
600 1982 793 2052 apostolorum
811 1982 881 2049 acui
896 1981 982 2051 Apoc.
1004 1985 1045 2043 ιι,
1072 1990 1231 2028 mansuram
1255 1992 1315 2029 esee
1338 1976 1541 2031 demonstrant:
1574 1981 1595 2030 ι.
1621 1975 1762 2031 evidentia
1784 1975 1909 2049 Scriptu-

211 2086 236 2123 r.
259 2073 298 2125 ιι.
336 2069 468 2123 Irenaeus
487 2066 534 2121 lib.
553 2073 578 2123 3.
599 2067 661 2121 ads.
681 2066 787 2124 hames.
806 2084 830 2123 c.
854 2073 875 2122 l.
893 2067 921 2119 in
941 2065 1045 2136 princ:
1072 2076 1119 2114 rae
1138 2061 1310 2126 testimonia,
1336 2077 1406 2133 quae
1427 2061 1569 2116 continent
1586 2061 1693 2115 divinas
1711 2062 1908 2132 promissiones

210 2155 277 2208 Noa
298 2170 350 2223 per
371 2153 446 2207 aiioe
464 2153 674 2223 disparitionem
694 2153 797 2206 salutis
815 2159 929 2206 nostrae
947 2169 1046 2218 copus·
1073 2146 1107 2200 dc
1134 2146 1296 2202 collectione
1319 2155 1347 2202 et
1374 2147 1580 2203 conservatione
1606 2147 1739 2202 ecclesiae
1762 2155 1908 2219 perpetua.

210 2240 300 2293 oimrts
319 2257 403 2308 quam
415 2255 471 2308 pet·
488 2256 534 2293 ecs
549 2240 699 2308 apostolae,
722 2256 777 2309 per
791 2237 1046 2307 quoeeoaupclium
1074 2238 1096 2289 ι.
1117 2231 1189 2287 Sam.
1209 2238 1233 2302 ι,
1251 2252 1277 2286 v.
1304 2240 1347 2289 10:
1366 2236 1507 2289 Dominus
1520 2234 1668 2303 judicabit
1679 2235 1754 2304 ‚aaa
1773 2243 1870 2290 terrae
1884 2243 1908 2290 et

208 2325 335 2394 persenit
354 2326 396 2378 ad
414 2342 473 2389 uos,
492 2325 694 2394 quodquidam
708 2324 1046 2393 tacepraecouiaoerant,
1073 2318 1152 2372 datu
1172 2319 1377 2385 fortitudinem
1407 2319 1471 2387 cepi
1496 2337 1547 2373 suo
1575 2328 1600 2374 et
1626 2321 1786 2375 sublimabit
1821 2338 1908 2375 coma

208 2417 308 2480 postca
325 2426 391 2463 aero
406 2426 461 2480 per
479 2411 540 2464 Dei
555 2410 725 2464 voluntatem
743 2411 773 2463 iu
792 2410 948 2479 scripturis
966 2410 1046 2464 nobie
1073 2402 1180 2457 Otruu
1202 2406 1255 2460 sui.
1294 2404 1396 2460 Psalm.
1417 2411 1466 2472 45,
1491 2423 1517 2462 u.
1539 2411 1569 2460 l:
1604 2405 1691 2461 Sedes
1710 2415 1759 2460 tua
1776 2409 1860 2463 Deus
1878 2409 1908 2462 iu

212 2495 393 2549 tradiderunt
424 2497 640 2561 fundamentum
669 2503 694 2548 ct
725 2496 882 2549 colamnam
905 2495 974 2557 fidei
997 2513 1046 2549 uc·
1071 2492 1194 2545 seudum
1220 2492 1322 2557 secali,
1350 2491 1431 2559 oirpa
1458 2491 1622 2547 directionis
1647 2493 1729 2562 sirpo
1753 2494 1836 2562 regui
1857 2497 1907 2552 tui.

212 2587 288 2634 strae
308 2583 445 2646 suarum.
481 2579 670 2636 Tertullianus
694 2580 730 2635 de
751 2580 930 2652 praescript:
968 2579 1046 2633 Iliae
1071 2576 1172 2631 Pealrn.
1186 2582 1227 2645 46,
1246 2593 1270 2629 v.
1285 2582 1315 2631 5:
1336 2577 1435 2630 Rivali
1452 2577 1578 2644 fluminis
1595 2579 1749 2648 laetificam
1768 2580 1907 2636 civitaten

213 2666 358 2731 eccleciae,
389 2683 460 2735 quae
489 2667 555 2720 licet
580 2666 689 2720 uallum
711 2666 755 2720 aei
787 2683 820 2719 aa
845 2667 981 2734 apostolis
1002 2666 1047 2720 cel
1072 2663 1137 2729 Dei,
1154 2670 1268 2715 caudae
1287 2662 1473 2716 habitationes
1490 2663 1653 2727 Altusimi,·
1681 2682 1706 2718 v.
1727 2671 1757 2720 6:
1778 2666 1859 2719 Deua
1878 2668 1908 2720 iu

212 2752 377 2822 apostolicis
396 2759 538 2806 auctorem
555 2769 636 2805 caum
648 2753 816 2823 proferant,
843 2759 873 2803 ut
892 2751 978 2805 multo
996 2769 1046 2820 po·
1071 2748 1163 2801 medio
1179 2749 1242 2816 ejaa
1261 2765 1318 2800 uoa
1336 2748 1564 2816 commovebitur,
1585 2750 1732 2818 adiuvabit
1748 2769 1809 2805 eom
1828 2755 1909 2808 Deus

210 2838 357 2906 sicciores,
377 2855 449 2908 quae
469 2837 588 2907 deut'qac
605 2837 730 2905 quotidie
746 2837 936 2904 instruuntur,
953 2844 1046 2891 tamea
1071 2850 1159 2888 moue.
1195 2833 1297 2889 Psalm.
1318 2840 1359 2900 tt,
1378 2851 1405 2890 v,
1429 2841 1473 2890 15:
1499 2836 1627 2891 Orabam
1644 2854 1740 2892 coram
1757 2839 1820 2908 epac
1839 2857 1907 2894 sem·

210 2924 240 2977 iu
259 2926 356 2978 eadem
373 2925 430 2987 fide
448 2923 657 2992 conspirantes,
689 2940 746 2976 uon
763 2923 855 2975 miuus
873 2923 1046 2992 apostelicae
1066 2936 1136 2989 per,
1162 2927 1221 2973 tota
1241 2921 1287 2973 die
1308 2920 1468 2976 benedicent
1487 2923 1521 2992 ei,
1538 2941 1564 2979 v.
1589 2929 1633 2978 ιιι
1655 2925 1709 2978 erit
1726 2942 1825 2979 uomere
1844 2928 1907 2995 ejue

212 3011 382 3080 ἀῳιιαιιιιν
418 3017 539 3079 propter
582 3009 852 3076 coueaupuiuitatem
889 3009 1044 3065 doctrinae.
1071 3006 1101 3058 iu
1126 3005 1227 3058 secula.
1267 3005 1369 3062 Psalm.
1395 3012 1441 3072 89,
1468 3027 1493 3062 v.
1523 3013 1573 3065 36:
1617 3009 1709 3063 Semel
1727 3011 1831 3080 juravi
1851 3029 1906 3082 per

211 3095 267 3151 Sed
292 3095 346 3150 hac
371 3097 406 3149 de
429 3112 471 3166 re,
495 3094 536 3150 uti
554 3095 637 3151 etiam
656 3095 691 3150 de
709 3094 841 3151 ecclesiae
858 3095 966 3151 unitate
984 3112 1045 3151 san·
1070 3092 1246 3146 sanctitatem
1265 3109 1367 3163 meaos,
1389 3095 1417 3147 ei
1435 3094 1538 3148 Dauid
1555 3096 1692 3162 mendac,-
1715 3115 1740 3149 v.
1759 3102 1805 3151 ιιι
1829 3098 1904 3151 tiro·

210 3182 307 3236 etitate
338 3187 366 3237 et
397 3180 605 3237 universalitate
633 3186 732 3251 postea
756 3181 865 3252 plenius
896 3181 1044 3237 dicendum
1071 3197 1123 3231 uua
1141 3179 1203 3248 ejus
1214 3179 1377 3248 firmabitur
1394 3180 1425 3232 iu
1444 3186 1593 3234 aceruum.
1628 3180 1730 3235 Psalm.
1751 3188 1792 3249 et,
1811 3202 1836 3236 v.
1860 3190 1904 3239 rt:

210 3267 269 3323 erit
304 3268 422 3323 ”Alias
441 3268 615 3341 apostolicae
634 3267 767 3321 ecclmiae
786 3266 916 3323 &cuntur
936 3268 1044 3324 duobus
1070 3265 1136 3318 Nou
1155 3266 1263 3319 deceret
1281 3265 1422 3319 Dominus
1438 3265 1548 3334 plebem
1562 3283 1642 3319 suom
1660 3275 1687 3319 et
1703 3267 1905 3323 haereditatem
1951 3259 1954 3267 ¹

209 3352 314 3408 modis:
344 3359 365 3408 ι.
383 3353 448 3408 illae
466 3369 535 3424 qaas
555 3351 674 3424 apostoli
692 3353 746 3425 ipsi
764 3353 948 3409 condiderunt
964 3370 1043 3425 prae·
1069 3368 1149 3404 auam
1175 3368 1230 3404 uon
1256 3352 1438 3420 derelinquet.
1474 3351 1549 3406 Esai.
1569 3353 1617 3420 5⁹,
1640 3370 1666 3409 v.
1687 3359 1736 3408 ιιι
1762 3355 1825 3408 Ηοι
1840 3358 1902 3421 foe-

211 3438 328 3494 dicaudo
354 3445 411 3493 tam
438 3440 502 3495 vira
525 3456 593 3495 voce
621 3455 703 3511 quam
720 3455 772 3510 per
789 3439 897 3505 literam
928 3447 951 3496 ι.
971 3457 1043 3513 quae
1070 3439 1124 3491 due
1141 3453 1231 3491 meum
1247 3455 1309 3490 cum
1329 3437 1376 3506 eis,
1395 3438 1464 3490 dicit
1482 3438 1641 3492 Dominae:
1675 3439 1800 3508 Spiritui
1819 3459 1904 3511 mesre,

209 3525 275 3581 licet
301 3525 407 3580 nullum
437 3525 481 3580 vel
511 3542 544 3580 ex
570 3525 701 3596 apostolis
727 3525 772 3581 sel
798 3525 955 3595 apostolicis
978 3526 1044 3579 viris
1070 3525 1120 3594 qui
1145 3529 1185 3576 eet
1209 3523 1239 3576 iu
1256 3530 1282 3576 te
1302 3531 1326 3576 et
1344 3523 1429 3576 ιινόα
1444 3539 1521 3586 mea,
1544 3540 1616 3592 quoe
1625 3527 1716 3593 posui
1731 3527 1762 3579 ia
1780 3544 1829 3581 ore
1846 3537 1903 3596 tao,
1940 3548 1942 3552 ⁸

209 3617 348 3666 auctorem
384 3627 463 3665 auum
492 3610 653 3681 proterunt,
691 3615 723 3662 ut
752 3610 839 3665 multo
869 3614 1042 3682 posteriores,
1069 3630 1126 3666 uon
1144 3612 1273 3664 recederat
1291 3612 1325 3663 de
1345 3627 1393 3664 ore
1414 3618 1461 3664 tuo
1480 3613 1560 3664 etde
1578 3614 1814 3682 orcecminietai,
1833 3616 1904 3668 dicit

209 3704 302 3751 tamen
327 3697 356 3750 in
379 3696 477 3752 cadem
499 3694 554 3750 fide
578 3695 768 3765 conspirantes
790 3713 845 3751 uon
867 3697 957 3752 minua
977 3715 1042 3769 apo·
1069 3697 1337 3750 Domiuueamodo
1348 3697 1477 3764 mqueiu
1490 3697 1696 3766 sempitemam.
1713 3699 1905 3764 tentaret:

208 3783 324 3838 stolioae
353 3782 484 3837 dicuntur
511 3788 624 3852 propter
649 3781 917 3853 consanguinitatem
942 3785 1042 3838 doctri·
1072 3782 1106 3837 Si
1125 3782 1282 3847 defecerint
1305 3781 1379 3849 leges
1397 3781 1469 3836 ictae
1487 3780 1562 3849 (solis
1581 3787 1609 3836 et
1626 3781 1720 3852 lunae)
1738 3802 1833 3839 coram
1852 3805 1903 3851 me,

210 3885 271 3923 nae.
321 3865 510 3922 Tertullianus
542 3867 577 3921 de
606 3868 767 3939 praescript.
798 3885 821 3922 c.
846 3872 887 3924 32·
937 3870 1042 3925 Neutro
1070 3869 1140 3922 dicit
1158 3868 1306 3931 Dominae,
1324 3875 1387 3921 tuuc
1406 3875 1432 3921 et
1448 3883 1540 3922 semea
1558 3869 1651 3922 Isrod
1670 3871 1787 3939 deficiet,
1804 3880 1834 3924 at
1847 3891 1903 3926 aaa

209 3954 292 4009 modo
317 3953 445 4009 Romana
466 3953 520 4008 eibi
544 3952 597 4008 soli
621 3952 693 4007 hanc
716 3952 930 4023 appellationem
949 3955 1042 4009 vendi·
1069 3955 1106 4008 eit
1132 3972 1201 4024 geue
1217 3972 1312 4008 coram
1330 3971 1372 4007 nce
1393 3955 1496 4008 canctus
1515 3955 1629 4024 dietim
1657 3974 1682 4008 v.
1702 3961 1746 4010 et:
1770 3956 1839 4009 hacc
1859 3960 1902 4011 di-

208 4057 271 4096 care
290 4045 397 4111 potest:
422 4056 477 4095 non
495 4041 601 4111 priore,
621 4039 820 4111 qniaetaliae
838 4041 957 4096 suntab
976 4059 1041 4111 apo·
1069 4041 1106 4093 cit
1131 4031 1285 4108 Dominus,
1313 4041 1340 4093 si
1364 4041 1522 4094 menturari
1538 4044 1684 4109 potueriat
1702 4043 1774 4095 coeli
1791 4061 1903 4098 saraam

208 4125 285 4180 stolis
314 4124 462 4196 tundetae3
496 4143 548 4181 nec
578 4126 744 4196 posteriore,
778 4125 844 4197 quia
874 4126 1041 4182 orthodoxae
1068 4133 1094 4178 et
1121 4127 1285 4195 iuomtipari
1306 4127 1494 4188 fundamenta
1520 4134 1613 4181 terrae
1634 4130 1781 4198 demeum,
1807 4138 1832 4182 et
1852 4148 1902 4200 epo

206 4212 298 4282 potius
326 4211 463 4267 ecclesiae
488 4211 591 4267 habent
614 4211 689 4266 illam
713 4211 855 4267 doctrinae
876 4213 1040 4284 consangui-
1069 4212 1203 4280 abjiciam
1234 4213 1393 4266 uuiversum
1423 4228 1514 4266 semea
1547 4211 1641 4267 lsrael
1663 4222 1782 4284 propter
1800 4217 1903 4283 omitia,

207 4299 332 4354 uitatem.
375 4296 517 4362 Quatenus
541 4314 630 4369 papae
651 4298 823 4370 obtemperat
846 4298 973 4354 Romana
998 4318 1040 4354 ec·
1067 4315 1138 4368 quae
1156 4299 1291 4366 feceruut,
1311 4299 1381 4352 dicit
1398 4298 1540 4351 Dominus
1547 4319 1557 4367 ,·
1584 4317 1610 4355 v.
1631 4305 1677 4354 tu:
1697 4306 1823 4354 cauatam
1843 4303 1901 4356 Do-

207 4380 308 4453 clara,
324 4400 380 4438 non
397 4383 551 4454 apostolica
570 4389 621 4452 ιιι,
639 4384 689 4438 sed
709 4386 871 4455 apostatica.
908 4386 1040 4452 Quamvis
1068 4385 1138 4437 miui
1158 4402 1213 4437 uon
1241 4384 1373 4437 evelletur
1397 4391 1422 4436 et
1444 4400 1500 4437 acu
1523 4386 1679 4438 desereretur
1697 4387 1775 4440 altra
1791 4388 1822 4441 iu
1837 4404 1901 4457 per·

204 4477 297 4525 tractu
314 4469 446 4540 temporis
462 4470 491 4522 in
509 4469 652 4525 occidente
673 4471 747 4525 circa
764 4479 893 4543 quartum
907 4472 1039 4542 seculum,
1062 4478 1185 4540 petrium.
1226 4469 1297 4526 Jo'e'l.
1316 4475 1346 4535 2,
1369 4487 1393 4522 v.
1420 4474 1460 4525 32.
1502 4469 1592 4528 Obad.
1620 4490 1644 4527 v.
1667 4479 1713 4527 ιιι
1750 4472 1786 4526 Iu
1811 4483 1902 4529 moute

205 4564 237 4610 ut
260 4573 293 4610 ex
311 4556 463 4627 Augustini
487 4562 515 4610 et
533 4554 673 4611 Vincentii
691 4556 848 4611 Lerinensis
866 4557 974 4628 scriptis
992 4576 1039 4629 ap·
1068 4555 1137 4610 Sicu
1156 4557 1209 4610 erit
1226 4555 1356 4609 calcatio.
1395 4553 1428 4608 In
1446 4555 1479 4611 Ν.
1491 4555 1525 4612 Τ.
1546 4555 1642 4612 itidem
1660 4563 1770 4613 exstant
1788 4560 1902 4616 manife-

204 4648 295 4712 paret,
319 4640 381 4694 κατ’
408 4639 505 4712 ἐξοχὴν
529 4641 580 4696 soli
599 4637 746 4697 Romanae
766 4643 898 4698 ccclesiae
915 4642 1039 4699 isuoro-
1066 4648 1110 4696 sta
1127 4641 1292 4698 testimonia.
1328 4640 1426 4695 Matth.
1452 4648 1496 4711 to,
1520 4662 1544 4699 v.
1569 4650 1614 4699 te:
1656 4644 1747 4714 Super
1764 4646 1837 4699 loric
1854 4665 1900 4716 pe-

205 4730 292 4793 μικῶς
315 4726 399 4783 fuerit
424 4726 493 4782 hacc
523 4727 673 4798 appellatio
692 4727 815 4794 tributa,
843 4734 936 4783 tamen
960 4730 1039 4800 ἐξοχὴ
1065 4737 1139 4783 tram
1152 4728 1308 4792 aedificabo
1330 4727 1483 4797 ecclesiam,
1507 4737 1533 4782 et
1549 4737 1652 4799 portae
1670 4731 1828 4793 inferorum
1846 4752 1900 4787 ιιοιι

205 4814 254 4869 illa
279 4821 307 4869 et
335 4812 532 4886 praerogativa
559 4813 614 4868 fuit
635 4814 771 4868 duntaxat
794 4814 899 4869 ordinis
920 4821 949 4870 et
967 4817 1038 4872 cele·
1061 4813 1265 4885 praevalebant
1298 4815 1437 4867 adsersus
1466 4814 1555 4868 illam.
1603 4814 1700 4871 Matth.
1732 4822 1778 4883 28,
1804 4838 1829 4876 v.
1854 4824 1900 4874 ιιι

204 4900 328 4968 britatis,
361 4916 415 4954 non
440 4899 631 4955 monarchicae
660 4899 812 4969 potcstatis.
858 4900 931 4966 Quin
959 4903 1038 4957 etin
1065 4903 1141 4955 Eece
1169 4916 1219 4966 epo
1243 4899 1381 4953 vobiscum
1403 4916 1464 4953 sum
1488 4901 1614 4955 omuibrm
1638 4904 1736 4958 diebus
1755 4922 1842 4974 trsqae
1860 4908 1901 4959 od

204 4985 310 5042 oriente
340 4984 430 5039 titulis
460 4984 506 5039 hic
537 4984 650 5056 reliquis
677 4983 800 5039 eeclesiis
827 4987 941 5056 mansit,
972 4989 1038 5059 quia
1064 4985 1327 5042 consummationem
1345 4985 1441 5039 saucii.
1478 4984 1542 5041 Joh.
1565 4994 1604 5055 ιθ,
1622 5005 1647 5044 r.
1670 4994 1715 5045 tc:
1741 4991 1900 5046 Ocesmeae

204 5072 337 5143 synesius
360 5072 441 5143 epist
462 5078 503 5128 56.
528 5072 626 5127 tribuit
645 5070 722 5125 illum
740 5071 1036 5144 Alexandrinaesedi3
1062 5089 1156 5129 vocem
1180 5089 1269 5125 oscam
1297 5062 1432 5137 audiunt,
1465 5075 1554 5128 douec
1579 5074 1633 5127 erit
1656 5094 1728 5131 uuus
1748 5087 1851 5147 pastor
1875 5088 1900 5132 et

204 5164 232 5213 et
257 5157 335 5213 initio
361 5164 445 5213 actor.
472 5159 569 5230 synod.
614 5158 674 5213 Nic.
705 5164 742 5213 u.
767 5159 815 5212 ubi
846 5160 931 5232 legati
953 5162 1037 5231 patri·
1063 5176 1148 5213 uuum
1165 5158 1255 5227 oeile;
1276 5175 1301 5214 r.
1321 5162 1367 5213 ιιι
1390 5158 1582 5227 nemorapiet
1602 5163 1809 5218 medemena
1826 5181 1896 5216 mea.

203 5242 355 5298 archalium
374 5244 554 5299 ecclesiarum
571 5248 761 5314 recensentur,
788 5262 842 5299 uon
863 5252 970 5300 tantum
989 5263 1036 5300 no·
1065 5251 1086 5301 1.
1111 5242 1172 5299 (lor.
1200 5250 1245 5314 11,
1269 5263 1295 5300 v.
1317 5250 1363 5301 ιιι
1401 5243 1620 5314 Quotiaecuoque
1637 5247 1842 5303 manducadum
1863 5264 1896 5299 ec
1910 5260 1948 5303 ιιι.

203 5331 342 5385 minantur
377 5331 469 5386 locum
502 5336 628 5386 tenentes
664 5329 800 5385 Hadriani
836 5331 1037 5402 archiepiscopi
1062 5331 1114 5385 boc
1132 5345 1210 5399 pauc
1230 5339 1255 5384 ιι
1272 5331 1368 5386 bibetis
1385 5348 1418 5384 ea
1434 5332 1486 5386 boc
1500 5334 1618 5400 poculo,
1643 5341 1758 5388 mortem
1776 5333 1896 5386 Domini

201 5416 370 5489 apostolicae
397 5417 471 5471 sedis
494 5417 616 5483 Romae,
643 5419 692 5474 sed
718 5423 746 5472 et
770 5423 867 5489 postea
886 5419 983 5474 eodem
1002 5417 1035 5471 ti-
1063 5416 1280 5489 annuntiabitis,
1305 5421 1394 5473 donec
1411 5419 1511 5475 omisi.
1547 5422 1572 5474 2.
1588 5417 1697 5477 Efficax
1713 5415 1815 5475 censu
1835 5434 1893 5473 ora·
