4004 6022
847 299 896 354 DE
915 295 1107 358 securam.
1258 306 1263 313 ’
1760 311 1819 367 297
1852 344 1854 350 ,

123 449 191 517 ctio,
213 449 288 520 quod
308 448 389 504 aliter
407 452 584 508 statuendum
602 454 639 520 sit
655 453 689 508 ds
708 454 809 509 effectu
828 451 959 525 baptismi
990 452 1072 506 eham
1090 460 1153 509 ante
1172 461 1331 528 susceptum
1347 456 1523 527 baptismum,
1542 457 1608 528 quia
1619 458 1758 527 particeps
1769 456 1825 511 fuit

123 535 154 589 in
181 533 334 589 infantibus
358 543 386 589 et
411 537 439 590 in
465 538 567 594 adultis
588 539 725 594 fidelibus.
760 541 900 610 Respectu
919 539 958 591 in·
988 536 1107 606 Spiritus
1125 541 1227 607 sancti,
1252 543 1300 612 qui
1319 559 1375 596 uon
1393 542 1476 597 datur
1495 544 1547 598 uisi
1568 543 1670 598 Christi
1690 550 1719 597 et
1736 542 1822 597 eccle·

122 621 234 676 fantum
264 622 468 690 baptizatorum
499 625 654 696 baptismus
685 634 727 682 est
751 628 864 681 unicum
889 625 957 679 illud
985 622 1043 678 siae
1062 625 1200 681 membris.
1235 627 1341 682 Paulus
1361 636 1382 683 l.
1395 628 1456 684 Cor.
1472 634 1511 696 ll),
1529 647 1555 683 v.
1571 636 1610 689 17.
1628 631 1716 695 docet,
1734 646 1819 682 anam

124 707 295 762 ordinarium
313 711 529 780 regenerationis
546 712 666 766 medium
686 718 714 768 at
732 713 814 767 unica
825 713 860 766 ad
873 711 958 767 eccle·
984 726 1087 779 eorpus
1106 713 1254 782 mysticum
1272 730 1409 777 essaeos,
1434 715 1482 785 qui
1502 718 1538 768 ds
1556 735 1609 770 rino
1631 733 1708 785 pare
1725 731 1815 769 sacra·

125 792 196 846 siam
218 795 319 864 janua,
347 795 395 848 scd
414 795 442 848 in
462 795 566 850 adultis
583 796 711 852 fidelibus
731 798 883 868 baptismus
903 815 971 867 nrm¹
986 797 1099 849 mentali
1115 799 1297 868 participant,
1318 807 1346 854 et
1366 807 1387 856 1.
1403 801 1465 856 Cor.
1486 809 1525 870 12,
1545 820 1571 856 v.
1593 808 1633 858 13.
1655 803 1753 873 iuquit,
1767 818 1818 856 nos
1838 804 1873 845 ¹1·
1886 803 1918 845 67-

125 885 258 948 operatur
275 880 385 933 demum
404 879 650 951 regenerationem,
668 885 749 954 cujus
765 886 823 954 jam
836 890 900 938 aute
912 873 1017 953 parlin
1033 900 1118 935 rtrum
1131 884 1269 952 Spiritum
1283 887 1388 955 potori.
1410 888 1462 941 hoc
1482 894 1524 942 est
1541 905 1600 943 esse
1619 907 1703 943 unum
1722 906 1820 958 corpus

124 965 241 1020 verbum
258 973 287 1020 et
303 965 386 1022 fidam
403 967 470 1020 iacti
489 974 554 1022 sunt
571 970 728 1039 participes,
749 971 798 1023 sed
816 986 961 1041 regenera—
988 969 1137 1038 mysticum
1156 976 1184 1024 et
1200 971 1344 1040 spirituale
1362 973 1431 1040 illos,
1448 973 1496 1045 qui
1513 991 1546 1028 ex
1560 975 1657 1029 eodem
1669 991 1822 1030 sacramen·

123 1049 228 1106 tionem
253 1051 396 1123 obsignat,
425 1051 620 1108 confirmatae
641 1054 761 1125 Spiritus
780 1056 870 1110 sancti
890 1055 963 1108 dona
988 1054 1038 1108 tali
1064 1056 1164 1124 poculo
1189 1056 1304 1124 bibuut3
1332 1075 1397 1112 uum
1424 1075 1489 1113 vero
1513 1060 1576 1114 licet
1599 1077 1632 1114 ex
1657 1077 1689 1115 eo
1713 1062 1822 1128 inferre,

78 1190 81 1195 .
124 1137 232 1191 inillis
256 1144 347 1210 auget.
384 1145 408 1193 ἵ.
438 1138 467 1193 Si
486 1139 613 1195 obvertat
632 1141 817 1196 Bellarminus
835 1143 963 1196 catechu-
989 1140 1063 1210 illos,
1089 1143 1137 1212 qui
1157 1160 1212 1197 non
1230 1145 1379 1199 comeduut
1397 1145 1431 1200 de
1451 1162 1523 1215 pauc
1543 1146 1750 1213 sacramentali,
1773 1163 1824 1202 uec

125 1241 220 1277 meaos
242 1225 346 1293 fideles
370 1243 425 1278 aon
453 1226 590 1295 conjungi
614 1228 748 1281 eudesius
772 1230 962 1281 comrnaaioae
989 1226 1088 1281 bibunt
1112 1244 1145 1281 ex
1170 1230 1270 1298 poculo
1295 1231 1489 1295 eucharistiae,
1512 1249 1572 1287 esse
1596 1233 1631 1287 ab
1649 1233 1756 1288 unitate
1775 1232 1824 1286 illa

125 1319 366 1364 sacramentorum
397 1329 430 1364 ac
454 1312 577 1380 proinde
606 1333 661 1367 noo
688 1329 747 1368 esse
774 1317 909 1367 dicendos
933 1316 963 1366 in
989 1313 1110 1382 corporis
1132 1315 1241 1385 mystici
1265 1318 1377 1386 ponitus
1402 1319 1546 1373 exclusos?
1576 1328 1606 1373 st
1636 1320 1687 1374 hae
1718 1321 1824 1374 ratione

126 1398 247 1452 ecclesia
266 1414 339 1460 esse,
358 1398 571 1467 respondemus,
590 1401 714 1456 membra
732 1401 780 1456 illa
797 1401 963 1456 delinitionis
990 1414 1039 1467 per
1057 1400 1209 1456 membrum
1226 1408 1374 1475 utrumque
1391 1422 1409 1458 a
1426 1405 1558 1459 societate
1579 1405 1681 1460 Christi
1695 1413 1723 1461 et
1737 1408 1823 1461 secle-

126 1482 374 1544 Bellarmiuianae,
402 1485 477 1552 qnod
504 1487 621 1538 ecclesio
646 1487 683 1538 sit
708 1496 800 1540 coetus
823 1487 963 1540 bominum
989 1483 1047 1538 siae
1079 1487 1292 1542 excluderentur
1319 1508 1413 1545 omnes
1439 1491 1559 1546 infantes
1590 1491 1741 1562 baptizati,
1774 1508 1825 1563 per

127 1571 253 1639 ejsudem
277 1570 456 1624 Christianae
479 1573 553 1641 fidei
570 1575 751 1641 professione
771 1580 797 1626 et
815 1576 963 1626 eorundem
990 1571 1126 1640 posterius
1145 1574 1298 1629 membrum
1316 1577 1475 1632 inecclcsia
1488 1577 1824 1634 Pontificiaexclndereu·

127 1664 368 1710 sacramentorum
377 1659 567 1712 communione
575 1659 733 1725 scilicetne,
748 1660 792 1712 vel
802 1658 964 1728 accipienda
990 1662 1035 1709 tur
1061 1657 1097 1711 ab
1122 1657 1174 1713 hac
1201 1662 1392 1718 communione
1412 1678 1505 1717 omnes
1524 1663 1597 1718 laici.
1632 1666 1769 1731 Breviter,
1795 1665 1824 1718 iu

128 1749 194 1798 sunt
218 1743 387 1813 conjunctim
410 1744 454 1798 vel
479 1746 636 1815 separatim.
673 1745 702 1801 Si
722 1746 884 1815 separatim,
907 1763 961 1799 non
990 1741 1143 1797 infantibus
1175 1744 1329 1816 baptismus
1352 1755 1393 1802 est
1415 1750 1550 1815 medium,
1582 1767 1632 1820 per
1655 1751 1730 1822 quod
1753 1750 1824 1804 fiunt

127 1834 222 1901 potest
236 1846 269 1884 ex
281 1830 392 1885 defectu
405 1831 604 1886 communionis
616 1837 849 1886 sacramentorum
861 1831 962 1903 colligi,
991 1829 1115 1884 membra
1134 1829 1235 1886 Christi
1255 1839 1283 1887 et
1300 1834 1447 1902 ecclesiae,
1474 1837 1502 1889 in
1520 1836 1623 1890 adultis
1641 1844 1683 1891 est
1702 1837 1824 1908 sigillum

128 1917 204 1988 quod
223 1917 414 1971 catechumeni
433 1917 529 1972 fideles
546 1935 602 1972 uon
623 1919 678 1972 siut
697 1918 725 1972 iu
744 1918 869 1986 ecclesia,
888 1918 962 1972 suffi-
990 1922 1018 1968 et
1043 1916 1217 1987 signaculum
1240 1925 1350 1975 noemae
1373 1939 1423 1992 per
1450 1921 1589 1977 Christum
1616 1923 1771 1992 adoptionis
1796 1930 1825 1978 et

127 2003 167 2057 cit
178 2003 250 2057 enim
263 2003 324 2071 illis,
343 2002 418 2073 quod
428 2003 599 2073 professione
611 2003 677 2059 fidei
693 2004 733 2058 illi
746 2005 801 2058 sint
813 2005 961 2075 conjuncti.
990 2001 1018 2054 in
1043 2002 1189 2056 ecclesiam
1213 2006 1387 2075 receptionis.
1423 2008 1638 2079 Intelligendum
1658 2016 1750 2064 autem
1773 2009 1825 2064 hoe

128 2090 156 2146 si
178 2090 348 2159 conjunctim
365 2091 433 2146 haec
452 2091 573 2145 membra
591 2091 753 2162 accipienda
772 2098 848 2157 sunt,
867 2091 962 2146 eadem
991 2088 1025 2142 de
1050 2089 1120 2154 illis,
1144 2090 1193 2161 qui
1218 2107 1285 2145 vera
1307 2091 1364 2145 fide
1382 2092 1551 2163 baptismum
1570 2094 1734 2165 suscipiunt,
1758 2097 1826 2168 quia
1924 2163 1928 2170 ι

127 2176 233 2231 ratione
258 2175 351 2231 inferri
378 2177 493 2246 poterit,
519 2176 638 2231 infantes
656 2177 811 2248 baptizatos
829 2194 884 2232 nou
903 2194 963 2233 esse
990 2173 1084 2229 Simon
1096 2175 1195 2248 Magus
1213 2177 1268 2230 fuit
1286 2177 1451 2248 baptisatus,
1474 2180 1520 2250 qui
1540 2184 1633 2235 tanim
1650 2198 1700 2236 uec
1713 2181 1824 2245 Christi,

127 2265 156 2317 in
176 2263 302 2327 ecclesia,
321 2279 385 2317 oum
399 2263 597 2333 professionem
608 2263 673 2318 iidei
687 2264 768 2319 edere
782 2282 832 2334 per
843 2269 962 2320 aetatem
989 2277 1040 2315 nee
1064 2261 1217 2318 catholicae
1234 2263 1367 2318 ecclcsiae
1387 2264 1540 2319 membrum
1555 2266 1616 2322 fuit.
1653 2271 1680 2323 2.
1700 2269 1824 2322 Nazian-

126 2350 250 2405 nondum
277 2350 390 2419 possint
429 2350 458 2406 Si
483 2349 573 2416 dicas,
595 2351 800 2419 professionem
820 2351 895 2419 fidei
911 2368 963 2419 per
989 2364 1070 2400 reneis
1089 2350 1120 2401 in
1137 2358 1209 2403 orat.
1229 2352 1265 2403 ds
1285 2360 1382 2405 sonmo
1402 2354 1477 2420 bapt.
1499 2354 1576 2421 dicit,
1598 2356 1822 2408 catechumenum

121 2439 256 2508 patrinos
275 2445 370 2505 siper
385 2437 476 2505 ipsam
494 2438 665 2490 remunerati
681 2438 881 2507 coreptionem
902 2437 963 2489 illis
989 2451 1048 2486 cass
1069 2434 1098 2487 iu
1123 2437 1257 2489 vestibulo
1277 2439 1406 2506 pietatis,
1431 2457 1481 2491 nee
1506 2441 1599 2493 adbuc
1619 2458 1703 2509 posse
1726 2441 1825 2495 vocari

127 2527 266 2591 sufficere,
286 2531 315 2576 at
334 2524 467 2576 dicontur
485 2539 546 2576 csse
562 2523 592 2575 in
606 2522 732 2584 ecclesia,
753 2530 889 2592 promtum
910 2523 963 2577 erit
982 2521 1109 2586 fidelem,
1126 2523 1185 2576 nisi
1200 2524 1275 2576 s'ntns
1294 2525 1471 2592 ingrediatur
1485 2544 1541 2595 per
1557 2529 1731 2596 baptismam.
1768 2529 1822 2584 Re·

128 2609 306 2681 respondere,
330 2608 496 2663 desiderium
522 2615 550 2663 et
573 2614 668 2663 votum
685 2608 815 2679 baptismi
835 2609 963 2664 catechu-
989 2607 1169 2676 spondemus:
1188 2609 1399 2682 intelligendum
1418 2612 1472 2668 hoc
1490 2614 1524 2669 de
1542 2613 1658 2668 ecclesia
1678 2614 1780 2670 visibili
1794 2622 1823 2670 st

127 2696 216 2749 menis
234 2694 363 2750 fidelibus
381 2694 477 2750 itidem
495 2694 630 2764 sufficere,
649 2700 683 2749 ut
694 2696 828 2750 ecclesiae
841 2712 962 2751 commu·
989 2693 1163 2763 particulari,
1190 2696 1235 2749 cni
1255 2697 1447 2754 catechumeni
1467 2717 1497 2754 se
1516 2707 1686 2772 aggregant,
1711 2698 1763 2754 hoe
1780 2707 1824 2756 est

128 2783 210 2836 nione
231 2785 466 2834 sacramentorum
486 2783 627 2853 conjuncti
647 2788 676 2836 et
694 2783 811 2853 proinde
830 2783 858 2836 iu
877 2783 962 2838 eecle-
989 2780 1158 2850 professione
1190 2782 1256 2838 fidei
1282 2801 1311 2839 se
1338 2802 1403 2840 vere
1429 2793 1596 2858 aggregatos
1623 2803 1682 2842 esse
1711 2786 1823 2858 publico

128 2870 169 2924 sia
180 2883 241 2923 esse
252 2868 307 2922 dici
318 2867 430 2938 possint.
456 2868 619 2939 &Denique
633 2868 709 2922 locus
721 2869 891 2939 apostolicus
903 2869 964 2941 agit
989 2866 1146 2922 testimonio
1163 2869 1285 2939 suscepti
1301 2870 1434 2941 baptismi
1452 2870 1629 2937 confirmant,
1654 2872 1764 2927 iuterim
1783 2878 1824 2928 ta·

128 2956 164 3010 de
183 2954 302 3010 ecclesia
322 2954 498 3025 particulari,
521 2972 593 3027 quae
609 2955 809 3026 Hierosolymis
829 2956 877 3009 illo
894 2961 961 3011 tem·
988 2970 1052 3007 meu
1069 2953 1091 3007 si
1110 2973 1175 3010 vcra
1195 2954 1250 3010 fide
1268 2956 1377 3011 interna
1395 2958 1513 3026 praediti
1534 2965 1607 3027 suut,
1624 2975 1675 3030 pro
1693 2958 1824 3015 membris

127 3057 195 3113 pore
206 3047 273 3108 erat,
288 3042 333 3094 cui
347 3040 517 3111 professione
527 3041 593 3096 fidei
605 3051 634 3095 st
644 3042 819 3112 susceptione
831 3041 961 3113 baptismi
988 3042 1121 3096 ecclesias
1143 3043 1295 3098 catholicae
1318 3059 1336 3097 a
1357 3044 1419 3099 Deo
1443 3051 1603 3113 censentur,
1629 3046 1703 3116 quod
1728 3048 1824 3120 negari

127 3129 240 3183 nomina
256 3144 307 3182 sua
327 3127 463 3183 dederunt
481 3127 520 3182 illi
538 3133 582 3184 ter
595 3128 671 3183 mille
683 3128 816 3194 homines,
835 3145 885 3182 nos
897 3145 962 3183 vero
987 3127 1093 3198 nequit,
1113 3126 1137 3180 si
1148 3129 1347 3198 praecedentia
1357 3131 1511 3185 sententiae
1521 3138 1631 3186 nostrae
1643 3132 1824 3187 fundamenta

128 3215 258 3270 hocloco
274 3214 385 3285 proprie
405 3216 515 3287 agimus
534 3215 568 3267 de
589 3214 706 3270 ecclesia
723 3213 962 3285 catholica,'quae
988 3214 1188 3282 expendantur.
1228 3215 1370 3269 Cornelius
1397 3217 1459 3271 Act
1480 3223 1527 3283 10,
1552 3236 1578 3269 v.
1600 3223 1623 3272 2.
1642 3216 1697 3271 fuit
1710 3220 1778 3286 pius
1795 3226 1823 3272 et

129 3307 173 3357 est
197 3302 374 3372 congregatio
401 3307 566 3357 sanctorum.
600 3301 654 3355 Per
679 3301 847 3370 baptismum
864 3301 962 3371 recipi·
987 3300 1087 3351 timens
1097 3301 1190 3352 Deum
1200 3299 1283 3353 etiam
1292 3308 1356 3354 aute
1366 3306 1526 3371 susceptum
1537 3301 1713 3371 baptismum,
1726 3302 1823 3373 utique

128 3406 191 3442 mur
216 3389 245 3441 in
268 3388 413 3442 ecclesiam
439 3388 646 3459 particularem,
676 3388 726 3441 aed
744 3403 777 3440 ex
796 3404 828 3441 eo
848 3405 903 3441 uon
921 3395 963 3441 est
989 3401 1055 3455 ergo
1065 3385 1139 3438 ultra
1147 3385 1314 3440 vestibulum
1329 3386 1442 3456 pietatis
1451 3403 1613 3458 progressus
1623 3394 1651 3443 et
1661 3387 1750 3443 fidelis
1758 3390 1823 3455 fuit,

129 3475 316 3538 inferendum,
348 3475 422 3546 quod
453 3474 560 3528 nullum
590 3474 666 3527 aliud
690 3474 810 3544 supersit
833 3475 962 3545 medium,
983 3473 1045 3539 fide
1066 3473 1138 3524 enim
1155 3473 1230 3525 oeni
1248 3474 1288 3525 ad
1300 3490 1395 3541 epac,
1413 3490 1469 3526 aon
1484 3476 1772 3542 operibnsadfidem,
1790 3483 1824 3530 ut

127 3580 178 3633 per
195 3562 269 3632 quod
286 3563 314 3614 iu
335 3561 480 3616 ecclesiam
494 3561 669 3631 recipiamur,
689 3567 776 3614 restat
787 3560 858 3615 enim
871 3561 963 3616 adhue
988 3557 1068 3612 Beda
1094 3575 1155 3611 cum
1175 3558 1204 3612 in
1224 3558 1316 3613 locum
1336 3564 1543 3615 commentatur.
1579 3561 1659 3628 Quod
1680 3579 1745 3633 crgo
1765 3562 1822 3619 Na-

128 3648 219 3716 aliu‹l‚
237 3648 369 3702 videlicet
385 3647 519 3716 professio
538 3647 610 3713 fidei,
631 3664 702 3718 quae
719 3665 769 3717 per
787 3647 962 3717 baptismatis
989 3643 1136 3699 niauzenns
1154 3651 1253 3716 negat,
1278 3646 1490 3702 catechumenos
1507 3664 1589 3717 posse
1606 3649 1698 3702 vocari
1716 3649 1821 3713 fideles,

128 3741 329 3790 sacramentum
343 3734 520 3806 obsignatum
536 3733 623 3789 multo
640 3733 730 3787 miuus
749 3749 782 3787 ex
801 3750 833 3787 eo
845 3733 962 3788 infersn·
988 3730 1042 3785 uisi
1065 3731 1258 3803 ingrediantur
1280 3750 1330 3803 per
1355 3733 1536 3804 baptismum,
1561 3735 1590 3788 id
1610 3735 1632 3788 si
1651 3735 1776 3792 absolute
1795 3743 1823 3792 et

128 3822 203 3888 dum,
222 3822 295 3892 quod
316 3822 352 3875 ad
372 3821 517 3876 ecclesiam
534 3819 698 3875 catholicam
719 3836 800 3874 nemo
817 3821 963 3890 pertineat,
988 3816 1149 3887 simpliciter
1169 3817 1275 3872 dictum
1293 3819 1459 3890 accipiatur,
1480 3820 1533 3891 ipsi
1552 3819 1721 3878 Bellarmino
1740 3839 1821 3893 repu-

128 3907 180 3962 uisi
202 3908 378 3978 baptismatis
404 3913 575 3961 sacramento
592 3907 696 3960 tinctus
713 3906 763 3967 sit,
789 3907 855 3977 qnia
872 3907 961 3962 sancti
988 3910 1070 3976 gnat,
1089 3904 1137 3975 qui
1154 3904 1184 3958 in
1201 3905 1254 3960 hoc
1272 3906 1333 3976 ipso
1351 3906 1440 3976 capite
1456 3907 1597 3969 concedit,
1615 3910 1823 3964 catechumenos

128 3995 229 4050 veteris
247 3993 405 4048 testamenti
424 3994 463 4049 ad
480 3993 623 4049 ecclesiam
640 3990 804 4047 catholicam
813 3993 961 4063 pertinent,
989 4008 1046 4045 sese
1057 3993 1160 4061 fideles
1178 4000 1203 4046 ot
1219 3993 1340 4055 soloaffi
1365 3993 1392 4045 ri
1408 3993 1566 4045 moriautur
1583 3994 1612 4045 in
1631 4011 1662 4047 eo
1681 4003 1770 4063 moia,
1787 4013 1821 4051 ac

128 4082 194 4136 licet
211 4080 387 4150 baptismatis
409 4087 610 4134 sacramentum
631 4096 685 4133 nou
697 4078 853 4133 habuerint.
883 4078 961 4135 Nero
988 4077 1171 4147 praecedente
1209 4079 1299 4149 capite
1336 4078 1430 4144 docet,
1467 4079 1676 4134 catechumenos
1703 4082 1820 4135 internis

128 4167 189 4239 quis
209 4167 293 4233 dicat,
311 4167 547 4220 circumcisionem
563 4167 625 4220 iilis
634 4166 731 4234 sitisse
748 4166 810 4218 loeo
824 4165 961 4236 baptismi,
990 4164 1115 4233 Spiritus
1137 4167 1228 4218 eoacti
1250 4165 1332 4218 donis
1357 4163 1507 4232 praeditos
1533 4181 1590 4218 ease
1610 4167 1646 4218 ds
1664 4168 1760 4219 animo
1779 4185 1819 4221 ee·

128 4254 295 4315 notandum,
323 4253 396 4323 quod
414 4253 569 4323 complures
587 4257 652 4308 ante
667 4258 824 4322 susceptam
844 4253 960 4306 circum·
988 4253 1106 4314 elesius,
1132 4250 1269 4322 quomodo
1293 4250 1380 4322 igitur
1403 4251 1438 4304 de
1464 4250 1518 4305 illis
1538 4251 1592 4304 dici
1612 4257 1716 4321 potest,
1744 4255 1819 4325 quod

129 4341 260 4394 cisionem
285 4339 383 4393 mortui
412 4338 515 4394 fuerint
531 4339 708 4400 nih‘dominus
726 4354 791 4391 vera
808 4336 960 4393 catholicae
986 4355 1043 4392 non
1070 4336 1126 4391 sint
1154 4336 1251 4391 iideles
1276 4343 1304 4391 et
1331 4337 1407 4408 quod
1438 4337 1559 4391 nondum
1590 4338 1646 4391 sint
1673 4339 1818 4394 eeclesiam

128 4426 261 4481 eeclesiae
284 4425 407 4480 membra
429 4431 458 4479 et
479 4425 576 4480 salutis
607 4431 736 4480 aeternae
762 4423 960 4480 haereditatem
987 4422 1125 4494 ingressi?
1169 4422 1305 4494 loquitur
1340 4423 1412 4478 enim
1445 4423 1639 4481 Nazianzenus
1675 4425 1709 4479 de
1736 4427 1819 4481 variis

128 4513 259 4572 adierint,
281 4518 313 4564 ut
330 4510 397 4564 alibi
414 4510 532 4565 immotis
549 4510 718 4582 argumentis
728 4509 783 4564 fuit
794 4514 941 4564 ostensum.
988 4508 1130 4564 ordinibus
1157 4508 1289 4564 ecclesiae
1305 4508 1435 4569 risibilis,
1464 4509 1512 4580 qui
1531 4516 1598 4564 tuuc
1616 4512 1748 4580 temporis
1766 4513 1820 4568 nsi·

51 4625 71 4654 ι.
165 4604 206 4652 56.
242 4597 319 4661 Quae
345 4614 378 4651 ex
401 4596 581 4667 scriptoribus
606 4594 798 4651 ecclesiasticis
817 4593 960 4650 Bellarmi·
988 4594 1038 4649 tati
1061 4600 1154 4658 erant,
1182 4595 1258 4666 quod
1284 4596 1370 4667 aliqui
1396 4595 1510 4650 fuerunt
1536 4597 1741 4663 catechumeni,
1773 4600 1821 4655 alii

52 4672 181 4738 tmtnus
202 4683 291 4748 affort,
311 4683 421 4737 facilem
440 4681 545 4737 habant
563 4682 781 4754 explicationem.
820 4685 843 4736 1.
863 4680 960 4735 Conci·
988 4682 1104 4751 perfecti
1122 4681 1281 4743 Christiani,
1301 4682 1348 4736 alii
1367 4682 1549 4752 poenitentes,
1569 4683 1616 4737 alii
1635 4692 1753 4749 orantes,
1772 4687 1821 4742 alii
1849 4754 1853 4766 .

51 4724 99 4811 prs·
128 4773 198 4825 iiam
211 4771 406 4824 Florentinum
416 4769 445 4821 ia
458 4769 584 4824 instruct.
613 4771 797 4822 armenorum
809 4770 897 4836 docet,
915 4769 961 4823 lto·
989 4767 1167 4840 energumeni
1189 4773 1240 4823 etc.
1263 4768 1316 4823 hoc
1340 4773 1469 4839 respectu
1487 4768 1542 4822 dici
1559 4776 1676 4838 possunt
1691 4771 1820 4826 catechu-

51 4822 110 4914 :sto
127 4859 217 4915 mines
228 4859 297 4927 fieri
313 4857 435 4909 mmbra
455 4855 612 4909 Christino
632 4857 667 4908 de
686 4855 962 4925 commercarere,
990 4853 1062 4908 meni
1086 4867 1147 4909 esse
1171 4854 1200 4907 iu
1225 4854 1359 4909 ecclesiae
1379 4853 1524 4911 vestibulo.
1564 4859 1591 4910 3.
1612 4855 1820 4924 Chrysostomna

130 4964 190 4999 cam
220 4944 403 5012 baptizantur.
441 4939 663 5010 Respondemus:
691 4940 886 5003 Concidimus,
913 4958 963 5010 per
989 4941 1059 4997 bom.
1090 4943 1133 4993 24.
1166 4942 1196 4994 in
1225 4942 1292 4996 Job.
1324 4941 1547 4995 catechumenam
1576 4958 1635 4995 ssss
1658 4942 1783 4996 oboram
1801 4961 1820 4996 o

129 5031 298 5102 baptismum
316 5029 438 5083 homines
457 5027 517 5082 fieri
536 5025 659 5081 membra
669 5026 772 5082 Christi
782 5034 811 5082 et
821 5027 961 5096 ecclesiae,
988 5027 1069 5092 fideti·
1086 5034 1111 5079 ei
1130 5027 1202 5079 nihil
1220 5028 1321 5080 habers
1342 5045 1482 5081 commune
1503 5047 1563 5081 cam
1583 5045 1623 5086 eo,
1649 5046 1705 5082 non
1723 5029 1820 5084 ciuita-

130 5118 176 5173 sed
202 5135 234 5172 ex
254 5133 286 5171 eo
306 5132 359 5169 uon
378 5119 470 5185 potest
487 5130 537 5169 uec
557 5111 640 5167 debet
658 5113 767 5177 inferri,
794 5114 884 5168 nullos
902 5131 961 5170 esse
988 5123 1056 5181 tem,
1075 5130 1131 5166 non
1148 5130 1280 5167 mensam.
1315 5112 1537 5183 Respondemus:
1562 5113 1714 5168 secundum
1732 5121 1819 5170 exter
1888 5142 1891 5153 ·

129 5204 252 5258 membra
271 5201 373 5257 Christi
395 5208 423 5256 et
442 5201 586 5265 ecclesiae,
609 5199 662 5253 nisi
681 5198 872 5269 baptizentur,
896 5200 962 5272 quia
988 5216 1052 5254 nam
1078 5198 1211 5253 ecclesiae
1238 5196 1356 5253 risibilis
1379 5216 1413 5253 ac
1438 5199 1612 5269 particularis
1630 5201 1756 5270 politiam
1775 5219 1819 5257 ca·

129 5296 216 5345 restat
234 5288 325 5343 adhuc
345 5287 421 5341 aliud
439 5287 568 5348 medium,
585 5302 635 5355 per
652 5285 727 5355 quod
743 5284 812 5339 fides
830 5286 859 5340 in
873 5286 961 5341 cordi·
987 5284 1143 5341 tschumeni
1172 5300 1190 5338 a
1216 5283 1329 5354 reliquis
1355 5282 1484 5338 fidelibus
1508 5284 1654 5354 baptizatis
1677 5291 1755 5341 cnut
1779 5287 1819 5343 di·

128 5376 182 5430 bus
200 5376 340 5431 hominum
359 5374 540 5440 accendatur,
558 5368 701 5443 quatiunt
719 5371 842 5426 membra
860 5372 962 5429 Christi
988 5371 1095 5436 suncti,
1120 5370 1228 5425 interim
1247 5371 1271 5424 si
1288 5370 1398 5425 interna
1416 5386 1448 5423 ac
1467 5370 1531 5424 riva
1548 5370 1604 5427 fids
1623 5373 1741 5441 praediti
1761 5374 1820 5430 fue-

130 5468 159 5516 et
177 5461 324 5528 ecclcsiae,
349 5458 477 5514 videlicet
493 5456 662 5530 praedicatio
678 5456 763 5513 verbi.
794 5457 841 5513 Sic
858 5457 961 5514 Corne·
987 5463 1061 5526 runt,
1078 5473 1096 5511 a
1114 5456 1250 5525 spirituali
1268 5473 1332 5511 cum
1346 5454 1446 5512 Christi
1466 5457 1665 5526 communione,
1682 5477 1738 5515 uon
1759 5466 1820 5531 pot·

130 5548 183 5604 lius
202 5547 267 5601 Act
288 5553 327 5613 lb,
347 5563 374 5602 r.
394 5551 418 5601 1.
437 5544 493 5599 fuit
510 5543 664 5600 membrum
675 5540 815 5600 Christist
828 5543 960 5602 salense
990 5549 1079 5602 munt·
1096 5540 1206 5601 excludi
1233 5558 1266 5599 aa
1290 5542 1406 5615 proinde
1428 5532 1511 5600 etiam
1536 5542 1650 5601 fueram
1666 5543 1771 5606 'fideles
1790 5551 1820 5606 ei
