4004 6022
234 192 296 251 290
799 185 921 244 LOCUS
940 180 1144 242 mensurus
1162 181 1361 242 SECUNDUS

233 339 293 396 buli
310 339 410 395 orium
447 341 519 394 Ores
538 339 651 412 (inquit)
670 338 828 410 aliquando
842 339 1002 409 mammete
1022 355 1067 391 eu·
1095 339 1206 393 uiduae
1243 341 1405 394 deotmunt:
1443 336 1536 394 Credo
1572 336 1719 391 amieriam
1751 335 1933 392 micheam.

233 436 346 482 mutatur
369 435 427 480 tam
444 445 501 496 pro
524 427 601 481 bonis
617 444 701 495 quam
718 428 816 495 malis,
839 434 871 479 m
888 427 994 480 Jotan.
1013 426 1067 477 21.-
1095 429 1206 480 Doceut
1223 427 1310 496 euim,
1336 427 1461 480 hormines
1478 427 1655 479 wmuaudoa
1673 440 1732 477 ease
1748 424 1874 477 membra
1891 440 1935 477 ec-

230 532 320 585 pasce
339 530 402 568 ooes
419 530 508 580 meas3
526 514 684 582 aliquando
697 531 754 582 pro
767 513 993 582 praedertiuatis
1006 518 1067 564 tan·
1095 514 1197 567 clesiae
1219 521 1335 566 sanetae
1361 522 1387 567 et
1412 514 1455 566 sic
1476 512 1621 565 diabolum
1647 528 1708 564 cam
1733 509 1847 563 Christo
1870 527 1935 563 con·

234 607 307 669 tum,
333 609 364 653 ut
382 601 449 654 Job.
471 603 520 652 1οε
543 616 607 652 oues
626 616 704 653 meae
721 616 815 671 vocem
832 616 921 653 meam
940 598 1068 651 audiunt.
1094 599 1178 653 cubio
1197 599 1329 667 jisupuut.
1366 605 1390 655 5.
1406 598 1558 669 Apostolus
1571 597 1649 652 Rom.
1674 602 1699 665 3,
1722 615 1748 652 v.
1775 602 1816 652 23.
1839 601 1869 652 et
1892 601 1935 650 30.

234 686 275 740 At
290 685 395 740 sufficit
410 683 498 754 nobis,
515 684 589 755 quod
607 685 735 740 concedit
745 684 847 740 Johan.
863 691 902 749 10,
923 702 948 738 v.
963 690 1003 739 21.
1018 699 1069 753 pro
1095 685 1135 738 sic
1153 685 1285 742 describit
1301 701 1395 740 veram
1410 684 1556 740 ecclesiam
1572 690 1601 739 et
1617 700 1683 738 vera
1700 684 1836 739 ecclesiae
1848 701 1933 738 mem·

235 772 447 844 praedestinatis
465 776 574 825 tantum
594 772 760 826 vocabulum
779 770 832 825 hoc
843 771 942 841 accipi,
959 770 1071 824 additur
1095 771 1154 836 bra,
1174 777 1205 826 ut
1224 771 1373 842 descriptio
1390 771 1440 826 illa
1456 788 1512 825 non
1529 770 1616 841 possit
1627 770 1712 824 tribui
1726 770 1864 839 omnibus,
1884 770 1934 841 qui

235 859 310 912 enim
335 875 360 913 v.
387 864 431 914 16:
460 859 524 912 Fiet
543 876 614 911 unus
631 875 700 925 pren
719 866 745 910 et
763 875 836 910 umus
849 865 959 926 pastor.
994 856 1070 926 Ergo
1097 860 1133 913 ad
1161 865 1301 914 externam
1328 858 1461 914 ecclesiae
1486 859 1645 912 societatem
1675 857 1830 927 pertinent:
1860 857 1937 920 Quos

236 944 437 1016 praedestinati
462 944 499 998 ad
526 961 640 1016 gregem
664 944 817 999 catholicae
847 943 980 998 ecclesiae
1003 942 1071 996 dun·
1097 948 1177 999 Deus
1196 945 1362 1015 praescivit,
1385 945 1559 998 illocalium
1574 943 1801 1012 praedestinavit
1818 944 1936 1008 coufor-

236 1036 314 1086 taxat
330 1030 477 1102 pertinent
512 1038 537 1086 4.
555 1030 713 1100 Prophetae
732 1037 760 1085 et
778 1030 896 1101 apostoli
909 1029 1019 1100 saepius
1031 1029 1072 1082 ita
1096 1049 1153 1086 mes
1166 1033 1237 1100 fieri
1252 1032 1371 1099 imapiui
1388 1031 1446 1093 filii
1464 1031 1526 1098 eui,·
1543 1047 1613 1099 quoe
1627 1030 1868 1098 praeuenirent,
1885 1029 1937 1082 boe

225 1117 387 1189 loquuntur
412 1118 447 1170 de
473 1115 605 1184 ecclesia,
628 1124 660 1171 ut
678 1116 727 1170 illa
745 1116 870 1172 encomia
888 1114 1072 1185 nonpossint
1098 1126 1123 1171 et
1143 1119 1271 1187 oocaoit;
1297 1134 1366 1186 quos
1385 1117 1510 1181 uocauit,
1533 1119 1583 1169 lios
1609 1124 1635 1169 et
1656 1117 1840 1184 jrtstificaoe't,·
1865 1133 1936 1185 quoa

235 1204 333 1260 referri
350 1204 387 1258 ad
405 1208 494 1258 totum
507 1210 616 1258 coetum
628 1209 797 1271 vocatorum,
817 1203 866 1274 qui
878 1201 1071 1272 complectitur
1097 1213 1190 1259 autem
1206 1204 1391 1273 justificavit,
1419 1204 1486 1257 illos
1509 1212 1535 1256 et
1560 1203 1738 1272 plors'ficaoit.
1779 1202 1846 1257 Jam
1869 1218 1935 1257 vero

235 1291 325 1347 bonos
342 1297 371 1347 et
389 1289 488 1355 malos,
504 1290 627 1345 triticum
646 1296 674 1344 et
693 1290 811 1358 zizania,
830 1289 921 1360 pisces
938 1288 1024 1343 bonos
1043 1293 1072 1341 et
1097 1309 1152 1346 non
1181 1308 1275 1346 omnes
1301 1291 1393 1346 vocati
1418 1297 1485 1345 sunt
1512 1290 1724 1362 praedestinati,
1756 1307 1813 1345 non
1841 1305 1935 1344 omnes

143 1384 178 1426 xc
191 1384 332 1450 etputres
361 1384 412 1434 ete.
447 1379 530 1448 juxta
557 1375 700 1431 salvatoris
725 1375 888 1447 parabolas;
916 1374 1071 1430 necessario
1095 1377 1284 1448 justificantur
1298 1384 1327 1431 et
1344 1376 1550 1448 glorificantur,
1569 1394 1636 1448 ergo
1655 1394 1711 1431 non
1729 1392 1826 1431 omnes
1843 1376 1934 1432 vocati

235 1465 323 1538 igitur
346 1480 413 1519 vera
437 1463 572 1535 quaedam
599 1463 716 1518 ecclesia
734 1463 846 1533 proprie
862 1479 896 1516 ac
912 1467 1013 1534 κυρίως
1032 1461 1072 1514 sic
1098 1465 1237 1535 pertinent
1264 1464 1300 1517 ad
1325 1463 1469 1518 ecclesiam
1494 1464 1604 1534 proprie
1629 1469 1658 1517 et
1679 1462 1875 1534 principaliter
1895 1463 1936 1517 sic

237 1553 315 1607 dicta
333 1551 482 1606 statuenda
498 1558 551 1619 est,
569 1549 614 1604 cui
632 1547 746 1618 πρώιως
762 1557 790 1603 et
805 1547 977 1621 ἀμέσωςὶΙΙιι
993 1563 1070 1602 enco·
1099 1551 1209 1605 dictam.
1245 1549 1360 1604 Toletus
1373 1549 1484 1606 Jesuita
1500 1549 1529 1603 in
1546 1549 1624 1603 illum
1642 1549 1748 1603 locum:
1768 1550 1936 1603 Praederti·

237 1639 293 1694 mia
312 1646 341 1694 et
358 1637 495 1694 attributa
512 1642 678 1707 competant,
701 1650 782 1691 omne
797 1635 869 1690 enim
881 1633 1070 1706 praedicatum
1097 1645 1181 1690 natos
1192 1638 1271 1689 Deua
1286 1638 1393 1689 uocauit
1411 1637 1583 1705 intempore,
1600 1645 1713 1690 vocatos
1730 1637 1898 1706 jumsytcam‘t
1916 1654 1936 1689 a

236 1726 352 1798 requirit
370 1726 534 1794 subJ'ectum,
552 1723 597 1778 cui
615 1739 666 1794 per
685 1740 722 1787 se,
740 1721 851 1792 proprie
869 1727 896 1775 et
914 1720 1071 1775 immediate
1094 1725 1233 1793 peccatis,
1249 1724 1423 1791 justificatos
1448 1723 1618 1790 plom'ficaoit
1643 1732 1669 1776 et
1685 1726 1726 1776 ad
1743 1739 1861 1792 reprom
1877 1741 1936 1778 coe·

237 1814 385 1880 tribuatur,
402 1810 517 1882 reliquis
535 1826 601 1865 vero
618 1826 673 1864 non
692 1808 744 1864 nisi
765 1806 825 1862 κατ’
841 1805 907 1862 tito
920 1815 948 1862 et
959 1813 1073 1878 propter
1098 1811 1165 1864 leste
1179 1809 1321 1879 perducit.
1357 1812 1381 1862 θ.
1401 1808 1480 1862 Idem
1497 1808 1576 1863 Rom.
1596 1815 1620 1874 2,
1637 1827 1663 1862 r.
1683 1814 1818 1867 233123.
1837 1810 1935 1864 distin·

143 1962 146 1971 1
237 1897 356 1970 primum
387 1914 422 1952 ac
453 1896 607 1969 principale
637 1895 708 1949 illud
741 1895 898 1965 subjectum
931 1893 1072 1948 tribuitur.
1100 1897 1161 1968 guit
1178 1895 1249 1950 inter
1260 1896 1404 1948 Judaeum
1424 1897 1454 1948 iu
1473 1896 1625 1963 manifesto
1638 1896 1818 1950 etJudaeum
1831 1897 1861 1950 iu
1874 1897 1935 1950 abs-

237 1985 416 2040 Antccedens
439 2002 472 2039 ex
495 1984 589 2038 multis
610 1982 770 2054 Scripturas
791 1981 956 2037 testimoniis
974 1979 1072 2035 confir·
1101 1983 1226 2051 corrado,
1250 1981 1328 2035 illum
1352 1981 1554 2036 aestimandum
1578 1984 1647 2037 dicit
1670 2001 1703 2038 ex
1726 1983 1936 2038 circumcisione

238 2072 308 2127 mari
324 2077 423 2143 potest
458 2070 552 2125 Psalm
571 2075 621 2137 to,
647 2085 673 2123 s.
694 2074 740 2123 lt:
768 2068 865 2120 Omnis
881 2067 976 2136 aleria
993 2066 1073 2131 filiae
1100 2077 1220 2137 externa,
1238 2068 1313 2122 hunc
1329 2084 1394 2122 vero
1412 2084 1446 2121 ex
1463 2069 1670 2124 circumcisione
1690 2070 1806 2126 interna.
1834 2070 1936 2137 Quem·

238 2160 314 2228 repit
327 2155 750 2218 estintriueecuseiveintema;
759 2155 895 2224 jamvero
910 2170 965 2207 non
979 2169 1073 2207 omnes
1100 2155 1249 2210 admodum
1274 2154 1360 2226 igitur
1383 2155 1407 2207 is
1428 2154 1538 2208 demum
1557 2161 1600 2210 est
1616 2172 1698 2210 verus
1716 2155 1861 2220 iudaeus,
1888 2156 1937 2228 qui

239 2245 288 2316 qui
313 2250 377 2299 sunt
395 2244 424 2298 in
442 2250 555 2298 externa
573 2241 706 2297 ecclcsiae
725 2240 871 2308 societate,
894 2239 1012 2295 interius
1028 2239 1074 2293 de·
1101 2243 1129 2296 in
1150 2241 1312 2297 abscondito
1330 2242 1456 2297 iudaeus
1475 2248 1517 2297 est
1536 2243 1619 2297 corde
1637 2243 1829 2313 circumcisum
1852 2243 1936 2297 sicis

240 2331 326 2386 cerati
348 2336 414 2386 sunt
435 2329 585 2384 virtutibus
606 2336 635 2383 et
660 2326 780 2398 Spiritus
797 2325 887 2380 sancti
905 2323 1072 2379 charismasi.
1101 2329 1212 2383 demum
1240 2334 1283 2383 est
1309 2345 1390 2382 verus
1418 2328 1590 2383 Christianus
1620 2334 1649 2383 et
1676 2346 1772 2383 verum
1801 2329 1937 2386 ecclesiae

239 2417 321 2473 Cant.
332 2425 356 2487 4,
369 2435 395 2473 ι.
409 2425 437 2473 l:
458 2417 529 2470 Tota
544 2416 670 2485 pulchra
689 2430 719 2467 es
738 2415 831 2467 amica
847 2430 908 2465 mea
926 2420 951 2465 et
962 2411 1074 2465 maraht
1100 2414 1275 2469 Christianae
1291 2414 1453 2482 membrum,
1474 2414 1522 2485 qui
1539 2416 1568 2468 in
1588 2414 1750 2470 abscondito
1760 2415 1937 2471 Christianus

238 2522 295 2559 aori
315 2513 357 2558 est
375 2506 406 2557 iu
422 2511 457 2560 te.
488 2500 551 2556 Era
571 2506 612 2569 52,
631 2518 656 2556 v.
675 2507 696 2558 1.
713 2501 865 2569 Coruurpa
884 2499 1074 2565 indues-esor-
1101 2508 1142 2556 est
1160 2508 1188 2556 et
1203 2501 1355 2571 spiritualis
1373 2499 1589 2555 circumcisionis
1607 2502 1755 2572 particeps.
1792 2502 1855 2569 Quo
1875 2519 1938 2574 per·

239 2591 360 2644 titudine
380 2598 430 2643 tua
449 2589 533 2655 Sion,
560 2590 679 2641 iuduere
697 2587 866 2640 vestimentis
884 2585 994 2653 plor-iae
1011 2592 1074 2636 tuae
1100 2588 1179 2654 tinet,
1198 2589 1273 2660 quod
1290 2588 1390 2642 Petrus
1413 2595 1434 2644 l.
1455 2588 1535 2658 epist.
1554 2594 1577 2652 3,
1598 2606 1623 2642 r.
1642 2594 1667 2643 4.
1688 2587 1860 2644 Christianus
1878 2608 1937 2645 mu·

240 2678 402 2731 Jerusalem
426 2676 525 2730 ardor
543 2682 656 2742 sancta,
675 2674 743 2742 quia
764 2691 820 2727 riou
843 2672 963 2740 adjiciet
988 2672 1074 2737 ultra,
1101 2674 1194 2744 lieres,
1224 2690 1296 2745 quae
1319 2680 1427 2744 partem
1449 2674 1584 2729 ccclesiae
1608 2674 1710 2730 Christi
1733 2677 1762 2730 in
1783 2675 1831 2731 his
1856 2677 1937 2734 tem's

239 2771 272 2816 ut
297 2768 475 2832 pertranseat
497 2778 554 2831 per
577 2770 603 2813 te
627 2761 837 2813 incircumcisus
859 2767 885 2812 et
907 2759 1074 2813 immundus.
1101 2760 1281 2828 constituunt,
1299 2760 1422 2831 graviter
1440 2760 1578 2826 admonet,
1595 2762 1663 2816 dent
1674 2777 1794 2833 operam,
1811 2769 1843 2818 ut
1853 2782 1937 2818 orrea·

240 2847 342 2902 Eaech.
363 2853 411 2915 44,
429 2862 455 2900 r.
476 2852 506 2902 9:
525 2846 606 2899 Haec
624 2846 695 2898 dicit
715 2844 855 2898 Dominus
873 2847 965 2897 Deua:
988 2845 1075 2897 omnia
1102 2856 1145 2900 tus
1162 2864 1260 2900 earum
1278 2848 1315 2899 rit
1334 2848 1514 2901 absconditis
1526 2849 1720 2917 bomocordie,
1739 2855 1792 2905 etc.
1822 2855 1845 2905 1.
1857 2850 1938 2905 Idem

241 2931 1075 3002 alieuipeuaincircumcisuseordcetincircumcisuscarne,
1101 2932 1201 2988 Petrus
1226 2932 1370 3003 spirituale
1392 2933 1548 2988 aedificium
1572 2934 1706 2990 ecclesiae
1730 2935 1770 2990 sic
1794 2935 1938 3004 describit,

239 3039 298 3076 nou
314 3021 490 3089 mpredietur
509 3021 703 3072 sanctuarium
719 3035 815 3072 meum.
848 3017 920 3072 loel.
940 3022 965 3084 3,
982 3033 1008 3069 r.
1029 3021 1075 3071 22:
1105 3026 1127 3075 1.
1144 3019 1226 3089 epist.
1240 3025 1265 3088 2,
1281 3037 1308 3076 v.
1324 3027 1355 3074 5:
1372 3021 1543 3073 Accedeutes
1554 3022 1596 3072 ad
1609 3021 1734 3089 lapidem
1746 3022 1837 3075 uicum
1851 3024 1938 3076 etiam

241 3109 307 3180 Epo
325 3107 465 3163 Dominus
477 3109 558 3160 Deris
570 3113 664 3180 vester
675 3105 803 3158 haldana
816 3103 846 3157 in
862 3103 931 3158 Sion
943 3105 973 3157 ia
984 3110 1074 3155 moute
1100 3106 1158 3175 ipsi
1176 3114 1310 3174 tauquam
1328 3106 1443 3175 lapidee
1459 3107 1516 3159 uiui
1531 3109 1817 3177 superaedificamini,
1837 3111 1938 3163 domus

241 3204 341 3251 coneto
363 3211 424 3248 meo
447 3201 473 3247 et
495 3193 549 3246 erit
571 3192 733 3245 Jerusalem
754 3198 853 3244 sancta
871 3198 898 3243 et
913 3190 1004 3242 alieni
1018 3208 1074 3243 rou
1100 3191 1275 3261 spiritualis,
1293 3193 1481 3246 sacedotium
1498 3200 1631 3257 sanctum,
1651 3196 1754 3264 offerre
1771 3196 1939 3265 spirituales

242 3283 401 3338 aasabim
420 3295 477 3351 per
502 3296 562 3332 eam
586 3278 718 3348 amplius.
751 3277 817 3334 lam
832 3292 898 3330 vero
916 3275 944 3328 in
963 3281 1076 3330 externa
1101 3279 1209 3332 laetias
1231 3280 1416 3348 acceptabiles
1439 3282 1504 3333 Deo
1523 3296 1579 3348 per
1606 3280 1753 3337 Christum.
1790 3281 1856 3338 Jam
1871 3299 1938 3338 vero
1952 3293 1987 3337 11.

242 3369 377 3425 ecclesiae
401 3367 533 3421 societate
559 3370 626 3418 sunt
648 3363 727 3417 multi
748 3362 930 3417 incircumcisi
949 3362 1032 3417 corde
1048 3367 1076 3416 et
1103 3381 1159 3418 non
1177 3365 1304 3419 omnibus
1323 3365 1429 3419 vocatis
1448 3366 1580 3435 competit
1590 3366 1659 3421 haec
1672 3367 1829 3439 descriptio,
1846 3386 1939 3441 neque

242 3457 365 3512 auribus.
383 3454 481 3509 Matth.
491 3459 565 3522 16,ν.
578 3453 741 3508 lstPortae
751 3452 909 3520 inferorum
923 3468 979 3503 uon
988 3466 1075 3518 prue-
1102 3451 1176 3505 enim
1208 3467 1303 3504 omnes
1331 3457 1363 3503 ut
1393 3450 1499 3521 lapides
1528 3453 1794 3522 superaedificantur
1817 3454 1937 3524 Christo,

242 3543 374 3598 saleim
391 3544 525 3595 adomnia
542 3539 695 3593 ecclesiam.
731 3537 796 3593 Jam
815 3555 880 3593 vero
896 3545 993 3592 contra
1008 3537 1077 3590 mul-
1103 3553 1194 3607 neque
1234 3552 1327 3591 omnes
1371 3536 1491 3592 offerunt
1527 3537 1588 3593 Deo
1631 3540 1788 3610 spirituales
1823 3541 1938 3597 hostias.

243 3635 288 3683 tos
309 3635 422 3681 externa
440 3625 572 3679 societate
591 3624 724 3679 ecclesiae
743 3624 906 3694 conjunctos
918 3624 1079 3694 praevalent
1104 3623 1179 3694 Ergo
1208 3638 1265 3677 non
1296 3638 1390 3677 omnes
1419 3624 1510 3679 vocati
1541 3626 1681 3695 pertinent
1711 3627 1748 3681 ad
1779 3627 1941 3683 aedificium

245 3713 396 3769 inferorum
413 3718 525 3781 portae,
544 3710 573 3763 id
592 3718 635 3764 est
652 3710 769 3765 Satanas
786 3727 833 3765 eos
851 3711 951 3766 evertit
968 3715 997 3764 et
1015 3726 1077 3779 pcr-
1104 3711 1237 3766 ecclesiae
1265 3717 1365 3780 κυρίως
1392 3719 1420 3767 et
1444 3712 1556 3782 proprie
1584 3713 1624 3768 sic
1654 3712 1752 3768 dictae.
1797 3719 1821 3769 3.
1842 3715 1941 3771 Eccle-

245 3799 288 3855 dit
317 3799 373 3853 suis
396 3796 604 3852 tentationibus.
645 3797 732 3850 Ferus
758 3796 787 3849 in
812 3813 836 3851 c.
866 3801 905 3852 16.
929 3794 1076 3850 Matthaei:
1105 3798 1147 3852 sia
1174 3797 1311 3853 catholica
1337 3798 1438 3853 dicitur
1463 3804 1551 3853 mater
1574 3807 1668 3855 nostra
1692 3806 1720 3854 et
1738 3817 1940 3869 praecursum

246 3887 312 3940 Noe
330 3886 454 3954 loquitur
473 3884 653 3951 deecclesia,
672 3882 743 3934 aaut
762 3883 942 3936 communiter
958 3882 1078 3935 mmitur
1103 3892 1146 3938 est
1171 3885 1335 3938 Jemtsulem
1360 3882 1452 3940 Galat.
1471 3888 1501 3952 4“,
1519 3902 1544 3938 r.
1567 3891 1608 3941 23,
1647 3884 1702 3941 Sed
1721 3901 1766 3954 ea,
1789 3903 1863 3958 quae
1880 3906 1939 3942 sur·

240 3991 299 4043 pro
312 3973 368 4037 liis,
386 3973 435 4042 qui
453 3970 612 4027 Christiani
628 3970 768 4038 dicuutur,
787 3970 844 4022 sios
863 3970 929 4023 boui
947 3971 1003 4022 siut
1020 3970 1077 4021 rire
1105 3988 1165 4024 sum
1186 3976 1229 4025 est
1245 3970 1413 4039 Jerusalem,
1436 3972 1509 4024 sitit
1532 3972 1614 4025 labet
1639 3980 1688 4026 aut
1714 3973 1942 4040 abominandum,

244 4059 322 4122 muli,
339 4061 391 4112 aed
407 4061 442 4112 de
460 4058 579 4112 ecclesia
590 4057 741 4110 secuudum
754 4054 900 4124 Spiritum,
920 4055 1078 4124 mascator
1104 4058 1156 4110 aed
1174 4073 1221 4110 eos
1238 4058 1289 4126 pisi
1304 4058 1406 4125 scripti
1425 4065 1489 4109 aaut
1500 4058 1529 4110 in
1543 4059 1617 4111 libro
1630 4061 1704 4112 uitae
1716 4060 1785 4127 apri
1796 4061 1884 4131 Apoc.
1898 4068 1941 4131 21,

246 4147 347 4201 electos
370 4130 579 4214 'complectitur
624 4142 774 4214 Caletanus
804 4141 833 4195 in
861 4157 958 4195 comm.
990 4140 1077 4211 ejusd.
1105 4159 1131 4199 r.
1150 4148 1191 4199 21.
1217 4143 1293 4214 Ergo
1310 4141 1427 4197 ecclesia
1445 4142 1582 4198 catholica
1601 4143 1941 4202 nihilhabctaboniman-

245 4233 314 4288 loci:
331 4233 477 4287 Adversum
495 4231 648 4299 ecclesiam,
666 4245 738 4298 quae
755 4235 865 4281 coemat
882 4244 916 4280 ec
927 4243 1079 4296 cmprepa·
1105 4229 1187 4298 dum,
1210 4229 1259 4283 sed
1280 4234 1389 4282 sanctos
1415 4233 1523 4282 tantum
1547 4236 1575 4285 et
1592 4231 1709 4301 scriptos
1729 4232 1757 4285 in
1774 4233 1847 4288 libro
1866 4235 1941 4290 ritae

245 4320 320 4373 tione
336 4319 462 4382 fidelium
480 4336 538 4370 ana
551 4318 627 4386 fide,
643 4331 693 4384 spe
711 4323 736 4369 et
754 4315 881 4370 caritate.
922 4319 945 4370 l.
963 4313 1034 4369 ‘lim
1054 4319 1079 4383 3,
1105 4315 1178 4386 agni.
1214 4320 1238 4371 9.
1256 4313 1383 4367 Ecclesia
1400 4316 1558 4370 eonomine
1578 4317 1743 4387 appellatur,
1762 4320 1830 4389 quia
1849 4325 1892 4374 est
1905 4338 1939 4376 ex

245 4423 272 4462 r.
292 4412 331 4460 lb.
354 4403 471 4459 ccclesia
494 4410 536 4458 est
561 4404 659 4456 ἀοιιιιιι
685 4403 752 4456 Dei.
788 4400 853 4456 «lam
870 4416 935 4455 vero
953 4406 1013 4454 tum
1033 4399 1079 4454 de·
1105 4401 1208 4456 mundo
1238 4408 1358 4454 evocata.
1400 4400 1476 4471 Ergo
1501 4402 1549 4474 qui
1569 4404 1660 4458 adhuc
1681 4410 1747 4459 sunt
1767 4407 1803 4458 de
1825 4409 1939 4474 mundo,

246 4509 322 4545 mum
341 4506 435 4544 sumus
454 4490 551 4543 domus
568 4488 631 4556 Dei,
646 4487 670 4541 si
683 4489 823 4569 fiduciam
842 4495 868 4541 et
885 4487 1008 4555 ploriam
1019 4488 1081 4557 spei
1106 4488 1159 4544 hoc
1184 4493 1227 4543 est
1250 4485 1298 4556 qui
1323 4487 1445 4540 nondum
1463 4489 1593 4559 regeniti,
1623 4491 1787 4546 sancnficati
1810 4498 1839 4547 et
1860 4509 1940 4546 reno·

245 4593 332 4646 mque
357 4578 397 4630 act
421 4577 502 4641 finem
527 4577 639 4638 firmam
664 4576 832 4627 retineamus
850 4573 936 4629 Hebr.
956 4579 985 4645 3,
1008 4590 1035 4629 r.
1055 4581 1079 4631 6,
1106 4577 1177 4642 rati,
1202 4573 1301 4628 sedin
1318 4574 1465 4628 mundanis
1484 4582 1513 4629 et
1532 4576 1689 4631 carnalibus
1708 4579 1940 4649 concupiscentiis

246 4662 374 4719 Ecclesia
392 4663 420 4716 in
439 4661 476 4718 V.
489 4676 522 4715 ac
533 4659 569 4716 N.
582 4659 616 4714 T.
629 4659 732 4730 passim
746 4656 848 4715 dicitur
859 4660 966 4714 Christi
976 4678 1080 4731 sporta
1106 4662 1158 4716 toti
1174 4660 1267 4715 adhuc
1283 4660 1404 4714 immersi
1421 4667 1494 4731 sunt,
1513 4663 1554 4716 illi
1571 4680 1627 4718 non
1647 4672 1711 4720 sunt
1727 4682 1793 4719 reia
1805 4666 1941 4722 ecclesiae

246 4749 327 4807 Cant.
350 4757 381 4819 4,
403 4767 429 4805 r.
457 4754 496 4804 10.
527 4747 591 4800 Esa.
618 4752 664 4816 61,
688 4763 715 4800 r.
744 4752 782 4801 10.
813 4746 914 4801 lohan.
941 4751 970 4817 3,
991 4765 1018 4800 r.
1038 4753 1079 4802 29.
1106 4745 1239 4802 membra.
1281 4745 1396 4803 Roman.
1421 4752 1449 4811 8,
1477 4766 1504 4804 r.
1530 4755 1559 4805 9:
1601 4751 1657 4812 Qui
1675 4752 1813 4820 Spiritum
1834 4753 1942 4807 Gummi

247 4843 271 4893 2.
290 4834 410 4892 Corinth.
432 4840 471 4898 lt,
489 4851 516 4889 v.
535 4838 559 4888 2.
590 4831 656 4888 Jam
675 4847 740 4886 vero
759 4833 838 4886 utin
856 4832 891 4888 V.
903 4833 936 4887 Τ.
954 4832 1080 4888 sacerdo·
1107 4850 1162 4885 uon
1188 4833 1283 4901 holm,
1306 4850 1361 4885 nou
1382 4842 1421 4886 ert
1439 4835 1508 4903 ejus.
1544 4834 1599 4901 Qui
1616 4846 1672 4890 non
1690 4843 1732 4891 est
1750 4836 1868 4900 Christi.
1893 4839 1942 4893 ille

246 4929 306 4978 tum
324 4937 439 4989 sponsae
451 4925 530 4975 erant
540 4919 662 4990 virgines
674 4917 762 4972 Lerit
777 4923 855 4985 tl‚v.
874 4925 913 4974 13.
925 4919 1027 4975 Erech.
1039 4926 1080 4983 44,
1107 4919 1190 4974 etiam
1224 4936 1279 4973 non
1314 4927 1356 4974 cst
1389 4920 1521 4977 ecclesiae
1555 4922 1707 4978 catholicae
1735 4939 1830 4979 rerum
1858 4942 1942 4980 mem-

247 5023 274 5065 r.
295 5015 334 5064 12.
355 5008 394 5062 sic
421 5004 547 5061 Christus
565 5022 689 5058 summus
707 5004 741 5060 N.
758 5000 792 5056 Τ.
810 5003 939 5059 sacerdos
958 5005 1020 5060 illas
1038 5022 1081 5060 so·
1108 5005 1204 5069 hrum,
1236 5006 1303 5076 quia
1336 5012 1420 5076 caput
1454 5008 1587 5062 ecclesiae
1619 5016 1661 5063 est
1688 5008 1822 5069 Christus.
1867 5011 1943 5084 Fugo

247 5094 304 5149 lum
322 5094 428 5148 animas
446 5093 475 5146 in
493 5107 622 5162 sponsam
641 5098 670 5146 et
685 5092 831 5147 ecclesiam
849 5091 942 5163 eligit,
962 5108 1034 5164 quae
1050 5091 1081 5145 fi·
1107 5093 1155 5162 qui
1186 5108 1242 5146 non
1269 5090 1354 5146 habet
1383 5092 1516 5163 Spiritum
1548 5092 1667 5160 Christi,
1699 5113 1754 5151 non
1787 5101 1830 5151 est
1856 5097 1943 5153 eccle·

245 5179 293 5234 dei
322 5180 482 5251 virginitate
511 5184 684 5250 praestantes
707 5179 742 5233 ab
766 5177 929 5234 adulterinis
955 5148 1166 5247 Samaeisiae
1185 5178 1337 5233 catholicae
1355 5193 1450 5234 verum
1469 5179 1630 5235 membrum.
1670 5188 1690 5237 1.
1711 5181 1773 5237 Cor.
1794 5188 1833 5247 12,
1854 5200 1880 5239 r.
1898 5191 1943 5240 13:

248 5266 345 5320 mundi
368 5274 397 5322 et
422 5267 513 5322 carnis
536 5266 709 5336 amplexibus
733 5266 881 5322 abstinent.
918 5265 1001 5323 Unde
1019 5264 1082 5320 Joh.
1094 5250 1097 5313 i
1109 5263 1146 5318 Iu
1156 5283 1212 5318 uno
1228 5266 1340 5334 Spiritu
1356 5266 1386 5319 in
1404 5284 1489 5320 uuam
1506 5282 1608 5336 corpus
1626 5285 1678 5322 eos
1697 5284 1791 5322 omnes
1808 5269 1945 5339 baptisati

248 5350 384 5407 Wielefus
422 5354 451 5407 in
480 5360 560 5408 tract.
590 5359 688 5409 contra
713 5353 814 5407 fratres
845 5353 905 5407 sire
935 5351 1083 5407 monachos
1109 5369 1212 5407 sumus.
1242 5351 1317 5422 Ergo
1336 5351 1483 5422 inquibus
1499 5368 1555 5405 non
1572 5360 1615 5407 est
1626 5353 1728 5408 Christi
1742 5353 1861 5426 Spiritus
1875 5356 1944 5423 (sire

248 5454 273 5493 c.
295 5443 335 5492 39.
356 5438 396 5492 sic
412 5439 521 5495 scribite
540 5440 659 5494 Fratres
673 5439 989 5507 buscarticulumfidei
1000 5438 1081 5494 otri-
1110 5445 1143 5495 ut
1156 5439 1339 5495 Bellmminus
1357 5439 1488 5509 loquitur,
1506 5437 1535 5493 in
1556 5439 1658 5510 quibus
1676 5440 1754 5495 nulla
1773 5448 1816 5496 est
1834 5443 1945 5499 interna
