4004 6022
751 315 1100 379 nsssmsooaus.
1745 333 1764 390 3

68 480 182 528 mortem
205 478 334 526 nostram
359 472 462 527 ualeat.
503 472 719 530 “Embdenses
743 474 781 530 ltu
800 472 902 543 ibetltbt
928 490 990 527 eum
1022 475 1150 529 Christus
1175 477 1213 530 sit
1239 478 1377 530 testator?
1404 475 1624 548 Respondemus:
1653 478 1682 532 id
1700 495 1765 534 vero
1777 478 1867 578 3¹:2ng

66 578 91 630 p.
115 565 157 615 92.
185 557 331 627 dubitant,
356 575 393 611 aa
418 576 504 611 saera
528 576 616 613 coena
639 563 676 614 sit
700 569 900 614 testamentum.
927 560 1079 614 absurdum
1097 577 1152 615 nou
1171 567 1222 629 est,
1242 579 1306 617 eum
1324 561 1450 618 Christus
1470 561 1507 616 sit
1523 567 1639 617 testator
1657 565 1846 621 rationarium:

66 646 136 699 Beza
161 645 191 698 in
216 645 316 715 colloq.
337 643 484 717 Mompelg.
509 663 536 717 p.
554 651 595 701 38.
614 647 697 716 plane
715 652 809 718 negat.
845 646 900 701 Sed
926 663 1074 716 personae,
1093 653 1230 718 quatenus
1252 653 1294 703 est
1311 647 1508 719 θεὰνθρωπος,
1533 648 1669 720 siquidem
1688 649 1764 705 insti-

1777 634 1856 681 sigilla

1777 686 1844 737 hujus

66 732 163 786 diserte
181 731 221 785 sic
239 738 355 786 vocatur
372 747 390 783 a
406 730 517 785 Christo
535 736 564 786 et
583 733 686 786 adsunt
707 733 799 787 omnia
818 738 899 788 testa·
926 732 996 786 tutio
1026 739 1260 789 sacramentorum
1296 735 1418 805 pertinet
1445 734 1482 788 ad
1507 734 1629 789 officium
1654 736 1764 803 Christi,
1777 741 1849 777 Μ·

23 842 26 852 .
66 817 149 872 menti
167 817 316 887 requisita:
338 823 358 872 l.
373 818 502 872 Testatos
521 823 563 873 est
580 818 714 873 Christus.
738 824 762 874 2.
775 819 899 873 Heredes
927 818 1001 888 quod
1021 819 1153 888 competit
1173 820 1197 874 ei
1217 820 1368 874 secundum
1387 826 1533 892 utramque
1545 829 1688 893 naturam,
1706 841 1764 878 cor·
1777 788 1856 881 353⁸·

65 921 81 957 a
97 903 208 960 Chn'sto
231 901 402 955 denominati
420 908 486 956 sunt
502 920 598 958 omnes
619 905 770 959 credentes.
806 910 829 959 3.
847 903 899 958 Le-
927 921 978 972 pus
998 910 1091 957 autem
1104 911 1132 959 et
1145 906 1258 977 sanguis
1271 905 1383 973 Christi,
1396 905 1488 977 sigilla
1501 907 1584 979 hujus
1599 910 1763 978 testamenti,
1777 893 1891 987 ffffffl.

65 996 129 1061 gata
157 994 223 1043 sunt
241 988 366 1042 remissio
385 993 570 1058 peccatorum.
609 995 633 1046 l.
654 988 754 1061 Sigilla
772 990 853 1061 panis
873 995 900 1045 et
927 993 991 1041 sunt
1023 990 1137 1043 alterius
1167 999 1297 1059 naturae,
1329 992 1459 1047 videlicet
1481 993 1633 1058 humanae,
1662 1002 1764 1067 partes.
1777 1002 1802 1045 ι
1816 1000 1838 1046 o.
1914 1051 1918 1056 ,

64 1075 164 1144 riuum,
183 1092 283 1145 corpus
303 1080 332 1128 et
348 1074 461 1144 sanguis
481 1074 576 1143 ipsius.
609 1081 632 1129 5.
647 1074 745 1129 Testes
760 1076 900 1129 suntduo·
927 1073 1022 1129 Simile
1049 1075 1117 1146 quid
1144 1076 1308 1131 observatur
1335 1077 1364 1131 iu
1391 1079 1545 1135 sacerdotio
1563 1081 1680 1151 Christi,
1704 1066 1821 1152 ipsem·

65 1162 152 1215 decim
168 1161 297 1232 apostoli.
331 1165 354 1215 6.
368 1160 500 1215 Notarius
515 1166 557 1214 est
569 1160 735 1215 Matthaeus.
757 1161 901 1231 Requisita
927 1160 999 1213 enim
1025 1167 1067 1215 est
1094 1163 1222 1216 sacerdos
1246 1163 1294 1234 qui
1321 1163 1403 1218 offert
1421 1166 1602 1230 sacrificium:
1627 1167 1687 1238 ipse
1703 1174 1767 1239 ara:

65 1248 222 1302 testamenti
246 1248 390 1301 Cotmann.
414 1247 443 1298 iu
466 1261 555 1315 comp.
579 1245 642 1300 inst.
667 1246 769 1303 Justin.
795 1248 838 1300 tit.
861 1253 900 1302 lo.
928 1247 988 1315 ipse
1008 1246 1138 1313 victima',
1166 1266 1239 1319 quae
1258 1249 1391 1318 offertur:
1414 1251 1474 1322 ipse
1498 1253 1538 1320 is,
1565 1253 1610 1307 cui
1637 1253 1768 1324 offertur3

64 1334 129 1388 haec
156 1339 313 1387 enumerat:
346 1339 367 1388 l.
388 1331 524 1385 Testatos.
558 1337 582 1386 2.
605 1332 739 1388 Heredes.
771 1338 794 1389 3.
814 1333 900 1388 Bona.
930 1332 1045 1385 diversis
1074 1334 1181 1389 scilicet
1204 1352 1238 1390 ac
1268 1335 1406 1392 distinctis
1426 1339 1605 1408 respectibus.
1642 1340 1768 1395 Christus

66 1428 87 1475 l.
104 1419 212 1472 Testes.
241 1425 264 1473 5.
285 1418 390 1488 Sigilla.
430 1416 583 1470 Durandus
609 1418 780 1472 hlimstensis
804 1419 852 1473 lib.
877 1425 900 1474 4.
929 1425 971 1472 est
988 1420 1129 1487 sacerdos,
1158 1437 1176 1474 a
1194 1438 1249 1490 quo
1269 1440 1363 1477 sumus
1383 1425 1573 1494 reconciliati,
1591 1426 1683 1494 Deus,
1704 1444 1767 1481 cum

66 1522 87 1560 c.
104 1511 151 1559 lt:
181 1503 311 1556 Christus
331 1510 397 1572 post
422 1519 536 1556 coenam
554 1521 658 1572 corpas
685 1512 711 1556 et
736 1507 901 1570 sanquinem
929 1520 984 1574 quo
1005 1521 1100 1558 sumus
1120 1507 1297 1563 reconciliati
1334 1510 1402 1578 Ipse
1421 1519 1474 1579 est,
1494 1512 1544 1579 qai
1561 1506 1655 1565 omnia
1674 1530 1767 1567 coass-

66 1609 142 1643 suam
161 1591 243 1642 dedit
260 1588 406 1656 apostolis,
424 1595 454 1639 ut
472 1589 523 1642 lroe
541 1598 747 1643 sacramentam
765 1593 838 1644 arelat
858 1593 901 1645 al·
928 1598 990 1643 crat
1008 1599 1035 1643 et
1053 1593 1162 1660 sapiat,
1188 1612 1249 1646 essm
1269 1595 1305 1647 sit
1325 1596 1385 1663 :pse
1404 1599 1523 1665 donum,
1551 1598 1611 1666 ipsc
1627 1599 1765 1668 pontifex,

67 1679 157 1730 timum
183 1676 325 1729 testatoris
349 1677 513 1728 mandatam
537 1677 645 1729 arettas
662 1679 812 1729 memoriae
831 1696 901 1731 eom·
928 1677 988 1745 apae
1006 1677 1108 1746 altare,
1127 1679 1187 1748 :pse
1202 1682 1444 1759 propitiatoriam,
1463 1682 1524 1751 ipse
1542 1684 1690 1753 quieffert,
1708 1685 1768 1754 ipse

67 1765 251 1816 meadaretar.
275 1761 397 1815 Thomas
409 1767 479 1830 part.
495 1766 518 1817 3.
530 1780 555 1833 q.
565 1768 605 1819 73.
621 1768 672 1817 art.
687 1769 717 1816 5:
740 1764 900 1818 Instinctam
929 1762 978 1829 qni
998 1780 1055 1831 pro
1080 1767 1185 1817 arundo
1209 1768 1340 1836 offertur,
1367 1784 1429 1819 cnm
1456 1768 1516 1836 ipse
1540 1770 1578 1821 sit
1596 1769 1684 1839 ipsis,
1707 1771 1767 1839 ipse

10 1851 12 1855 ’
67 1852 113 1903 boe
135 1857 343 1902 sacramentum
368 1850 463 1916 docet,
488 1850 557 1919 quio
580 1867 627 1918 ea,
651 1869 724 1919 quae
740 1852 839 1905 altimo
858 1854 901 1905 di·
929 1848 1129 1918 holocaustam,
1149 1851 1210 1920 ipse
1228 1852 1427 1922 lipaamvitae,
1445 1854 1615 1922 apocopam,
1634 1856 1694 1923 epse
1706 1856 1766 1922 pla·

67 1945 177 1998 contar,
196 1936 317 1988 maxime
336 1936 372 1987 ab
390 1935 491 1988 amieis
508 1937 715 1995 recedentibus.
738 1939 829 2006 mapis
846 1955 899 1991 me·
929 1935 994 1986 dias
1013 1937 1193 2006 spiritualis,
1217 1939 1278 2008 ipsse
1296 1946 1409 2008 pastor,
1432 1940 1496 2008 ‘ipse
1516 1941 1685 2009 immolatio,
1707 1942 1767 2010 ipse

67 2024 169 2077 moriae
187 2022 431 2088 commendantur,
454 2023 624 2090 praesertim
643 2024 712 2091 ostia
731 2032 794 2077 tanc
811 2026 901 2093 mapis
929 2022 979 2088 qai
995 2023 1158 2075 immolatur
1175 2031 1201 2076 at
1218 2025 1279 2094 ipse
1297 2027 1346 2094 qui
1364 2026 1483 2079 hostiam
1502 2028 1613 2095 accipit.
1644 2027 1765 2097 Cyrillus

68 2110 256 2177 inflammatus·
274 2110 393 2178 affectum
410 2108 452 2160 ad
470 2109 582 2162 amieos.
619 2111 667 2162 Ea
684 2126 758 2174 sero,
779 2113 902 2180 adquae
929 2107 1197 2178 Hierosolymitanus
1216 2116 1284 2164 orat.
1306 2111 1341 2165 de
1354 2111 1472 2166 Simeon.
1504 2116 1530 2166 3.
1545 2113 1648 2165 Annon
1663 2131 1765 2182 corpas
1778 2117 1842 2158 oin
1855 2129 1905 2159 sor·

68 2197 154 2264 mapsa
175 2196 330 2263 afficimur,
345 2194 525 2262 profundius
545 2195 638 2247 ausimo
657 2196 901 2264 imprimuntur,**
928 2200 953 2245 et
979 2196 1095 2262 sanquis
1113 2194 1221 2248 Christi
1236 2196 1341 2249 rectius
1359 2198 1493 2249 dicantar
1514 2198 1608 2266 lepata
1626 2216 1709 2266 quam
1728 2199 1764 2251 si·
1778 2174 1870 2270 fagi.

10 2286 54 2325 aus-
69 2280 274 2337 soeramentum
294 2280 381 2351 igitur
398 2279 612 2334 eucharisticum
627 2286 743 2335 vocatur
754 2288 901 2338 testamen-
928 2280 1002 2347 pilia
1021 2280 1052 2332 ia
1071 2281 1123 2333 boe
1142 2284 1328 2336 testamento?
1361 2281 1586 2352 Respondemus:
1609 2301 1671 2337 cum
1689 2272 1764 2337 manss
1777 2271 1859 2313 ΨΜ

10 2337 26 2427 i
69 2373 132 2437 tum,
151 2368 218 2439 quia
229 2366 355 2421 Christus
374 2364 443 2419 illud
461 2366 546 2434 paulo
566 2372 630 2421 ante
650 2374 765 2422 mortem
782 2369 903 2424 instituit
928 2366 1105 2421 ducationem
1121 2368 1243 2437 corporis
1264 2367 1306 2421 sui
1325 2368 1463 2423 mediante
1483 2368 1629 2423 benedicto
1647 2386 1719 2439 pane
1736 2375 1764 2423 et
1778 2325 1882 2414 iiiiii:

10 2449 23 2480 α
69 2460 95 2507 et
116 2453 317 2524 pretiosissima
340 2450 412 2505 dona
433 2451 583 2506 heredibus
608 2453 665 2506 suis
684 2453 849 2509 Christianis
872 2455 901 2509 in
929 2450 1092 2506 bibitionem
1112 2453 1309 2523 sauguinissui
1322 2455 1461 2508 mediante
1475 2455 1619 2509 benedicto
1634 2455 1763 2509 viuohoo
1776 2424 1888 2524 imil-

69 2557 98 2593 eo
120 2538 232 2610 legavit
276 2537 369 2592 Causa
393 2535 516 2591 efficiens
535 2538 693 2592 testamenti
711 2544 754 2593 est
773 2542 902 2594 soleratas
928 2537 982 2590 tine
1009 2538 1038 2590 in
1063 2555 1143 2592 sacra
1165 2555 1252 2593 coena
1272 2539 1396 2594 Christus
1421 2542 1585 2604 instituerit,
1613 2548 1644 2595 ut
1663 2542 1763 2611 pretio·
1776 2529 1840 2577 ⁸³¹¹·

69 2627 216 2693 testatoris,
233 2623 451 2680 Wesenbeccius
461 2623 490 2677 in
499 2624 611 2694 paratit.
625 2624 654 2678 ff.
670 2625 719 2696 qui
730 2631 793 2680 test.
810 2626 901 2682 facere
928 2622 1036 2678 sissimo
1061 2623 1150 2679 isthoc
1173 2625 1292 2696 pignore
1317 2642 1382 2682 vere
1405 2626 1582 2682 credentibus
1602 2626 1765 2698 obsignatur

69 2730 137 2781 poss.
163 2728 239 2767 num.
261 2716 285 2767 8.
309 2712 349 2765 ita
374 2727 485 2780 quoque
507 2711 537 2765 iu
558 2710 612 2765 hoe
637 2712 823 2766 sacratissimo
842 2732 901 2784 my·
928 2714 956 2763 et
974 2709 1152 2766 confirmetur
1169 2712 1314 2783 promissio
1333 2713 1368 2766 de
1388 2713 1511 2784 gratuita
1528 2719 1704 2783 peccatorum
1723 2731 1764 2768 re·

69 2799 145 2853 sterio
170 2804 288 2852 testator
313 2802 356 2851 est
381 2795 507 2851 Christus
533 2796 631 2865 Jesus,
658 2798 706 2867 qui
729 2799 901 2855 voluntatem
929 2797 1060 2852 missione
1079 2804 1163 2870 atque
1181 2798 1243 2852 aliis
1261 2797 1402 2854 benefieiis
1420 2798 1578 2854 immediate
1595 2799 1684 2855 eidem
1702 2816 1765 2855 eon·

69 2902 141 2938 suam
172 2884 258 2954 paulo
283 2889 349 2938 ante
376 2888 493 2938 mortem
519 2884 611 2938 verbis
633 2883 716 2938 claris
744 2890 772 2940 et
795 2887 901 2957 perspi·
925 2885 1040 2954 junctis,
1059 2885 1121 2940 ideo
1141 2901 1242 2956 corpus
1261 2891 1289 2939 et
1309 2886 1423 2958 sanguis
1434 2885 1537 2940 Christi
1554 2886 1657 2941 rectius
1676 2886 1712 2940 ad
1731 2885 1765 2940 si·

68 2972 122 3025 cuis
147 2970 283 3041 exposuit.
320 2970 445 3024 Heredis
473 2971 610 3024 institutio
635 2971 794 3026 testamenti
817 2977 902 3041 caput
928 2971 996 3042 gilla
1023 2988 1106 3042 quam
1130 2971 1166 3027 ad
1191 2972 1285 3043 legata
1306 2972 1390 3043 hujus
1414 2973 1574 3027 testamenti
1601 2972 1767 3029 referuntur.

62 3064 119 3122 est,
148 3057 167 3111 l.
197 3063 218 3113 l.
243 3055 272 3113 ff.
304 3057 340 3112 de
365 3056 441 3110 haer.
467 3056 553 3111 instit.
578 3056 619 3110 ita
642 3074 752 3129 quoque
776 3058 901 3113 Christus
928 3057 1054 3122 Accedit,
1073 3058 1148 3130 quod
1167 3058 1343 3112 manducatio
1362 3057 1484 3128 corporis
1502 3057 1605 3113 Christi
1623 3064 1651 3112 et
1667 3057 1765 3113 bibitio

68 3143 208 3214 discipulis
235 3142 291 3197 suis
315 3145 345 3197 et
368 3141 494 3197 omuibus
521 3142 698 3197 credentibus
723 3144 800 3198 velut
824 3144 900 3200 here·
928 3144 1073 3216 sanguinis
1094 3144 1196 3199 Christi
1215 3143 1424 3199 sacramentalis
1444 3159 1499 3196 non
1518 3143 1606 3197 solum
1623 3160 1687 3198 vere
1707 3161 1765 3199 cre·
1834 3203 1835 3206 Ἴ

67 3231 145 3284 dibus
171 3230 230 3283 suis
253 3228 283 3284 in
307 3228 360 3283 hoc
384 3233 549 3285 testamento
574 3230 680 3300 legavit
701 3231 901 3300 pretiosissima
929 3232 1068 3295 dentibus,
1088 3231 1138 3285 sed
1157 3231 1240 3286 etiam
1256 3229 1500 3300 impoenitentibus
1513 3236 1541 3283 et
1554 3228 1684 3301 indiguis,
1705 3231 1765 3301 qui-

68 3317 149 3384 bona,
187 3316 376 3370 remissionem
413 3316 520 3371 scilicet
549 3323 741 3387 peccatorum,
782 3319 901 3387 gratiam
928 3318 981 3373 bus
1006 3323 1100 3373 tamen
1123 3317 1247 3373 Christus
1267 3335 1321 3372 non
1339 3315 1460 3370 instituit
1478 3332 1605 3378 coenam,
1631 3321 1673 3369 est
1692 3333 1764 3370 com·

67 3403 128 3466 Dei,
165 3404 343 3458 donationem
375 3401 495 3472 Spiritus
526 3403 615 3458 sancti
644 3410 673 3459 et
702 3404 789 3458 vitam
814 3411 900 3459 aeter-
927 3405 1033 3467 munis3
1050 3404 1173 3459 remissio
1194 3410 1286 3458 autem
1305 3408 1480 3473 pcccatorum
1499 3400 1565 3455 solis
1586 3402 1764 3456 credentibus

66 3507 135 3544 nam.
172 3491 207 3545 In
231 3494 399 3544 testamento
420 3488 544 3559 perfecto
563 3496 674 3560 praeter
693 3489 803 3545 heredis
823 3491 901 3544 insti·
928 3490 1069 3545 confertur
1092 3496 1120 3544 et
1142 3507 1195 3543 usu
1220 3489 1411 3543 sacramentali
1433 3488 1554 3558 eorporis
1575 3492 1603 3541 et
1620 3488 1763 3558 sanguinis

67 3577 200 3631 tutionem
249 3574 396 3644 inspicitur
438 3576 547 3628 testium
588 3576 734 3632 adhibitio.
793 3576 900 3635 Treutl.
928 3576 1030 3631 Christi
1058 3575 1228 3646 obsignatur.
1270 3575 1346 3646 Ergo
1364 3591 1463 3644 corpus
1483 3578 1510 3627 et
1525 3574 1642 3644 sanguis
1661 3574 1763 3629 Christi

65 3663 197 3732 disputat.
212 3661 314 3716 volum.
333 3666 357 3717 2.
378 3661 448 3730 disp.
471 3666 510 3716 10.
528 3660 568 3717 th.
589 3667 614 3716 l.
632 3661 673 3717 lit.
693 3661 722 3717 C.
736 3661 776 3716 ita
790 3680 901 3734 quoqne
928 3664 1037 3734 proprie
1056 3662 1193 3733 loquendo
1214 3671 1279 3716 suut
1295 3661 1395 3733 sigilla,
1415 3677 1471 3713 non
1489 3665 1581 3713 autem
1601 3660 1694 3730 legata
1714 3659 1763 3713 hu·

64 3749 189 3803 Christus
213 3747 243 3801 iu
267 3747 319 3801 hac
347 3747 505 3801 testamenti
530 3745 650 3802 factione
669 3748 797 3802 adhibuit
815 3754 901 3804 testes
924 3754 971 3822 jus
989 3749 1155 3804 testamenti.
1192 3748 1291 3819 Neque
1310 3754 1402 3801 tamen
1423 3764 1624 3817 repugnamus,
1643 3764 1697 3817 quo
1714 3746 1763 3800 mi·

64 3835 209 3889 duodecim
229 3833 376 3903 apostolos,
396 3833 463 3904 quin
484 3839 512 3887 et
531 3833 629 3899 sipitla
641 3835 783 3903 appendit,
803 3836 899 3890 videli·
927 3853 979 3889 nus
1003 3850 1102 3904 corpus
1128 3839 1156 3887 et
1183 3834 1297 3904 sanguis
1320 3833 1422 3887 Christi
1450 3833 1557 3886 ratione
1582 3832 1761 3901 substantiae,

63 3928 108 3975 cet
133 3937 233 3989 corpus
257 3925 285 3974 et
311 3919 475 3990 sanguinem
502 3935 583 3973 suum
605 3936 668 3972 cum
690 3935 761 3988 pane
788 3928 816 3976 ct
835 3922 899 3975 vino
927 3926 1063 3992 quatenus
1082 3919 1188 3974 scilicet
1202 3919 1327 3972 Christus
1347 3917 1532 3972 mediantibus
1553 3918 1672 3972 externis
1689 3936 1762 3988 sym·

64 4006 216 4062 benedictis
233 4011 367 4076 tanquam
384 4004 540 4059 visibilibus
557 4005 644 4075 signis
664 4009 900 4064 sacramentaliter
926 4007 998 4061 bolis
1015 4024 1048 4060 ea
1066 4005 1231 4060 distribuere
1249 4004 1383 4075 promisit,
1402 4004 1529 4059 dicantur
1541 4004 1650 4074 legata:
1668 4004 1761 4074 sigilla

61 4095 149 4147 uuita
926 4111 991 4147 vero
1011 4091 1118 4147 ratione
1136 4091 1221 4145 officii
1240 4098 1268 4145 et
1286 4090 1357 4158 finis,
1377 4096 1514 4161 quatenus
1533 4090 1586 4144 lide
1604 4099 1716 4160 sumpta
1735 4098 1764 4145 et

10 4196 13 4222 i
97 4187 122 4236 5.
159 4177 240 4233 Circa
263 4176 336 4231 hauc
362 4175 574 4247 appellationem
602 4177 756 4249 quaeritur:
785 4184 806 4233 1.
829 4179 900 4242 Quo·
926 4180 1025 4234 hausta
1042 4176 1160 4250 gratiam
1173 4178 1235 4247 Dei,
1254 4176 1442 4231 remissionem
1460 4184 1639 4246 peccatorum
1657 4183 1684 4231 et
1701 4192 1763 4246 pro·

12 4297 48 4336 ψ
61 4268 147 4319 modo
173 4282 257 4317 sacra
283 4278 371 4316 coena
397 4264 511 4316 dicotur
536 4271 561 4315 et
579 4268 683 4318 'novam
708 4271 899 4320 testamentum
926 4267 1085 4321 missionem
1124 4264 1221 4318 salutis
1257 4263 1418 4334 obsignant,
1455 4263 1536 4316 modo
1568 4263 1764 4316 sacramentali

10 4339 39 4378 [Ψ
62 4362 88 4406 at
107 4352 185 4405 Noai
212 4349 384 4403 Testamenti
409 4353 636 4403 samameatam!
676 4351 898 4420 Respondemus:
926 4351 1132 4406 manducationi
1171 4356 1200 4404 et
1236 4348 1365 4404 bibitioui
1404 4349 1525 4418 corporis
1564 4354 1592 4402 et
1621 4347 1762 4419 sanguinis

10 4460 29 4488 s
61 4439 93 4493 fit
125 4438 195 4491 illud
225 4436 334 4491 diverso
362 4441 506 4506 respectu,
536 4454 618 4508 quem
648 4435 683 4490 D.
710 4437 840 4492 Hunnius
870 4440 898 4493 in
926 4437 1027 4491 Christi
1049 4435 1175 4492 omnibus
1201 4435 1238 4489 ad
1265 4451 1378 4490 coenam
1402 4433 1600 4488 accedentibus
1623 4435 1760 4488 communi

60 4529 173 4579 tractat.
200 4522 234 4576 de
257 4537 346 4576 coena
373 4538 400 4592 q.
426 4528 449 4577 5.
474 4520 517 4574 his
537 4522 629 4576 verbis
648 4523 772 4592 exponit:
797 4524 897 4587 Quate-
925 4525 953 4579 id
972 4542 1027 4577 nou
1046 4531 1210 4594 opponatur.
1246 4525 1269 4577 4.
1291 4522 1434 4583 Quomodo
1466 4538 1569 4587 corperis
1592 4529 1617 4572 et
1644 4520 1794 4586 scripuras.
1809 4529 1868 4578 Quo-

10 4665 22 4693 s
60 4630 114 4666 nus
132 4610 168 4666 N.
187 4609 220 4662 T.
240 4608 343 4662 dieitur
358 4625 459 4663 novum
480 4616 592 4679 pactum
607 4627 656 4664 seu
672 4609 770 4664 foedus
788 4628 898 4676 novum,
928 4612 1033 4666 Christi
1045 4611 1155 4679 possint
1180 4609 1268 4662 statui
1285 4608 1384 4674 siqitlo
1403 4607 1487 4675 bajas
1504 4606 1674 4667 testamenti,
1699 4623 1759 4656 erim
1772 4582 1854 4679 ἓξὲξ,

10 4716 46 4747 sn
60 4697 138 4768 quod
167 4696 312 4765 antiquato
339 4694 425 4748 veteri
452 4694 481 4749 in
506 4712 594 4766 regno
618 4695 721 4750 Christi
750 4698 897 4752 succedere
924 4699 980 4750 siat
1005 4696 1172 4764 invisibilia,
1196 4713 1245 4748 aee
1269 4695 1300 4746 in
1322 4711 1418 4746 scasas
1442 4700 1571 4745 aeternos
1593 4684 1894 4743 incrassat!“iiiiii⁸

1772 4733 1854 4774 Christi

10 4819 34 4848 ι,
61 4782 172 4850 debuit,
198 4781 250 4836 hoc
274 4779 433 4850 significatu
459 4797 538 4835 sacra
558 4798 644 4836 coena
664 4788 706 4834 est
727 4782 759 4835 N.
772 4782 805 4837 T.
824 4800 896 4853 pars,
924 4783 1147 4853 Respondemus:
1173 4780 1323 4836 invisibilia
1344 4785 1408 4834 sunt
1429 4797 1480 4849 per
1497 4794 1528 4833 se
1548 4786 1576 4833 et
1594 4777 1759 4842 immediate,
1773 4786 1876 4846 dicontur

10 4861 38 4940 f·
61 4886 110 4924 seu
129 4868 195 4923 nori
212 4865 331 4922 foederis
348 4866 532 4937 signaculum,
551 4885 605 4938 quo
625 4867 750 4921 Christus
769 4869 898 4922 universa
924 4871 1053 4923 videntur
1071 4874 1165 4921 autem
1186 4867 1241 4920 κατ’
1265 4865 1332 4920 ἄλλο
1352 4871 1380 4921 et
1397 4866 1529 4933 mediate,
1553 4869 1688 4935 quatenus
1706 4861 1757 4914 sci·
1772 4838 1849 4938 ffi‘

10 4973 41 5005 m·
61 4956 136 5028 pacti
155 4954 221 5010 nori
240 4952 377 5009 beneficia
398 4953 529 5023 applicat,
548 4955 678 5024 obsignat
698 4960 726 5007 ct
744 4954 896 5025 confirmat,
923 4956 988 5010 lieet
1014 4953 1147 5023 symbolis
1174 4953 1292 5007 externis
1318 4951 1555 5006 sacramentaliter
1583 4953 1648 5002 sunt
1671 4950 1758 5017 unita,
1772 4945 1849 5039 {33¹¹

60 5061 114 5097 non
140 5047 184 5096 est
208 5045 301 5112 autem
326 5039 464 5109 integrum
482 5039 550 5091 illud
570 5049 691 5110 pactum,
710 5041 784 5110 qnod
803 5040 895 5109 plures
922 5047 954 5095 ut
981 5056 1013 5093 ex
1041 5039 1132 5093 verbis
1151 5038 1253 5092 Christi
1280 5037 1384 5092 veracis
1411 5046 1439 5092 et
1466 5034 1661 5104 omnipotentis
1688 5034 1757 5088 fides
1772 5051 1882 5082 cunnos

59 5129 87 5183 in
104 5147 136 5184 se
152 5135 246 5199 partes
263 5126 394 5181 continet.
428 5126 571 5191 Quatenus
590 5144 654 5182 vero
671 5128 829 5182 testamenti
848 5104 1081 5182 no-⁸Christiana
1104 5124 1243 5194 intelligit.
1283 5123 1361 5186 Quae
1386 5123 1442 5176 fide
1466 5140 1499 5176 ex
1522 5119 1607 5174 verbo
1627 5119 1756 5192 intelligi·
1770 5096 1888 5187 pposms

60 5216 132 5269 mine
152 5213 230 5268 venit
242 5210 393 5282 dispositio,
411 5227 468 5280 qua
479 5212 626 5265 moriturus
639 5213 738 5282 aliquis
753 5212 804 5266 sub
819 5213 894 5267 testi·
921 5230 992 5277 mus,
1012 5212 1094 5281 longe
1113 5211 1231 5264 certiora
1247 5215 1325 5274 sunt,
1349 5225 1433 5279 quarn
1453 5222 1525 5278 qliae
1544 5205 1633 5260 oculis
1652 5214 1680 5260 et
1697 5225 1757 5261 sen·

60 5300 190 5355 ficatione
205 5298 320 5352 ultimae
336 5297 487 5352 voluntatis
502 5302 579 5352 certa
601 5299 737 5368 quaedam
750 5299 824 5352 bona
837 5299 894 5351 suis
922 5298 999 5351 sibus
1026 5297 1145 5350 externis
1172 5294 1356 5365 percipimus,
1383 5312 1444 5348 cum
1472 5293 1585 5346 verbum
1613 5293 1667 5348 Dei
1686 5311 1756 5347 uun·

10 5438 36 5470 ,4
61 5386 136 5459 legat
146 5384 306 5451 heredibus,
322 5389 398 5438 recte
412 5399 444 5439 ac
456 5401 521 5439 vere
535 5383 636 5437 dicitur
649 5401 735 5438 coena
749 5385 896 5439 Dominica
923 5400 1007 5456 quam
1032 5382 1125 5448 fallat,
1151 5381 1238 5434 nostri
1256 5384 1349 5434 autem
1369 5396 1465 5434 sensus
1484 5372 1595 5449 saepius
1615 5379 1756 5434 fallantur.

10 5492 14 5517 i
61 5478 256 5529 testamentum
275 5470 339 5524 Filii
356 5470 419 5526 Dei.
456 5473 483 5525 2.
506 5469 650 5531 Qomodo
670 5487 770 5539 corpas
789 5480 815 5523 et
832 5488 896 5524 san·
924 5469 1136 5540 Chrysostomus
1163 5467 1235 5522 hom.
1263 5471 1304 5522 83.
1333 5465 1362 5519 iu
1385 5464 1483 5520 hlatth.
1507 5482 1535 5534 p.
1557 5470 1617 5518 703:
1646 5466 1758 5534 dlo'yor

10 5541 122 5629 mais
143 5557 379 5627 cannoparius
400 5557 488 5610 rasas
508 5556 608 5626 sipilla
630 5556 715 5626 bajus
732 5541 1008 5633 testamenti,icrirosi
1034 5554 1268 5630 ἀπαραλόγιστος,
1291 5550 1358 5622 ἡδὲ
1378 5555 1506 5619 αἴσθησις
1523 5551 1602 5626 ἡμῶν
1620 5549 1757 5614 εὐεξαπά-

1342 5654 1379 5710 10
