<?xml version="1.0" encoding="UTF-8"?>
<!DOCTYPE html PUBLIC "-//W3C//DTD XHTML 1.0 Transitional//EN"
    "http://www.w3.org/TR/xhtml1/DTD/xhtml1-transitional.dtd">
<html xmlns="http://www.w3.org/1999/xhtml" xml:lang="en" lang="en">
 <head>
  <title>
</title>
<meta http-equiv="Content-Type" content="text/html;charset=utf-8" />
  <meta name='ocr-system' content='tesseract 3.04.00' />
  <meta name='ocr-capabilities' content='ocr_page ocr_carea ocr_par ocr_line ocrx_word'/>
</head>
<body>
  <div class='ocr_page' id='page_1' title='image "./lta-11000/locitheologicit03gerhgoog/locitheologicit03gerhgoog_0343.png"; bbox 0 0 4004 6022; ppageno 0'>
   <div class='ocr_carea' id='block_1_1' title="bbox 235 274 1364 350">
    <p class='ocr_par' dir='ltr' id='par_1_1' title="bbox 235 274 1364 350">
     <span class='ocr_line' id='line_1_1' title="bbox 235 274 1364 350; baseline -0.017 0"><span class='ocrx_word' id='word_1_1' title='bbox 235 291 296 350; x_wconf 79' lang='grc'><strong><em>332</em></strong></span> <span class='ocrx_word' id='word_1_2' title='bbox 799 276 923 336; x_wconf 74' lang='lat' dir='ltr'><strong><em>Locus</em></strong></span> <span class='ocrx_word' id='word_1_3' title='bbox 942 274 1148 335; x_wconf 66' lang='lat' dir='ltr'><strong><em>menemus</em></strong></span> <span class='ocrx_word' id='word_1_4' title='bbox 1166 275 1364 334; x_wconf 79' lang='lat' dir='ltr'>SECUNDUS</span> 
     </span>
    </p>
   </div>
   <div class='ocr_carea' id='block_1_2' title="bbox 129 430 1998 5636">
    <p class='ocr_par' dir='ltr' id='par_1_2' title="bbox 232 430 1971 4382">
     <span class='ocr_line' id='line_1_2' title="bbox 236 430 1943 506; baseline -0.005 -13"><span class='ocrx_word' id='word_1_5' title='bbox 236 455 268 493; x_wconf 87' lang='lat' dir='ltr'><strong><em>eo</em></strong></span> <span class='ocrx_word' id='word_1_6' title='bbox 285 439 349 492; x_wconf 86' lang='lat' dir='ltr'><strong><em>nati</em></strong></span> <span class='ocrx_word' id='word_1_7' title='bbox 366 445 439 506; x_wconf 83' lang='lat' dir='ltr'><strong><em>sunt,</em></strong></span> <span class='ocrx_word' id='word_1_8' title='bbox 457 443 589 506; x_wconf 83' lang='lat' dir='ltr'><strong><em>quotquot</em></strong></span> <span class='ocrx_word' id='word_1_9' title='bbox 603 443 704 503; x_wconf 87' lang='lat' dir='ltr'><strong><em>postea</em></strong></span> <span class='ocrx_word' id='word_1_10' title='bbox 721 435 838 498; x_wconf 73' lang='lat' dir='ltr'><strong><em>tienunt</em></strong></span> <span class='ocrx_word' id='word_1_11' title='bbox 852 450 958 504; x_wconf 89' lang='lat' dir='ltr'><strong><em>papae,</em></strong></span> <span class='ocrx_word' id='word_1_12' title='bbox 976 431 1070 485; x_wconf 82' lang='lat' dir='ltr'><strong><em>coreli-</em></strong></span> <span class='ocrx_word' id='word_1_13' title='bbox 1099 430 1253 499; x_wconf 82' lang='lat' dir='ltr'><strong><em>diqnitates</em></strong></span> <span class='ocrx_word' id='word_1_14' title='bbox 1265 431 1508 485; x_wconf 73' lang='lat' dir='ltr'><strong><em>ecclesiasticoset</em></strong></span> <span class='ocrx_word' id='word_1_15' title='bbox 1521 431 1806 500; x_wconf 71' lang='lat' dir='ltr'><strong><em>beneficiaverint-st,</em></strong></span> <span class='ocrx_word' id='word_1_16' title='bbox 1820 430 1943 500; x_wconf 82' lang='lat' dir='ltr'><strong><em>sipras-</em></strong></span> 
     </span>
     <span class='ocr_line' id='line_1_3' title="bbox 236 516 1945 594; baseline -0.004 -15"><span class='ocrx_word' id='word_1_17' title='bbox 236 526 318 579; x_wconf 85' lang='lat' dir='ltr'><strong><em>nelos</em></strong></span> <span class='ocrx_word' id='word_1_18' title='bbox 342 534 367 579; x_wconf 90' lang='lat' dir='ltr'><strong><em>et</em></strong></span> <span class='ocrx_word' id='word_1_19' title='bbox 391 524 523 594; x_wconf 86' lang='lat' dir='ltr'><strong><em>episcopi.</em></strong></span> <span class='ocrx_word' id='word_1_20' title='bbox 563 525 642 589; x_wconf 79' lang='lat' dir='ltr'><strong><em>Erqo</em></strong></span> <span class='ocrx_word' id='word_1_21' title='bbox 667 521 767 574; x_wconf 78' lang='lat' dir='ltr'><strong><em>sanem</em></strong></span> <span class='ocrx_word' id='word_1_22' title='bbox 785 520 820 572; x_wconf 78' lang='lat' dir='ltr'><strong><em>ab</em></strong></span> <span class='ocrx_word' id='word_1_23' title='bbox 837 535 870 573; x_wconf 90' lang='lat' dir='ltr'><strong><em>eo</em></strong></span> <span class='ocrx_word' id='word_1_24' title='bbox 888 527 1011 589; x_wconf 84' lang='lat' dir='ltr'><strong><em>ternpore</em></strong></span> <span class='ocrx_word' id='word_1_25' title='bbox 1030 535 1071 573; x_wconf 86' lang='lat' dir='ltr'><strong><em>ec-</em></strong></span> <span class='ocrx_word' id='word_1_26' title='bbox 1099 518 1172 572; x_wconf 87' lang='lat' dir='ltr'><strong><em>latos</em></strong></span> <span class='ocrx_word' id='word_1_27' title='bbox 1190 535 1312 588; x_wconf 86' lang='lat' dir='ltr'><strong><em>quosque</em></strong></span> <span class='ocrx_word' id='word_1_28' title='bbox 1331 518 1433 572; x_wconf 87' lang='lat' dir='ltr'><strong><em>inuitos</em></strong></span> <span class='ocrx_word' id='word_1_29' title='bbox 1446 519 1618 583; x_wconf 82' lang='lat' dir='ltr'><strong><em>transferret</em></strong></span> <span class='ocrx_word' id='word_1_30' title='bbox 1631 525 1656 571; x_wconf 87' lang='lat' dir='ltr'><strong><em>et</em></strong></span> <span class='ocrx_word' id='word_1_31' title='bbox 1670 516 1824 587; x_wconf 72' lang='lat' dir='ltr'><strong><em>appelleret</em></strong></span> <span class='ocrx_word' id='word_1_32' title='bbox 1836 517 1945 586; x_wconf 73' lang='lat' dir='ltr'><strong><em>iniuste</em></strong></span> 
     </span>
     <span class='ocr_line' id='line_1_4' title="bbox 236 603 1944 679; baseline -0.006 -13"><span class='ocrx_word' id='word_1_33' title='bbox 236 613 325 666; x_wconf 77' lang='lat' dir='ltr'><strong><em>clario</em></strong></span> <span class='ocrx_word' id='word_1_34' title='bbox 348 613 479 665; x_wconf 81' lang='lat' dir='ltr'><strong><em>Romana</em></strong></span> <span class='ocrx_word' id='word_1_35' title='bbox 504 608 636 679; x_wconf 76' lang='lat' dir='ltr'><strong><em>pontifici</em></strong></span> <span class='ocrx_word' id='word_1_36' title='bbox 665 607 822 661; x_wconf 78' lang='lat' dir='ltr'><strong><em>adhaerens</em></strong></span> <span class='ocrx_word' id='word_1_37' title='bbox 848 624 904 661; x_wconf 90' lang='lat' dir='ltr'><strong><em>non</em></strong></span> <span class='ocrx_word' id='word_1_38' title='bbox 925 607 984 671; x_wconf 76' lang='lat' dir='ltr'><strong><em>fuit</em></strong></span> <span class='ocrx_word' id='word_1_39' title='bbox 1006 622 1072 659; x_wconf 89' lang='lat' dir='ltr'><strong><em>sera</em></strong></span> <span class='ocrx_word' id='word_1_40' title='bbox 1097 622 1152 674; x_wconf 91' lang='lat' dir='ltr'><strong><em>pro</em></strong></span> <span class='ocrx_word' id='word_1_41' title='bbox 1171 604 1250 657; x_wconf 86' lang='lat' dir='ltr'><strong><em>libito</em></strong></span> <span class='ocrx_word' id='word_1_42' title='bbox 1266 604 1434 671; x_wconf 86' lang='lat' dir='ltr'><strong><em>uoluntatis,</em></strong></span> <span class='ocrx_word' id='word_1_43' title='bbox 1454 604 1537 657; x_wconf 87' lang='lat' dir='ltr'><strong><em>etiam</em></strong></span> <span class='ocrx_word' id='word_1_44' title='bbox 1555 603 1664 658; x_wconf 88' lang='lat' dir='ltr'><strong><em>notorie</em></strong></span> <span class='ocrx_word' id='word_1_45' title='bbox 1682 619 1716 656; x_wconf 90' lang='lat' dir='ltr'><strong><em>ac</em></strong></span> <span class='ocrx_word' id='word_1_46' title='bbox 1733 603 1841 672; x_wconf 79' lang='lat' dir='ltr'><strong><em>injuste</em></strong></span> <span class='ocrx_word' id='word_1_47' title='bbox 1862 619 1944 672; x_wconf 76' lang='lat' dir='ltr'><strong><em>repes</em></strong></span> 
     </span>
     <span class='ocr_line' id='line_1_5' title="bbox 237 688 1943 766; baseline -0.004 -15"><span class='ocrx_word' id='word_1_48' title='bbox 237 698 408 766; x_wconf 64' lang='lat' dir='ltr'><strong><em>ecclesiast</em></strong></span> <span class='ocrx_word' id='word_1_49' title='bbox 426 714 488 749; x_wconf 86' lang='lat' dir='ltr'><strong><em>cum</em></strong></span> <span class='ocrx_word' id='word_1_50' title='bbox 508 694 590 747; x_wconf 88' lang='lat' dir='ltr'><strong><em>nulla</em></strong></span> <span class='ocrx_word' id='word_1_51' title='bbox 608 692 670 746; x_wconf 91' lang='lat' dir='ltr'><strong><em>alia</em></strong></span> <span class='ocrx_word' id='word_1_52' title='bbox 683 693 775 758; x_wconf 81' lang='lat' dir='ltr'><strong><em>fuers&#39;t</em></strong></span> <span class='ocrx_word' id='word_1_53' title='bbox 794 692 920 760; x_wconf 66' lang='lat' dir='ltr'><strong><em>umibilin</em></strong></span> <span class='ocrx_word' id='word_1_54' title='bbox 939 692 1071 760; x_wconf 86' lang='lat' dir='ltr'><strong><em>sequitur,</em></strong></span> <span class='ocrx_word' id='word_1_55' title='bbox 1100 709 1134 744; x_wconf 90' lang='lat' dir='ltr'><strong><em>ae</em></strong></span> <span class='ocrx_word' id='word_1_56' title='bbox 1153 691 1300 760; x_wconf 84' lang='lat' dir='ltr'><strong><em>principes</em></strong></span> <span class='ocrx_word' id='word_1_57' title='bbox 1326 689 1475 759; x_wconf 84' lang='lat' dir='ltr'><strong><em>dejiceret,</em></strong></span> <span class='ocrx_word' id='word_1_58' title='bbox 1498 690 1622 743; x_wconf 84' lang='lat' dir='ltr'><strong><em>moribus</em></strong></span> <span class='ocrx_word' id='word_1_59' title='bbox 1636 688 1809 759; x_wconf 66' lang='lat' dir='ltr'><strong><em>perniciosis</em></strong></span> <span class='ocrx_word' id='word_1_60' title='bbox 1828 691 1943 745; x_wconf 75' lang='lat' dir='ltr'><strong><em>aninas</em></strong></span> 
     </span>
     <span class='ocr_line' id='line_1_6' title="bbox 236 774 1942 848; baseline -0.002 -14"><span class='ocrx_word' id='word_1_61' title='bbox 236 783 372 836; x_wconf 80' lang='lat' dir='ltr'><strong><em>risibilem</em></strong></span> <span class='ocrx_word' id='word_1_62' title='bbox 394 780 539 834; x_wconf 85' lang='lat' dir='ltr'><strong><em>ecclesiam</em></strong></span> <span class='ocrx_word' id='word_1_63' title='bbox 555 779 684 848; x_wconf 83' lang='lat' dir='ltr'><strong><em>periisse.</em></strong></span> <span class='ocrx_word' id='word_1_64' title='bbox 718 777 903 833; x_wconf 85' lang='lat' dir='ltr'><strong><em>Bellarminus</em></strong></span> <span class='ocrx_word' id='word_1_65' title='bbox 916 777 1072 848; x_wconf 86' lang='lat' dir='ltr'><strong><em>respondet,</em></strong></span> <span class='ocrx_word' id='word_1_66' title='bbox 1099 777 1240 830; x_wconf 79' lang='lat' dir='ltr'><strong><em>lominum</em></strong></span> <span class='ocrx_word' id='word_1_67' title='bbox 1244 776 1501 846; x_wconf 86' lang='lat' dir='ltr'><strong><em>passimperimere</em></strong></span> <span class='ocrx_word' id='word_1_68' title='bbox 1512 775 1666 839; x_wconf 74' lang='lat' dir='ltr'><strong><em>labmaret,</em></strong></span> <span class='ocrx_word' id='word_1_69' title='bbox 1678 774 1866 830; x_wconf 82' lang='lat' dir='ltr'><strong><em>crudelitates</em></strong></span> <span class='ocrx_word' id='word_1_70' title='bbox 1873 792 1942 844; x_wconf 86' lang='lat' dir='ltr'><strong><em>per·</em></strong></span> 
     </span>
     <span class='ocr_line' id='line_1_7' title="bbox 236 862 1942 933; baseline -0.006 -10"><span class='ocrx_word' id='word_1_71' title='bbox 236 870 396 923; x_wconf 79' lang='lat' dir='ltr'><strong><em>Basilierrse</em></strong></span> <span class='ocrx_word' id='word_1_72' title='bbox 416 866 565 920; x_wconf 88' lang='lat' dir='ltr'><strong><em>concilium</em></strong></span> <span class='ocrx_word' id='word_1_73' title='bbox 584 864 667 918; x_wconf 85' lang='lat' dir='ltr'><strong><em>initio</em></strong></span> <span class='ocrx_word' id='word_1_74' title='bbox 684 864 797 932; x_wconf 79' lang='lat' dir='ltr'><strong><em>quidem</em></strong></span> <span class='ocrx_word' id='word_1_75' title='bbox 806 865 898 928; x_wconf 69' lang='lat' dir='ltr'><strong><em>fussee</em></strong></span> <span class='ocrx_word' id='word_1_76' title='bbox 911 864 1072 933; x_wconf 73' lang='lat' dir='ltr'><strong><em>legitimum,</em></strong></span> <span class='ocrx_word' id='word_1_77' title='bbox 1095 870 1224 932; x_wconf 78' lang='lat' dir='ltr'><strong><em>patraret</em></strong></span> <span class='ocrx_word' id='word_1_78' title='bbox 1239 863 1404 931; x_wconf 71' lang='lat' dir='ltr'><strong><em>tractandas,</em></strong></span> <span class='ocrx_word' id='word_1_79' title='bbox 1420 862 1510 930; x_wconf 84' lang='lat' dir='ltr'><strong><em>leqem</em></strong></span> <span class='ocrx_word' id='word_1_80' title='bbox 1523 863 1584 915; x_wconf 89' lang='lat' dir='ltr'><strong><em>Dei</em></strong></span> <span class='ocrx_word' id='word_1_81' title='bbox 1599 862 1796 930; x_wconf 83' lang='lat' dir='ltr'><strong><em>confunderet,</em></strong></span> <span class='ocrx_word' id='word_1_82' title='bbox 1813 878 1942 932; x_wconf 79' lang='lat' dir='ltr'><strong><em>quaeque</em></strong></span> 
     </span>
     <span class='ocr_line' id='line_1_8' title="bbox 236 946 1971 1020; baseline -0.006 -11"><span class='ocrx_word' id='word_1_83' title='bbox 236 973 298 1009; x_wconf 88' lang='lat' dir='ltr'><strong><em>cum</em></strong></span> <span class='ocrx_word' id='word_1_84' title='bbox 329 956 442 1008; x_wconf 84' lang='lat' dir='ltr'><strong><em>adesset</em></strong></span> <span class='ocrx_word' id='word_1_85' title='bbox 469 953 580 1020; x_wconf 84' lang='lat' dir='ltr'><strong><em>leqatus</em></strong></span> <span class='ocrx_word' id='word_1_86' title='bbox 609 951 734 1003; x_wconf 80' lang='lat' dir='ltr'><strong><em>Romani</em></strong></span> <span class='ocrx_word' id='word_1_87' title='bbox 754 951 913 1019; x_wconf 72' lang='lat' dir='ltr'><strong><em>pontificis,</em></strong></span> <span class='ocrx_word' id='word_1_88' title='bbox 941 954 993 1004; x_wconf 78' lang='lat' dir='ltr'><strong><em>rest</em></strong></span> <span class='ocrx_word' id='word_1_89' title='bbox 1019 969 1072 1020; x_wconf 86' lang='lat' dir='ltr'><strong><em>quo</em></strong></span> <span class='ocrx_word' id='word_1_90' title='bbox 1099 949 1227 1002; x_wconf 84' lang='lat' dir='ltr'><strong><em>salubria</em></strong></span> <span class='ocrx_word' id='word_1_91' title='bbox 1245 949 1373 1002; x_wconf 86' lang='lat' dir='ltr'><strong><em>instituta</em></strong></span> <span class='ocrx_word' id='word_1_92' title='bbox 1389 955 1528 1013; x_wconf 86' lang='lat' dir='ltr'><strong><em>everteret,</em></strong></span> <span class='ocrx_word' id='word_1_93' title='bbox 1549 946 1721 1018; x_wconf 85' lang='lat' dir='ltr'><strong><em>temporalia</em></strong></span> <span class='ocrx_word' id='word_1_94' title='bbox 1735 947 1942 1003; x_wconf 62' lang='lat' dir='ltr'><strong><em>comniodia-</em></strong></span> <span class='ocrx_word' id='word_1_95' title='bbox 1968 993 1971 998; x_wconf 89' lang='lat'><em>.</em></span> 
     </span>
     <span class='ocr_line' id='line_1_9' title="bbox 236 1034 1941 1110; baseline -0.002 -17"><span class='ocrx_word' id='word_1_96' title='bbox 236 1049 359 1110; x_wconf 87' lang='lat' dir='ltr'><strong><em>tempore</em></strong></span> <span class='ocrx_word' id='word_1_97' title='bbox 384 1040 543 1107; x_wconf 81' lang='lat' dir='ltr'><strong><em>Euqeninm</em></strong></span> <span class='ocrx_word' id='word_1_98' title='bbox 570 1036 713 1106; x_wconf 81' lang='lat' dir='ltr'><strong><em>deposuit,</em></strong></span> <span class='ocrx_word' id='word_1_99' title='bbox 740 1053 798 1088; x_wconf 91' lang='lat' dir='ltr'><strong><em>non</em></strong></span> <span class='ocrx_word' id='word_1_100' title='bbox 813 1037 906 1101; x_wconf 83' lang='lat' dir='ltr'><strong><em>fnisse</em></strong></span> <span class='ocrx_word' id='word_1_101' title='bbox 923 1037 1073 1091; x_wconf 72' lang='lat' dir='ltr'><strong><em>concdium</em></strong></span> <span class='ocrx_word' id='word_1_102' title='bbox 1099 1051 1200 1088; x_wconf 88' lang='lat' dir='ltr'><strong><em>manoe</em></strong></span> <span class='ocrx_word' id='word_1_103' title='bbox 1220 1043 1247 1088; x_wconf 91' lang='lat' dir='ltr'><strong><em>et</em></strong></span> <span class='ocrx_word' id='word_1_104' title='bbox 1265 1042 1419 1089; x_wconf 88' lang='lat' dir='ltr'><strong><em>ceterarum</em></strong></span> <span class='ocrx_word' id='word_1_105' title='bbox 1437 1035 1658 1104; x_wconf 70' lang='lat' dir='ltr'><strong><em>particularium</em></strong></span> <span class='ocrx_word' id='word_1_106' title='bbox 1678 1034 1865 1088; x_wconf 71' lang='lat' dir='ltr'><strong><em>moissiacum</em></strong></span> <span class='ocrx_word' id='word_1_107' title='bbox 1883 1035 1941 1090; x_wconf 82' lang='lat' dir='ltr'><strong><em>dis·</em></strong></span> 
     </span>
     <span class='ocr_line' id='line_1_10' title="bbox 236 1121 1941 1194; baseline -0.002 -14"><span class='ocrx_word' id='word_1_108' title='bbox 236 1126 377 1194; x_wconf 86' lang='lat' dir='ltr'><strong><em>eeclesiae,</em></strong></span> <span class='ocrx_word' id='word_1_109' title='bbox 398 1128 449 1179; x_wconf 80' lang='lat' dir='ltr'><strong><em>sed</em></strong></span> <span class='ocrx_word' id='word_1_110' title='bbox 461 1123 677 1177; x_wconf 82' lang='lat' dir='ltr'><strong><em>conciliabulum</em></strong></span> <span class='ocrx_word' id='word_1_111' title='bbox 687 1122 900 1190; x_wconf 71' lang='lat' dir='ltr'><strong><em>schmmaticnm,</em></strong></span> <span class='ocrx_word' id='word_1_112' title='bbox 909 1125 1073 1177; x_wconf 83' lang='lat' dir='ltr'><strong><em>seditiosum</em></strong></span> <span class='ocrx_word' id='word_1_113' title='bbox 1099 1121 1207 1190; x_wconf 75' lang='lat' dir='ltr'><strong><em>separet</em></strong></span> <span class='ocrx_word' id='word_1_114' title='bbox 1217 1129 1300 1190; x_wconf 78' lang='lat' dir='ltr'><strong><em>etqrm</em></strong></span> <span class='ocrx_word' id='word_1_115' title='bbox 1310 1122 1450 1175; x_wconf 74' lang='lat' dir='ltr'><strong><em>alienaret</em></strong></span> <span class='ocrx_word' id='word_1_116' title='bbox 1465 1121 1580 1189; x_wconf 71' lang='lat' dir='ltr'><strong><em>altaque</em></strong></span> <span class='ocrx_word' id='word_1_117' title='bbox 1591 1121 1873 1192; x_wconf 76' lang='lat' dir='ltr'><strong><em>innumerefloqitia,</em></strong></span> <span class='ocrx_word' id='word_1_118' title='bbox 1881 1139 1941 1177; x_wconf 87' lang='lat' dir='ltr'><strong><em>sos·</em></strong></span> 
     </span>
     <span class='ocr_line' id='line_1_11' title="bbox 236 1207 1941 1280; baseline -0.002 -14"><span class='ocrx_word' id='word_1_119' title='bbox 236 1221 262 1266; x_wconf 89' lang='lat' dir='ltr'><strong><em>et</em></strong></span> <span class='ocrx_word' id='word_1_120' title='bbox 281 1213 386 1266; x_wconf 77' lang='lat' dir='ltr'><strong><em>auilites</em></strong></span> <span class='ocrx_word' id='word_1_121' title='bbox 400 1228 520 1280; x_wconf 82' lang='lat' dir='ltr'><strong><em>prorsus</em></strong></span> <span class='ocrx_word' id='word_1_122' title='bbox 538 1210 723 1276; x_wconf 68' lang='lat' dir='ltr'><strong><em>auctoritatis,</em></strong></span> <span class='ocrx_word' id='word_1_123' title='bbox 741 1217 767 1262; x_wconf 91' lang='lat' dir='ltr'><strong><em>et</em></strong></span> <span class='ocrx_word' id='word_1_124' title='bbox 778 1211 894 1278; x_wconf 86' lang='lat' dir='ltr'><strong><em>opponit</em></strong></span> <span class='ocrx_word' id='word_1_125' title='bbox 905 1210 970 1263; x_wconf 79' lang='lat' dir='ltr'><strong><em>huic</em></strong></span> <span class='ocrx_word' id='word_1_126' title='bbox 983 1211 1073 1264; x_wconf 87' lang='lat' dir='ltr'><strong><em>conci·</em></strong></span> <span class='ocrx_word' id='word_1_127' title='bbox 1100 1208 1162 1260; x_wconf 86' lang='lat' dir='ltr'><strong><em>iera</em></strong></span> <span class='ocrx_word' id='word_1_128' title='bbox 1177 1215 1202 1260; x_wconf 86' lang='lat' dir='ltr'><strong><em>et</em></strong></span> <span class='ocrx_word' id='word_1_129' title='bbox 1217 1207 1336 1260; x_wconf 89' lang='lat' dir='ltr'><strong><em>crimina</em></strong></span> <span class='ocrx_word' id='word_1_130' title='bbox 1348 1208 1462 1261; x_wconf 88' lang='lat' dir='ltr'><strong><em>notoria</em></strong></span> <span class='ocrx_word' id='word_1_131' title='bbox 1469 1213 1658 1277; x_wconf 89' lang='lat' dir='ltr'><strong><em>perpetraret,</em></strong></span> <span class='ocrx_word' id='word_1_132' title='bbox 1671 1223 1746 1261; x_wconf 90' lang='lat' dir='ltr'><strong><em>acse</em></strong></span> <span class='ocrx_word' id='word_1_133' title='bbox 1758 1208 1941 1277; x_wconf 75' lang='lat' dir='ltr'><strong><em>incorriqibi·</em></strong></span> 
     </span>
     <span class='ocr_line' id='line_1_12' title="bbox 235 1293 1939 1364; baseline -0.002 -12"><span class='ocrx_word' id='word_1_134' title='bbox 235 1300 275 1354; x_wconf 89' lang='lat' dir='ltr'><strong><em>lio</em></strong></span> <span class='ocrx_word' id='word_1_135' title='bbox 297 1299 419 1351; x_wconf 84' lang='lat' dir='ltr'><strong><em>alterum</em></strong></span> <span class='ocrx_word' id='word_1_136' title='bbox 442 1297 531 1362; x_wconf 82' lang='lat' dir='ltr'><strong><em>illud,</em></strong></span> <span class='ocrx_word' id='word_1_137' title='bbox 560 1297 637 1364; x_wconf 80' lang='lat' dir='ltr'><strong><em>quod</em></strong></span> <span class='ocrx_word' id='word_1_138' title='bbox 655 1297 751 1349; x_wconf 84' lang='lat' dir='ltr'><strong><em>eodem</em></strong></span> <span class='ocrx_word' id='word_1_139' title='bbox 768 1303 891 1362; x_wconf 88' lang='lat' dir='ltr'><strong><em>tempore</em></strong></span> <span class='ocrx_word' id='word_1_140' title='bbox 910 1297 1074 1350; x_wconf 67' lang='lat' dir='ltr'><strong><em>Florentiae</em></strong></span> <span class='ocrx_word' id='word_1_141' title='bbox 1100 1293 1308 1357; x_wconf 74' lang='lat' dir='ltr'><strong><em>lcmroelderct5</em></strong></span> <span class='ocrx_word' id='word_1_142' title='bbox 1322 1293 1411 1347; x_wconf 89' lang='lat' dir='ltr'><strong><em>omnis</em></strong></span> <span class='ocrx_word' id='word_1_143' title='bbox 1424 1293 1544 1347; x_wconf 84' lang='lat' dir='ltr'><strong><em>ecclesia</em></strong></span> <span class='ocrx_word' id='word_1_144' title='bbox 1554 1294 1585 1346; x_wconf 87' lang='lat' dir='ltr'><strong><em>in</em></strong></span> <span class='ocrx_word' id='word_1_145' title='bbox 1594 1311 1680 1347; x_wconf 90' lang='lat' dir='ltr'><strong><em>unum</em></strong></span> <span class='ocrx_word' id='word_1_146' title='bbox 1690 1295 1939 1363; x_wconf 66' lang='lat' dir='ltr'><strong><em>eonqreqataaal·</em></strong></span> 
     </span>
     <span class='ocr_line' id='line_1_13' title="bbox 235 1378 1939 1451; baseline -0.001 -13"><span class='ocrx_word' id='word_1_147' title='bbox 235 1387 292 1448; x_wconf 76' lang='lat' dir='ltr'><strong><em>fuit</em></strong></span> <span class='ocrx_word' id='word_1_148' title='bbox 311 1385 474 1451; x_wconf 77' lang='lat' dir='ltr'><strong><em>institutum,</em></strong></span> <span class='ocrx_word' id='word_1_149' title='bbox 495 1383 525 1434; x_wconf 87' lang='lat' dir='ltr'><strong><em>in</em></strong></span> <span class='ocrx_word' id='word_1_150' title='bbox 545 1399 599 1451; x_wconf 87' lang='lat' dir='ltr'><strong><em>qno</em></strong></span> <span class='ocrx_word' id='word_1_151' title='bbox 618 1382 762 1435; x_wconf 79' lang='lat' dir='ltr'><strong><em>Romanae</em></strong></span> <span class='ocrx_word' id='word_1_152' title='bbox 775 1382 909 1449; x_wconf 83' lang='lat' dir='ltr'><strong><em>pontisee</em></strong></span> <span class='ocrx_word' id='word_1_153' title='bbox 921 1384 1073 1450; x_wconf 64' lang='lat' dir='ltr'><strong><em>moereas·</em></strong></span> <span class='ocrx_word' id='word_1_154' title='bbox 1100 1380 1210 1433; x_wconf 82' lang='lat' dir='ltr'><strong><em>latenas</em></strong></span> <span class='ocrx_word' id='word_1_155' title='bbox 1221 1395 1282 1431; x_wconf 88' lang='lat' dir='ltr'><strong><em>eum</em></strong></span> <span class='ocrx_word' id='word_1_156' title='bbox 1295 1378 1426 1432; x_wconf 85' lang='lat' dir='ltr'><strong><em>atalibus</em></strong></span> <span class='ocrx_word' id='word_1_157' title='bbox 1435 1384 1561 1432; x_wconf 74' lang='lat' dir='ltr'><strong><em>coircere</em></strong></span> <span class='ocrx_word' id='word_1_158' title='bbox 1565 1379 1666 1448; x_wconf 87' lang='lat' dir='ltr'><strong><em>possit,</em></strong></span> <span class='ocrx_word' id='word_1_159' title='bbox 1674 1380 1742 1449; x_wconf 90' lang='lat' dir='ltr'><strong><em>quin</em></strong></span> <span class='ocrx_word' id='word_1_160' title='bbox 1753 1380 1939 1436; x_wconf 72' lang='lat' dir='ltr'><strong><em>imolilerum</em></strong></span> 
     </span>
     <span class='ocr_line' id='line_1_14' title="bbox 235 1460 1939 1539; baseline -0.001 -15"><span class='ocrx_word' id='word_1_161' title='bbox 235 1471 274 1524; x_wconf 89' lang='lat' dir='ltr'><strong><em>rit</em></strong></span> <span class='ocrx_word' id='word_1_162' title='bbox 290 1479 317 1523; x_wconf 89' lang='lat' dir='ltr'><strong><em>et</em></strong></span> <span class='ocrx_word' id='word_1_163' title='bbox 330 1471 431 1539; x_wconf 86' lang='lat' dir='ltr'><strong><em>plures</em></strong></span> <span class='ocrx_word' id='word_1_164' title='bbox 449 1460 576 1537; x_wconf 79' lang='lat' dir='ltr'><strong><em>episcopi</em></strong></span> <span class='ocrx_word' id='word_1_165' title='bbox 587 1474 751 1536; x_wconf 85' lang='lat' dir='ltr'><strong><em>praesenter</em></strong></span> <span class='ocrx_word' id='word_1_166' title='bbox 770 1468 885 1531; x_wconf 82' lang='lat' dir='ltr'><strong><em>fuerint.</em></strong></span> <span class='ocrx_word' id='word_1_167' title='bbox 915 1467 1074 1538; x_wconf 87' lang='lat' dir='ltr'><strong><em>Responde·</em></strong></span> <span class='ocrx_word' id='word_1_168' title='bbox 1101 1473 1127 1518; x_wconf 89' lang='lat' dir='ltr'><strong><em>ct</em></strong></span> <span class='ocrx_word' id='word_1_169' title='bbox 1143 1465 1294 1532; x_wconf 84' lang='lat' dir='ltr'><strong><em>quamlibet</em></strong></span> <span class='ocrx_word' id='word_1_170' title='bbox 1310 1467 1447 1531; x_wconf 78' lang='lat' dir='ltr'><strong><em>synodum</em></strong></span> <span class='ocrx_word' id='word_1_171' title='bbox 1466 1481 1528 1518; x_wconf 91' lang='lat' dir='ltr'><strong><em>eum</em></strong></span> <span class='ocrx_word' id='word_1_172' title='bbox 1544 1467 1696 1535; x_wconf 83' lang='lat' dir='ltr'><strong><em>reprimere</em></strong></span> <span class='ocrx_word' id='word_1_173' title='bbox 1707 1467 1848 1520; x_wconf 86' lang='lat' dir='ltr'><strong><em>colentem</em></strong></span> <span class='ocrx_word' id='word_1_174' title='bbox 1861 1467 1939 1524; x_wconf 84' lang='lat' dir='ltr'><strong><em>illico</em></strong></span> 
     </span>
     <span class='ocr_line' id='line_1_15' title="bbox 236 1550 1939 1626; baseline -0.001 -16"><span class='ocrx_word' id='word_1_175' title='bbox 236 1575 310 1610; x_wconf 90' lang='lat' dir='ltr'><strong><em>mus:</em></strong></span> <span class='ocrx_word' id='word_1_176' title='bbox 340 1556 393 1612; x_wconf 91' lang='lat' dir='ltr'><strong><em>hoc</em></strong></span> <span class='ocrx_word' id='word_1_177' title='bbox 419 1560 613 1626; x_wconf 81' lang='lat' dir='ltr'><strong><em>argumentum</em></strong></span> <span class='ocrx_word' id='word_1_178' title='bbox 642 1569 675 1608; x_wconf 89' lang='lat' dir='ltr'><strong><em>eo</em></strong></span> <span class='ocrx_word' id='word_1_179' title='bbox 703 1553 814 1622; x_wconf 88' lang='lat' dir='ltr'><strong><em>proprie</em></strong></span> <span class='ocrx_word' id='word_1_180' title='bbox 836 1554 971 1623; x_wconf 83' lang='lat' dir='ltr'><strong><em>pertinet,</em></strong></span> <span class='ocrx_word' id='word_1_181' title='bbox 999 1555 1073 1625; x_wconf 90' lang='lat' dir='ltr'><strong><em>qnod</em></strong></span> <span class='ocrx_word' id='word_1_182' title='bbox 1101 1552 1259 1617; x_wconf 83' lang='lat' dir='ltr'><strong><em>transferre</em></strong></span> <span class='ocrx_word' id='word_1_183' title='bbox 1272 1551 1315 1604; x_wconf 85' lang='lat' dir='ltr'><strong><em>sel</em></strong></span> <span class='ocrx_word' id='word_1_184' title='bbox 1327 1550 1480 1605; x_wconf 50' lang='lat' dir='ltr'><strong><em>&amp;soluere</em></strong></span> <span class='ocrx_word' id='word_1_185' title='bbox 1488 1553 1669 1621; x_wconf 89' lang='lat' dir='ltr'><strong><em>persistentes</em></strong></span> <span class='ocrx_word' id='word_1_186' title='bbox 1678 1552 1709 1605; x_wconf 91' lang='lat' dir='ltr'><strong><em>in</em></strong></span> <span class='ocrx_word' id='word_1_187' title='bbox 1719 1555 1939 1620; x_wconf 67' lang='lat' dir='ltr'><strong><em>mnodocontra</em></strong></span> 
     </span>
     <span class='ocr_line' id='line_1_16' title="bbox 235 1636 1939 1712; baseline -0.004 -15"><span class='ocrx_word' id='word_1_188' title='bbox 235 1641 373 1697; x_wconf 74' lang='lat' dir='ltr'><strong><em>successio</em></strong></span> <span class='ocrx_word' id='word_1_189' title='bbox 397 1642 583 1695; x_wconf 87' lang='lat' dir='ltr'><strong><em>Romanorum</em></strong></span> <span class='ocrx_word' id='word_1_190' title='bbox 609 1638 771 1709; x_wconf 86' lang='lat' dir='ltr'><strong><em>pontificum</em></strong></span> <span class='ocrx_word' id='word_1_191' title='bbox 799 1639 906 1694; x_wconf 84' lang='lat' dir='ltr'><strong><em>incerta</em></strong></span> <span class='ocrx_word' id='word_1_192' title='bbox 930 1640 967 1693; x_wconf 88' lang='lat' dir='ltr'><strong><em>sit</em></strong></span> <span class='ocrx_word' id='word_1_193' title='bbox 989 1645 1072 1712; x_wconf 88' lang='lat' dir='ltr'><strong><em>atque</em></strong></span> <span class='ocrx_word' id='word_1_194' title='bbox 1100 1637 1267 1690; x_wconf 82' lang='lat' dir='ltr'><strong><em>voluntatem</em></strong></span> <span class='ocrx_word' id='word_1_195' title='bbox 1291 1636 1352 1704; x_wconf 84' lang='lat' dir='ltr'><strong><em>ejus</em></strong></span> <span class='ocrx_word' id='word_1_196' title='bbox 1372 1637 1518 1705; x_wconf 73' lang='lat' dir='ltr'><strong><em>persequi,</em></strong></span> <span class='ocrx_word' id='word_1_197' title='bbox 1543 1638 1797 1705; x_wconf 76' lang='lat' dir='ltr'><strong><em>excommunicare,</em></strong></span> <span class='ocrx_word' id='word_1_198' title='bbox 1812 1642 1939 1709; x_wconf 71' lang='lat' dir='ltr'><strong><em>privare,</em></strong></span> 
     </span>
     <span class='ocr_line' id='line_1_17' title="bbox 236 1723 1939 1800; baseline -0.002 -17"><span class='ocrx_word' id='word_1_199' title='bbox 236 1727 483 1800; x_wconf 64' lang='lat' dir='ltr'><strong><em>interruptaque</em></strong></span> <span class='ocrx_word' id='word_1_200' title='bbox 502 1724 1073 1796; x_wconf 82' lang='lat' dir='ltr'><strong><em>dubiuepapaltabeturprononpapa,</em></strong></span> <span class='ocrx_word' id='word_1_201' title='bbox 1101 1723 1297 1790; x_wconf 77' lang='lat' dir='ltr'><strong><em>inhabilitore,</em></strong></span> <span class='ocrx_word' id='word_1_202' title='bbox 1321 1724 1496 1777; x_wconf 86' lang='lat' dir='ltr'><strong><em>contumeliis</em></strong></span> <span class='ocrx_word' id='word_1_203' title='bbox 1519 1733 1545 1778; x_wconf 87' lang='lat' dir='ltr'><strong><em>et</em></strong></span> <span class='ocrx_word' id='word_1_204' title='bbox 1568 1725 1683 1795; x_wconf 87' lang='lat' dir='ltr'><strong><em>injuriis</em></strong></span> <span class='ocrx_word' id='word_1_205' title='bbox 1702 1726 1838 1796; x_wconf 76' lang='lat' dir='ltr'><strong><em>afficere,</em></strong></span> <span class='ocrx_word' id='word_1_206' title='bbox 1863 1728 1939 1780; x_wconf 83' lang='lat' dir='ltr'><strong><em>ineo-</em></strong></span> 
     </span>
     <span class='ocr_line' id='line_1_18' title="bbox 236 1809 1940 1878; baseline -0.001 -8"><span class='ocrx_word' id='word_1_207' title='bbox 236 1820 269 1870; x_wconf 86' lang='lat' dir='ltr'><strong><em>ut</em></strong></span> <span class='ocrx_word' id='word_1_208' title='bbox 286 1815 368 1869; x_wconf 89' lang='lat' dir='ltr'><strong><em>docet</em></strong></span> <span class='ocrx_word' id='word_1_209' title='bbox 385 1812 570 1867; x_wconf 88' lang='lat' dir='ltr'><strong><em>Ballarminns</em></strong></span> <span class='ocrx_word' id='word_1_210' title='bbox 587 1811 634 1866; x_wconf 91' lang='lat' dir='ltr'><strong><em>lib.</em></strong></span> <span class='ocrx_word' id='word_1_211' title='bbox 655 1817 679 1865; x_wconf 84' lang='lat'><strong><em>2.</em></strong></span> <span class='ocrx_word' id='word_1_212' title='bbox 700 1811 735 1864; x_wconf 89' lang='lat' dir='ltr'><strong><em>do</em></strong></span> <span class='ocrx_word' id='word_1_213' title='bbox 749 1810 848 1868; x_wconf 88' lang='lat' dir='ltr'><strong><em>concil.</em></strong></span> <span class='ocrx_word' id='word_1_214' title='bbox 862 1829 886 1865; x_wconf 88' lang='lat' dir='ltr'><strong><em>c.</em></strong></span> <span class='ocrx_word' id='word_1_215' title='bbox 902 1817 940 1867; x_wconf 80' lang='lat'><strong><em>19.</em></strong></span> <span class='ocrx_word' id='word_1_216' title='bbox 956 1813 990 1867; x_wconf 89' lang='lat' dir='ltr'><strong><em>de</em></strong></span> <span class='ocrx_word' id='word_1_217' title='bbox 1004 1814 1073 1867; x_wconf 85' lang='lat' dir='ltr'><strong><em>veri-</em></strong></span> <span class='ocrx_word' id='word_1_218' title='bbox 1101 1810 1193 1862; x_wconf 80' lang='lat' dir='ltr'><strong><em>tiones</em></strong></span> <span class='ocrx_word' id='word_1_219' title='bbox 1224 1809 1386 1878; x_wconf 85' lang='lat' dir='ltr'><strong><em>corporales</em></strong></span> <span class='ocrx_word' id='word_1_220' title='bbox 1418 1812 1554 1864; x_wconf 71' lang='lat' dir='ltr'><strong><em>ademare</em></strong></span> <span class='ocrx_word' id='word_1_221' title='bbox 1587 1828 1634 1866; x_wconf 88' lang='lat' dir='ltr'><strong><em>eos</em></strong></span> <span class='ocrx_word' id='word_1_222' title='bbox 1663 1812 1805 1877; x_wconf 65' lang='lat' dir='ltr'><strong><em>matare,</em></strong></span> <span class='ocrx_word' id='word_1_223' title='bbox 1837 1814 1940 1869; x_wconf 66' lang='lat' dir='ltr'><strong><em>dmnde</em></strong></span> 
     </span>
     <span class='ocr_line' id='line_1_19' title="bbox 236 1895 1939 1969; baseline -0.001 -13"><span class='ocrx_word' id='word_1_224' title='bbox 236 1906 294 1956; x_wconf 86' lang='lat' dir='ltr'><strong><em>tate</em></strong></span> <span class='ocrx_word' id='word_1_225' title='bbox 312 1900 485 1954; x_wconf 86' lang='lat' dir='ltr'><strong><em>decretorum</em></strong></span> <span class='ocrx_word' id='word_1_226' title='bbox 498 1897 693 1967; x_wconf 88' lang='lat' dir='ltr'><strong><em>synodicorum</em></strong></span> <span class='ocrx_word' id='word_1_227' title='bbox 705 1914 882 1969; x_wconf 87' lang='lat' dir='ltr'><strong><em>nequaquam</em></strong></span> <span class='ocrx_word' id='word_1_228' title='bbox 890 1897 1073 1968; x_wconf 84' lang='lat' dir='ltr'><strong><em>judicandum</em></strong></span> <span class='ocrx_word' id='word_1_229' title='bbox 1100 1895 1241 1965; x_wconf 79' lang='lat' dir='ltr'><strong><em>quidquid</em></strong></span> <span class='ocrx_word' id='word_1_230' title='bbox 1263 1897 1388 1963; x_wconf 72' lang='lat' dir='ltr'><strong><em>synodus</em></strong></span> <span class='ocrx_word' id='word_1_231' title='bbox 1414 1904 1561 1965; x_wconf 74' lang='lat' dir='ltr'><strong><em>statueret,</em></strong></span> <span class='ocrx_word' id='word_1_232' title='bbox 1585 1897 1780 1968; x_wconf 76' lang='lat' dir='ltr'><strong><em>proserperet,</em></strong></span> <span class='ocrx_word' id='word_1_233' title='bbox 1809 1900 1939 1965; x_wconf 62' lang='lat' dir='ltr'><strong><em>dictem</em></strong></span> 
     </span>
     <span class='ocr_line' id='line_1_20' title="bbox 236 1982 1937 2055; baseline 0 -13"><span class='ocrx_word' id='word_1_234' title='bbox 236 1993 330 2042; x_wconf 87' lang='lat' dir='ltr'><strong><em>estex</em></strong></span> <span class='ocrx_word' id='word_1_235' title='bbox 348 1983 513 2039; x_wconf 86' lang='lat' dir='ltr'><strong><em>auctoritate</em></strong></span> <span class='ocrx_word' id='word_1_236' title='bbox 532 1982 650 2038; x_wconf 86' lang='lat' dir='ltr'><strong><em>Romani</em></strong></span> <span class='ocrx_word' id='word_1_237' title='bbox 666 1982 820 2052; x_wconf 88' lang='lat' dir='ltr'><strong><em>pontificis,</em></strong></span> <span class='ocrx_word' id='word_1_238' title='bbox 847 1984 896 2037; x_wconf 91' lang='lat' dir='ltr'><strong><em>sed</em></strong></span> <span class='ocrx_word' id='word_1_239' title='bbox 916 2000 949 2038; x_wconf 85' lang='lat' dir='ltr'><strong><em>ex</em></strong></span> <span class='ocrx_word' id='word_1_240' title='bbox 966 1984 1073 2038; x_wconf 87' lang='lat' dir='ltr'><strong><em>barmo-</em></strong></span> <span class='ocrx_word' id='word_1_241' title='bbox 1100 1983 1260 2050; x_wconf 82' lang='lat' dir='ltr'><strong><em>ordinaret,</em></strong></span> <span class='ocrx_word' id='word_1_242' title='bbox 1282 1983 1395 2051; x_wconf 70' lang='lat' dir='ltr'><strong><em>penitius</em></strong></span> <span class='ocrx_word' id='word_1_243' title='bbox 1414 1990 1600 2053; x_wconf 81' lang='lat' dir='ltr'><strong><em>contemnere,</em></strong></span> <span class='ocrx_word' id='word_1_244' title='bbox 1618 1983 1755 2053; x_wconf 84' lang='lat' dir='ltr'><strong><em>objicere,</em></strong></span> <span class='ocrx_word' id='word_1_245' title='bbox 1776 1987 1937 2055; x_wconf 73' lang='lat' dir='ltr'><strong><em>reprobare.</em></strong></span> 
     </span>
     <span class='ocr_line' id='line_1_21' title="bbox 237 2067 1938 2141; baseline -0.001 -15"><span class='ocrx_word' id='word_1_246' title='bbox 237 2072 284 2127; x_wconf 88' lang='lat' dir='ltr'><strong><em>nie</em></strong></span> <span class='ocrx_word' id='word_1_247' title='bbox 303 2087 367 2125; x_wconf 91' lang='lat' dir='ltr'><strong><em>cum</em></strong></span> <span class='ocrx_word' id='word_1_248' title='bbox 388 2069 536 2140; x_wconf 85' lang='lat' dir='ltr'><strong><em>Scripturis</em></strong></span> <span class='ocrx_word' id='word_1_249' title='bbox 553 2068 653 2137; x_wconf 87' lang='lat' dir='ltr'><strong><em>sacris,</em></strong></span> <span class='ocrx_word' id='word_1_250' title='bbox 670 2067 787 2138; x_wconf 87' lang='lat' dir='ltr'><strong><em>proinde</em></strong></span> <span class='ocrx_word' id='word_1_251' title='bbox 806 2085 983 2141; x_wconf 79' lang='lat' dir='ltr'><strong><em>nequequam</em></strong></span> <span class='ocrx_word' id='word_1_252' title='bbox 1001 2088 1073 2126; x_wconf 84' lang='lat' dir='ltr'><strong><em>erra-</em></strong></span> <span class='ocrx_word' id='word_1_253' title='bbox 1101 2067 1259 2137; x_wconf 82' lang='lat' dir='ltr'><strong><em>Conspicite</em></strong></span> <span class='ocrx_word' id='word_1_254' title='bbox 1268 2087 1326 2138; x_wconf 89' lang='lat' dir='ltr'><strong><em>pro</em></strong></span> <span class='ocrx_word' id='word_1_255' title='bbox 1340 2070 1401 2122; x_wconf 89' lang='lat' dir='ltr'><strong><em>Dei</em></strong></span> <span class='ocrx_word' id='word_1_256' title='bbox 1411 2071 1577 2137; x_wconf 84' lang='lat' dir='ltr'><strong><em>reverentia,</em></strong></span> <span class='ocrx_word' id='word_1_257' title='bbox 1594 2069 1687 2138; x_wconf 87' lang='lat' dir='ltr'><strong><em>qualis</em></strong></span> <span class='ocrx_word' id='word_1_258' title='bbox 1699 2086 1733 2123; x_wconf 82' lang='lat' dir='ltr'><strong><em>ee</em></strong></span> <span class='ocrx_word' id='word_1_259' title='bbox 1744 2070 1800 2123; x_wconf 80' lang='lat' dir='ltr'><strong><em>hoc</em></strong></span> <span class='ocrx_word' id='word_1_260' title='bbox 1811 2088 1844 2124; x_wconf 87' lang='lat' dir='ltr'><strong><em>re</em></strong></span> <span class='ocrx_word' id='word_1_261' title='bbox 1857 2073 1938 2125; x_wconf 88' lang='lat' dir='ltr'><strong><em>dare·</em></strong></span> 
     </span>
     <span class='ocr_line' id='line_1_22' title="bbox 236 2152 1938 2225; baseline 0.001 -15"><span class='ocrx_word' id='word_1_262' title='bbox 236 2157 277 2210; x_wconf 83' lang='lat' dir='ltr'><strong><em>vit</em></strong></span> <span class='ocrx_word' id='word_1_263' title='bbox 300 2154 446 2212; x_wconf 88' lang='lat' dir='ltr'><strong><em>concilium</em></strong></span> <span class='ocrx_word' id='word_1_264' title='bbox 465 2153 631 2221; x_wconf 83' lang='lat' dir='ltr'><strong><em>Besiliense,</em></strong></span> <span class='ocrx_word' id='word_1_265' title='bbox 655 2152 767 2224; x_wconf 87' lang='lat' dir='ltr'><strong><em>quando</em></strong></span> <span class='ocrx_word' id='word_1_266' title='bbox 791 2154 901 2220; x_wconf 80' lang='lat' dir='ltr'><strong><em>statuit,</em></strong></span> <span class='ocrx_word' id='word_1_267' title='bbox 925 2156 1071 2210; x_wconf 87' lang='lat' dir='ltr'><strong><em>concilium</em></strong></span> <span class='ocrx_word' id='word_1_268' title='bbox 1099 2163 1146 2209; x_wconf 86' lang='lat' dir='ltr'><strong><em>tur</em></strong></span> <span class='ocrx_word' id='word_1_269' title='bbox 1159 2156 1291 2209; x_wconf 86' lang='lat' dir='ltr'><strong><em>introitus</em></strong></span> <span class='ocrx_word' id='word_1_270' title='bbox 1305 2156 1418 2210; x_wconf 88' lang='lat' dir='ltr'><strong><em>inimico</em></strong></span> <span class='ocrx_word' id='word_1_271' title='bbox 1431 2156 1547 2209; x_wconf 79' lang='lat' dir='ltr'><strong><em>humani</em></strong></span> <span class='ocrx_word' id='word_1_272' title='bbox 1557 2156 1668 2225; x_wconf 82' lang='lat' dir='ltr'><strong><em>qeneris</em></strong></span> <span class='ocrx_word' id='word_1_273' title='bbox 1676 2158 1718 2209; x_wconf 82' lang='lat' dir='ltr'><strong><em>ad</em></strong></span> <span class='ocrx_word' id='word_1_274' title='bbox 1725 2156 1938 2211; x_wconf 70' lang='lat' dir='ltr'><strong><em>miserendum</em></strong></span> 
     </span>
     <span class='ocr_line' id='line_1_23' title="bbox 237 2239 1937 2312; baseline 0.001 -16"><span class='ocrx_word' id='word_1_275' title='bbox 237 2258 296 2296; x_wconf 86' lang='lat' dir='ltr'><strong><em>esse</em></strong></span> <span class='ocrx_word' id='word_1_276' title='bbox 315 2259 404 2310; x_wconf 81' lang='lat' dir='ltr'><strong><em>supra</em></strong></span> <span class='ocrx_word' id='word_1_277' title='bbox 421 2241 588 2309; x_wconf 73' lang='lat' dir='ltr'><strong><em>pontificem,</em></strong></span> <span class='ocrx_word' id='word_1_278' title='bbox 607 2239 657 2294; x_wconf 87' lang='lat' dir='ltr'><strong><em>aed</em></strong></span> <span class='ocrx_word' id='word_1_279' title='bbox 674 2239 815 2293; x_wconf 86' lang='lat' dir='ltr'><strong><em>Romanus</em></strong></span> <span class='ocrx_word' id='word_1_280' title='bbox 833 2239 957 2310; x_wconf 82' lang='lat' dir='ltr'><strong><em>pontifex</em></strong></span> <span class='ocrx_word' id='word_1_281' title='bbox 975 2242 1072 2298; x_wconf 80' lang='lat' dir='ltr'><strong><em>intole-</em></strong></span> <span class='ocrx_word' id='word_1_282' title='bbox 1099 2241 1262 2309; x_wconf 85' lang='lat' dir='ltr'><strong><em>reliqionem</em></strong></span> <span class='ocrx_word' id='word_1_283' title='bbox 1277 2242 1478 2312; x_wconf 78' lang='lat' dir='ltr'><strong><em>Christianam,</em></strong></span> <span class='ocrx_word' id='word_1_284' title='bbox 1497 2243 1564 2296; x_wconf 81' lang='lat' dir='ltr'><strong><em>sium</em></strong></span> <span class='ocrx_word' id='word_1_285' title='bbox 1581 2244 1743 2297; x_wconf 82' lang='lat' dir='ltr'><strong><em>seducendo</em></strong></span> <span class='ocrx_word' id='word_1_286' title='bbox 1753 2260 1842 2306; x_wconf 81' lang='lat' dir='ltr'><strong><em>unum</em></strong></span> <span class='ocrx_word' id='word_1_287' title='bbox 1853 2244 1937 2298; x_wconf 81' lang='lat' dir='ltr'><strong><em>homi·</em></strong></span> 
     </span>
     <span class='ocr_line' id='line_1_24' title="bbox 237 2325 1937 2397; baseline 0 -14"><span class='ocrx_word' id='word_1_288' title='bbox 237 2327 332 2384; x_wconf 88' lang='lat' dir='ltr'><strong><em>rabilis</em></strong></span> <span class='ocrx_word' id='word_1_289' title='bbox 350 2325 507 2382; x_wconf 75' lang='lat' dir='ltr'><strong><em>ambitionis</em></strong></span> <span class='ocrx_word' id='word_1_290' title='bbox 527 2343 588 2380; x_wconf 90' lang='lat' dir='ltr'><strong><em>sese</em></strong></span> <span class='ocrx_word' id='word_1_291' title='bbox 605 2343 683 2381; x_wconf 90' lang='lat' dir='ltr'><strong><em>reum</em></strong></span> <span class='ocrx_word' id='word_1_292' title='bbox 698 2326 817 2397; x_wconf 84' lang='lat' dir='ltr'><strong><em>peragit,</em></strong></span> <span class='ocrx_word' id='word_1_293' title='bbox 835 2327 946 2397; x_wconf 88' lang='lat' dir='ltr'><strong><em>quando</em></strong></span> <span class='ocrx_word' id='word_1_294' title='bbox 962 2327 1014 2384; x_wconf 90' lang='lat' dir='ltr'><strong><em>boc</em></strong></span> <span class='ocrx_word' id='word_1_295' title='bbox 1027 2329 1072 2385; x_wconf 91' lang='lat' dir='ltr'><strong><em>de·</em></strong></span> <span class='ocrx_word' id='word_1_296' title='bbox 1099 2343 1161 2380; x_wconf 88' lang='lat' dir='ltr'><strong><em>nem</em></strong></span> <span class='ocrx_word' id='word_1_297' title='bbox 1169 2335 1266 2397; x_wconf 88' lang='lat' dir='ltr'><strong><em>posset</em></strong></span> <span class='ocrx_word' id='word_1_298' title='bbox 1277 2327 1519 2382; x_wconf 70' lang='lat' dir='ltr'><strong><em>Christianitatem</em></strong></span> <span class='ocrx_word' id='word_1_299' title='bbox 1531 2329 1560 2381; x_wconf 87' lang='lat' dir='ltr'><strong><em>in</em></strong></span> <span class='ocrx_word' id='word_1_300' title='bbox 1571 2329 1722 2382; x_wconf 63' lang='lat' dir='ltr'><strong><em>mamam</em></strong></span> <span class='ocrx_word' id='word_1_301' title='bbox 1733 2329 1937 2384; x_wconf 85' lang='lat' dir='ltr'><strong><em>desolationem</em></strong></span> 
     </span>
     <span class='ocr_line' id='line_1_25' title="bbox 237 2411 1936 2486; baseline -0.001 -16"><span class='ocrx_word' id='word_1_302' title='bbox 237 2422 343 2470; x_wconf 88' lang='lat' dir='ltr'><strong><em>cretum</em></strong></span> <span class='ocrx_word' id='word_1_303' title='bbox 369 2412 477 2469; x_wconf 89' lang='lat' dir='ltr'><strong><em>concilii</em></strong></span> <span class='ocrx_word' id='word_1_304' title='bbox 501 2411 645 2482; x_wconf 81' lang='lat' dir='ltr'><strong><em>improbat</em></strong></span> <span class='ocrx_word' id='word_1_305' title='bbox 686 2412 872 2468; x_wconf 87' lang='lat' dir='ltr'><strong><em>Bellerminus</em></strong></span> <span class='ocrx_word' id='word_1_306' title='bbox 896 2414 956 2486; x_wconf 91' lang='lat' dir='ltr'><strong><em>ipse</em></strong></span> <span class='ocrx_word' id='word_1_307' title='bbox 980 2415 1029 2472; x_wconf 88' lang='lat' dir='ltr'><strong><em>lib.</em></strong></span> <span class='ocrx_word' id='word_1_308' title='bbox 1048 2422 1072 2472; x_wconf 79' lang='lat'><strong><em>2.</em></strong></span> <span class='ocrx_word' id='word_1_309' title='bbox 1100 2413 1230 2483; x_wconf 81' lang='lat' dir='ltr'><strong><em>dejicere,</em></strong></span> <span class='ocrx_word' id='word_1_310' title='bbox 1250 2429 1342 2467; x_wconf 91' lang='lat' dir='ltr'><strong><em>mores</em></strong></span> <span class='ocrx_word' id='word_1_311' title='bbox 1358 2422 1525 2483; x_wconf 81' lang='lat' dir='ltr'><strong><em>pervertere,</em></strong></span> <span class='ocrx_word' id='word_1_312' title='bbox 1544 2432 1664 2469; x_wconf 86' lang='lat' dir='ltr'><strong><em>canones</em></strong></span> <span class='ocrx_word' id='word_1_313' title='bbox 1682 2423 1709 2469; x_wconf 91' lang='lat' dir='ltr'><strong><em>et</em></strong></span> <span class='ocrx_word' id='word_1_314' title='bbox 1725 2415 1843 2484; x_wconf 80' lang='lat' dir='ltr'><strong><em>requies</em></strong></span> <span class='ocrx_word' id='word_1_315' title='bbox 1855 2433 1936 2485; x_wconf 88' lang='lat' dir='ltr'><strong><em>quas-</em></strong></span> 
     </span>
     <span class='ocr_line' id='line_1_26' title="bbox 238 2496 1935 2573; baseline 0.001 -18"><span class='ocrx_word' id='word_1_316' title='bbox 238 2519 262 2557; x_wconf 91' lang='lat' dir='ltr'><strong><em>c.</em></strong></span> <span class='ocrx_word' id='word_1_317' title='bbox 295 2505 334 2557; x_wconf 79' lang='lat' dir='ltr'><strong><em>tt.</em></strong></span> <span class='ocrx_word' id='word_1_318' title='bbox 361 2496 388 2573; x_wconf 60' lang='grc' dir='ltr'><strong><em>ὅ.</em></strong></span> <span class='ocrx_word' id='word_1_319' title='bbox 415 2499 451 2554; x_wconf 88' lang='lat' dir='ltr'><strong><em>ad</em></strong></span> <span class='ocrx_word' id='word_1_320' title='bbox 477 2499 552 2553; x_wconf 88' lang='lat' dir='ltr'><strong><em>bunc</em></strong></span> <span class='ocrx_word' id='word_1_321' title='bbox 578 2498 681 2569; x_wconf 88' lang='lat' dir='ltr'><strong><em>lecum,</em></strong></span> <span class='ocrx_word' id='word_1_322' title='bbox 708 2517 762 2554; x_wconf 91' lang='lat' dir='ltr'><strong><em>non</em></strong></span> <span class='ocrx_word' id='word_1_323' title='bbox 785 2501 871 2555; x_wconf 89' lang='lat' dir='ltr'><strong><em>audet</em></strong></span> <span class='ocrx_word' id='word_1_324' title='bbox 893 2501 955 2557; x_wconf 92' lang='lat' dir='ltr'><strong><em>illos</em></strong></span> <span class='ocrx_word' id='word_1_325' title='bbox 973 2519 1073 2559; x_wconf 83' lang='lat' dir='ltr'><strong><em>vocare</em></strong></span> <span class='ocrx_word' id='word_1_326' title='bbox 1099 2499 1311 2569; x_wconf 77' lang='lat' dir='ltr'><strong><em>quedismpare</em></strong></span> <span class='ocrx_word' id='word_1_327' title='bbox 1329 2500 1646 2570; x_wconf 59' lang='lat' dir='ltr'><strong><em>anastasiamque</em></strong></span> <span class='ocrx_word' id='word_1_328' title='bbox 1659 2501 1935 2570; x_wconf 85' lang='lat' dir='ltr'><strong><em>etproeinciaseon·</em></strong></span> 
     </span>
     <span class='ocr_line' id='line_1_27' title="bbox 237 2585 1934 2658; baseline 0.001 -18"><span class='ocrx_word' id='word_1_329' title='bbox 237 2587 407 2656; x_wconf 85' lang='lat' dir='ltr'><strong><em>haereticos,</em></strong></span> <span class='ocrx_word' id='word_1_330' title='bbox 432 2585 480 2655; x_wconf 87' lang='lat' dir='ltr'><strong><em>qni</em></strong></span> <span class='ocrx_word' id='word_1_331' title='bbox 504 2585 672 2640; x_wconf 85' lang='lat' dir='ltr'><strong><em>contrarium</em></strong></span> <span class='ocrx_word' id='word_1_332' title='bbox 688 2590 827 2653; x_wconf 88' lang='lat' dir='ltr'><strong><em>statuunt,</em></strong></span> <span class='ocrx_word' id='word_1_333' title='bbox 852 2603 916 2641; x_wconf 91' lang='lat' dir='ltr'><strong><em>cum</em></strong></span> <span class='ocrx_word' id='word_1_334' title='bbox 928 2589 1073 2657; x_wconf 85' lang='lat' dir='ltr'><strong><em>primatus</em></strong></span> <span class='ocrx_word' id='word_1_335' title='bbox 1098 2586 1220 2653; x_wconf 84' lang='lat' dir='ltr'><strong><em>turbore,</em></strong></span> <span class='ocrx_word' id='word_1_336' title='bbox 1238 2603 1272 2639; x_wconf 90' lang='lat' dir='ltr'><strong><em>ac</em></strong></span> <span class='ocrx_word' id='word_1_337' title='bbox 1290 2586 1369 2641; x_wconf 82' lang='lat' dir='ltr'><strong><em>lonis</em></strong></span> <span class='ocrx_word' id='word_1_338' title='bbox 1385 2585 1583 2655; x_wconf 83' lang='lat' dir='ltr'><strong><em>spiritualibus</em></strong></span> <span class='ocrx_word' id='word_1_339' title='bbox 1603 2593 1630 2640; x_wconf 87' lang='lat' dir='ltr'><strong><em>et</em></strong></span> <span class='ocrx_word' id='word_1_340' title='bbox 1648 2586 1854 2654; x_wconf 76' lang='lat' dir='ltr'><strong><em>temporalibus</em></strong></span> <span class='ocrx_word' id='word_1_341' title='bbox 1871 2605 1934 2658; x_wconf 89' lang='lat' dir='ltr'><strong><em>spo·</em></strong></span> 
     </span>
     <span class='ocr_line' id='line_1_28' title="bbox 232 2672 1933 2747; baseline -0.001 -17"><span class='ocrx_word' id='word_1_342' title='bbox 232 2673 377 2744; x_wconf 79' lang='lat' dir='ltr'><strong><em>pontificis</em></strong></span> <span class='ocrx_word' id='word_1_343' title='bbox 401 2690 491 2741; x_wconf 86' lang='lat' dir='ltr'><strong><em>supro</em></strong></span> <span class='ocrx_word' id='word_1_344' title='bbox 512 2672 661 2727; x_wconf 84' lang='lat' dir='ltr'><strong><em>concilium</em></strong></span> <span class='ocrx_word' id='word_1_345' title='bbox 685 2690 741 2728; x_wconf 90' lang='lat' dir='ltr'><strong><em>non</em></strong></span> <span class='ocrx_word' id='word_1_346' title='bbox 764 2674 801 2727; x_wconf 87' lang='lat' dir='ltr'><strong><em>sit</em></strong></span> <span class='ocrx_word' id='word_1_347' title='bbox 817 2676 949 2743; x_wconf 55' lang='lat' dir='ltr'><strong><em>&amp;finnus</em></strong></span> <span class='ocrx_word' id='word_1_348' title='bbox 967 2677 997 2728; x_wconf 88' lang='lat' dir='ltr'><strong><em>in</em></strong></span> <span class='ocrx_word' id='word_1_349' title='bbox 1011 2677 1072 2730; x_wconf 90' lang='lat' dir='ltr'><strong><em>ullo</em></strong></span> <span class='ocrx_word' id='word_1_350' title='bbox 1098 2672 1172 2726; x_wconf 88' lang='lat' dir='ltr'><strong><em>liare</em></strong></span> <span class='ocrx_word' id='word_1_351' title='bbox 1194 2672 1377 2743; x_wconf 71' lang='lat' dir='ltr'><strong><em>nitiommque</em></strong></span> <span class='ocrx_word' id='word_1_352' title='bbox 1403 2672 1603 2747; x_wconf 83' lang='lat' dir='ltr'><strong><em>immanitatem</em></strong></span> <span class='ocrx_word' id='word_1_353' title='bbox 1631 2673 1817 2728; x_wconf 82' lang='lat' dir='ltr'><strong><em>introducere.</em></strong></span> <span class='ocrx_word' id='word_1_354' title='bbox 1860 2675 1933 2744; x_wconf 79' lang='lat' dir='ltr'><strong><em>Ape·</em></strong></span> 
     </span>
     <span class='ocr_line' id='line_1_29' title="bbox 236 2758 1933 2831; baseline 0.002 -18"><span class='ocrx_word' id='word_1_355' title='bbox 236 2759 412 2827; x_wconf 64' lang='lat' dir='ltr'><strong><em>conciliant</em></strong></span> <span class='ocrx_word' id='word_1_356' title='bbox 425 2760 487 2827; x_wconf 82' lang='lat' dir='ltr'><strong><em>ficte</em></strong></span> <span class='ocrx_word' id='word_1_357' title='bbox 505 2758 645 2811; x_wconf 80' lang='lat' dir='ltr'><strong><em>catholico</em></strong></span> <span class='ocrx_word' id='word_1_358' title='bbox 663 2759 799 2813; x_wconf 88' lang='lat' dir='ltr'><strong><em>tenendus</em></strong></span> <span class='ocrx_word' id='word_1_359' title='bbox 841 2759 975 2831; x_wconf 85' lang='lat' dir='ltr'><strong><em>Tbeclogi</em></strong></span> <span class='ocrx_word' id='word_1_360' title='bbox 995 2761 1072 2816; x_wconf 87' lang='lat' dir='ltr'><strong><em>Pari-</em></strong></span> <span class='ocrx_word' id='word_1_361' title='bbox 1098 2761 1152 2812; x_wconf 84' lang='lat' dir='ltr'><strong><em>rite</em></strong></span> <span class='ocrx_word' id='word_1_362' title='bbox 1173 2760 1269 2814; x_wconf 66' lang='lat' dir='ltr'><strong><em>oculos</em></strong></span> <span class='ocrx_word' id='word_1_363' title='bbox 1285 2766 1310 2812; x_wconf 89' lang='lat' dir='ltr'><strong><em>et</em></strong></span> <span class='ocrx_word' id='word_1_364' title='bbox 1327 2760 1431 2829; x_wconf 85' lang='lat' dir='ltr'><strong><em>uidete,</em></strong></span> <span class='ocrx_word' id='word_1_365' title='bbox 1456 2759 1549 2827; x_wconf 78' lang='lat' dir='ltr'><strong><em>qssalr&#39;s</em></strong></span> <span class='ocrx_word' id='word_1_366' title='bbox 1569 2775 1602 2812; x_wconf 85' lang='lat' dir='ltr'><strong><em>ee</em></strong></span> <span class='ocrx_word' id='word_1_367' title='bbox 1619 2759 1671 2813; x_wconf 84' lang='lat' dir='ltr'><strong><em>luoc</em></strong></span> <span class='ocrx_word' id='word_1_368' title='bbox 1690 2761 1809 2814; x_wconf 85' lang='lat' dir='ltr'><strong><em>daretur</em></strong></span> <span class='ocrx_word' id='word_1_369' title='bbox 1828 2760 1933 2831; x_wconf 80' lang='lat' dir='ltr'><strong><em>inpres-</em></strong></span> 
     </span>
     <span class='ocr_line' id='line_1_30' title="bbox 236 2842 1934 2915; baseline 0.002 -15"><span class='ocrx_word' id='word_1_370' title='bbox 236 2846 339 2900; x_wconf 90' lang='lat' dir='ltr'><strong><em>sienses</em></strong></span> <span class='ocrx_word' id='word_1_371' title='bbox 363 2842 476 2914; x_wconf 89' lang='lat' dir='ltr'><strong><em>publico</em></strong></span> <span class='ocrx_word' id='word_1_372' title='bbox 493 2843 596 2913; x_wconf 82' lang='lat' dir='ltr'><strong><em>scripto</em></strong></span> <span class='ocrx_word' id='word_1_373' title='bbox 616 2844 725 2897; x_wconf 87' lang='lat' dir='ltr'><strong><em>concilii</em></strong></span> <span class='ocrx_word' id='word_1_374' title='bbox 743 2845 905 2899; x_wconf 87' lang='lat' dir='ltr'><strong><em>Basilieneis</em></strong></span> <span class='ocrx_word' id='word_1_375' title='bbox 922 2848 1072 2902; x_wconf 88' lang='lat' dir='ltr'><strong><em>auctorite·</em></strong></span> <span class='ocrx_word' id='word_1_376' title='bbox 1098 2864 1146 2899; x_wconf 84' lang='lat' dir='ltr'><strong><em>sus</em></strong></span> <span class='ocrx_word' id='word_1_377' title='bbox 1158 2844 1342 2909; x_wconf 69' lang='lat' dir='ltr'><strong><em>Antichristo,</em></strong></span> <span class='ocrx_word' id='word_1_378' title='bbox 1360 2847 1413 2898; x_wconf 86' lang='lat' dir='ltr'><strong><em>sed</em></strong></span> <span class='ocrx_word' id='word_1_379' title='bbox 1430 2853 1456 2899; x_wconf 90' lang='lat' dir='ltr'><strong><em>et</em></strong></span> <span class='ocrx_word' id='word_1_380' title='bbox 1473 2846 1656 2915; x_wconf 85' lang='lat' dir='ltr'><strong><em>considerate,</em></strong></span> <span class='ocrx_word' id='word_1_381' title='bbox 1674 2849 1815 2914; x_wconf 76' lang='lat' dir='ltr'><strong><em>quomodo</em></strong></span> <span class='ocrx_word' id='word_1_382' title='bbox 1836 2864 1873 2901; x_wconf 91' lang='lat' dir='ltr'><strong><em>ea</em></strong></span> <span class='ocrx_word' id='word_1_383' title='bbox 1890 2865 1934 2903; x_wconf 86' lang='lat' dir='ltr'><strong><em>res</em></strong></span> 
     </span>
     <span class='ocr_line' id='line_1_31' title="bbox 236 2930 1933 3011; baseline 0 -25"><span class='ocrx_word' id='word_1_384' title='bbox 236 2940 291 2987; x_wconf 79' lang='lat' dir='ltr'><strong><em>tem</em></strong></span> <span class='ocrx_word' id='word_1_385' title='bbox 311 2930 508 2997; x_wconf 83' lang='lat' dir='ltr'><strong><em>defenderunt,</em></strong></span> <span class='ocrx_word' id='word_1_386' title='bbox 527 2945 579 3011; x_wconf 70' lang='lat' dir='ltr'><strong><em>neq</em></strong></span> <span class='ocrx_word' id='word_1_387' title='bbox 598 2934 690 2999; x_wconf 82' lang='lat' dir='ltr'><strong><em>potest</em></strong></span> <span class='ocrx_word' id='word_1_388' title='bbox 707 2931 812 3000; x_wconf 87' lang='lat' dir='ltr'><strong><em>negari,</em></strong></span> <span class='ocrx_word' id='word_1_389' title='bbox 831 2931 943 2987; x_wconf 86' lang='lat' dir='ltr'><strong><em>decreta</em></strong></span> <span class='ocrx_word' id='word_1_390' title='bbox 962 2933 1070 2987; x_wconf 88' lang='lat' dir='ltr'><strong><em>concilii</em></strong></span> <span class='ocrx_word' id='word_1_391' title='bbox 1098 2933 1183 2994; x_wconf 80' lang='lat' dir='ltr'><strong><em>fidem</em></strong></span> <span class='ocrx_word' id='word_1_392' title='bbox 1206 2930 1373 2984; x_wconf 77' lang='lat' dir='ltr'><strong><em>catholicam</em></strong></span> <span class='ocrx_word' id='word_1_393' title='bbox 1396 2933 1582 2996; x_wconf 80' lang='lat' dir='ltr'><strong><em>confunderet</em></strong></span> <span class='ocrx_word' id='word_1_394' title='bbox 1601 2939 1685 3002; x_wconf 86' lang='lat' dir='ltr'><strong><em>atque</em></strong></span> <span class='ocrx_word' id='word_1_395' title='bbox 1708 2932 1840 2997; x_wconf 84' lang='lat' dir='ltr'><strong><em>violaret,</em></strong></span> <span class='ocrx_word' id='word_1_396' title='bbox 1864 2951 1933 3004; x_wconf 86' lang='lat' dir='ltr'><strong><em>quac</em></strong></span> 
     </span>
     <span class='ocr_line' id='line_1_32' title="bbox 235 3014 1933 3093; baseline 0.001 -21"><span class='ocrx_word' id='word_1_397' title='bbox 235 3020 308 3073; x_wconf 83' lang='lat' dir='ltr'><strong><em>illins</em></strong></span> <span class='ocrx_word' id='word_1_398' title='bbox 327 3035 345 3072; x_wconf 88' lang='lat' dir='ltr'><strong><em>a</em></strong></span> <span class='ocrx_word' id='word_1_399' title='bbox 361 3015 477 3072; x_wconf 87' lang='lat' dir='ltr'><strong><em>Nicolao</em></strong></span> <span class='ocrx_word' id='word_1_400' title='bbox 496 3014 531 3071; x_wconf 89' lang='lat' dir='ltr'><strong><em>V.</em></strong></span> <span class='ocrx_word' id='word_1_401' title='bbox 550 3033 610 3070; x_wconf 86' lang='lat' dir='ltr'><strong><em>esse</em></strong></span> <span class='ocrx_word' id='word_1_402' title='bbox 628 3014 797 3080; x_wconf 87' lang='lat' dir='ltr'><strong><em>confirmate,</em></strong></span> <span class='ocrx_word' id='word_1_403' title='bbox 816 3022 847 3071; x_wconf 91' lang='lat' dir='ltr'><strong><em>ut</em></strong></span> <span class='ocrx_word' id='word_1_404' title='bbox 866 3034 899 3072; x_wconf 84' lang='lat' dir='ltr'><strong><em>ex</em></strong></span> <span class='ocrx_word' id='word_1_405' title='bbox 916 3018 994 3074; x_wconf 89' lang='lat' dir='ltr'><strong><em>bulla</em></strong></span> <span class='ocrx_word' id='word_1_406' title='bbox 1011 3021 1072 3090; x_wconf 88' lang='lat' dir='ltr'><strong><em>ejus</em></strong></span> <span class='ocrx_word' id='word_1_407' title='bbox 1100 3027 1139 3072; x_wconf 88' lang='lat' dir='ltr'><strong><em>est</em></strong></span> <span class='ocrx_word' id='word_1_408' title='bbox 1153 3020 1279 3088; x_wconf 88' lang='lat' dir='ltr'><strong><em>primum</em></strong></span> <span class='ocrx_word' id='word_1_409' title='bbox 1295 3021 1511 3084; x_wconf 81' lang='lat' dir='ltr'><strong><em>fundamentum</em></strong></span> <span class='ocrx_word' id='word_1_410' title='bbox 1529 3020 1711 3074; x_wconf 87' lang='lat' dir='ltr'><strong><em>ecclesiastici</em></strong></span> <span class='ocrx_word' id='word_1_411' title='bbox 1727 3022 1864 3092; x_wconf 70' lang='lat' dir='ltr'><strong><em>aedificii,</em></strong></span> <span class='ocrx_word' id='word_1_412' title='bbox 1881 3041 1933 3093; x_wconf 84' lang='lat' dir='ltr'><strong><em>quo</em></strong></span> 
     </span>
     <span class='ocr_line' id='line_1_33' title="bbox 236 3102 1934 3180; baseline 0.002 -20"><span class='ocrx_word' id='word_1_413' title='bbox 236 3105 326 3160; x_wconf 75' lang='lat' dir='ltr'><strong><em>eidem</em></strong></span> <span class='ocrx_word' id='word_1_414' title='bbox 344 3102 462 3157; x_wconf 89' lang='lat' dir='ltr'><strong><em>coneilio</em></strong></span> <span class='ocrx_word' id='word_1_415' title='bbox 479 3118 587 3156; x_wconf 77' lang='lat' dir='ltr'><strong><em>annexa</em></strong></span> <span class='ocrx_word' id='word_1_416' title='bbox 604 3108 729 3172; x_wconf 89' lang='lat' dir='ltr'><strong><em>apparet,</em></strong></span> <span class='ocrx_word' id='word_1_417' title='bbox 749 3104 793 3157; x_wconf 89' lang='lat' dir='ltr'><strong><em>cui</em></strong></span> <span class='ocrx_word' id='word_1_418' title='bbox 810 3102 911 3175; x_wconf 83' lang='lat' dir='ltr'><strong><em>frigide</em></strong></span> <span class='ocrx_word' id='word_1_419' title='bbox 930 3105 1073 3176; x_wconf 87' lang='lat' dir='ltr'><strong><em>respondit</em></strong></span> <span class='ocrx_word' id='word_1_420' title='bbox 1099 3123 1194 3161; x_wconf 81' lang='lat' dir='ltr'><strong><em>euerm</em></strong></span> <span class='ocrx_word' id='word_1_421' title='bbox 1219 3106 1313 3160; x_wconf 87' lang='lat' dir='ltr'><strong><em>omnin</em></strong></span> <span class='ocrx_word' id='word_1_422' title='bbox 1337 3114 1481 3161; x_wconf 87' lang='lat' dir='ltr'><strong><em>corruunt.</em></strong></span> <span class='ocrx_word' id='word_1_423' title='bbox 1515 3105 1593 3161; x_wconf 87' lang='lat' dir='ltr'><strong><em>Haec</em></strong></span> <span class='ocrx_word' id='word_1_424' title='bbox 1615 3106 1655 3160; x_wconf 92' lang='lat' dir='ltr'><strong><em>illi</em></strong></span> <span class='ocrx_word' id='word_1_425' title='bbox 1680 3114 1709 3161; x_wconf 89' lang='lat' dir='ltr'><strong><em>et</em></strong></span> <span class='ocrx_word' id='word_1_426' title='bbox 1725 3105 1830 3161; x_wconf 87' lang='lat' dir='ltr'><strong><em>ibidem</em></strong></span> <span class='ocrx_word' id='word_1_427' title='bbox 1851 3107 1934 3180; x_wconf 87' lang='lat' dir='ltr'><strong><em>longe</em></strong></span> 
     </span>
     <span class='ocr_line' id='line_1_34' title="bbox 236 3188 1933 3263; baseline 0.002 -17"><span class='ocrx_word' id='word_1_428' title='bbox 236 3189 421 3247; x_wconf 77' lang='lat' dir='ltr'><strong><em>Bellarminas</em></strong></span> <span class='ocrx_word' id='word_1_429' title='bbox 447 3188 494 3244; x_wconf 92' lang='lat' dir='ltr'><strong><em>lib.</em></strong></span> <span class='ocrx_word' id='word_1_430' title='bbox 522 3194 546 3243; x_wconf 81' lang='grc'><strong><em>2.</em></strong></span> <span class='ocrx_word' id='word_1_431' title='bbox 574 3188 609 3243; x_wconf 93' lang='lat' dir='ltr'><strong><em>de</em></strong></span> <span class='ocrx_word' id='word_1_432' title='bbox 637 3188 734 3244; x_wconf 89' lang='lat' dir='ltr'><strong><em>concil.</em></strong></span> <span class='ocrx_word' id='word_1_433' title='bbox 763 3206 787 3245; x_wconf 90' lang='lat' dir='ltr'><strong><em>e.</em></strong></span> <span class='ocrx_word' id='word_1_434' title='bbox 818 3195 857 3245; x_wconf 84' lang='lat'><strong><em>19.</em></strong></span> <span class='ocrx_word' id='word_1_435' title='bbox 886 3190 961 3246; x_wconf 87' lang='lat' dir='ltr'><strong><em>eirca</em></strong></span> <span class='ocrx_word' id='word_1_436' title='bbox 980 3191 1072 3262; x_wconf 83' lang='lat' dir='ltr'><strong><em>finem,</em></strong></span> <span class='ocrx_word' id='word_1_437' title='bbox 1098 3192 1195 3263; x_wconf 86' lang='lat' dir='ltr'><strong><em>plura,</em></strong></span> <span class='ocrx_word' id='word_1_438' title='bbox 1221 3192 1249 3246; x_wconf 90' lang='lat' dir='ltr'><strong><em>in</em></strong></span> <span class='ocrx_word' id='word_1_439' title='bbox 1274 3193 1376 3263; x_wconf 85' lang='lat' dir='ltr'><strong><em>quibus</em></strong></span> <span class='ocrx_word' id='word_1_440' title='bbox 1393 3193 1480 3263; x_wconf 90' lang='lat' dir='ltr'><strong><em>probe</em></strong></span> <span class='ocrx_word' id='word_1_441' title='bbox 1499 3197 1625 3256; x_wconf 86' lang='lat' dir='ltr'><strong><em>notetur,</em></strong></span> <span class='ocrx_word' id='word_1_442' title='bbox 1652 3191 1797 3247; x_wconf 87' lang='lat' dir='ltr'><strong><em>ecclesiam</em></strong></span> <span class='ocrx_word' id='word_1_443' title='bbox 1816 3192 1933 3250; x_wconf 87' lang='lat' dir='ltr'><strong><em>Romani</em></strong></span> 
     </span>
     <span class='ocr_line' id='line_1_35' title="bbox 235 3277 1933 3351; baseline 0.002 -19"><span class='ocrx_word' id='word_1_444' title='bbox 235 3279 386 3332; x_wconf 86' lang='lat' dir='ltr'><strong><em>Nicolaum</em></strong></span> <span class='ocrx_word' id='word_1_445' title='bbox 406 3294 438 3329; x_wconf 80' lang='lat' dir='ltr'><strong><em>ee</em></strong></span> <span class='ocrx_word' id='word_1_446' title='bbox 452 3285 539 3344; x_wconf 86' lang='lat' dir='ltr'><strong><em>perte</em></strong></span> <span class='ocrx_word' id='word_1_447' title='bbox 557 3277 905 3347; x_wconf 79' lang='lat' dir='ltr'><strong><em>solumillacpprobusee,</em></strong></span> <span class='ocrx_word' id='word_1_448' title='bbox 925 3278 986 3349; x_wconf 91' lang='lat' dir='ltr'><strong><em>quis</em></strong></span> <span class='ocrx_word' id='word_1_449' title='bbox 1000 3279 1072 3333; x_wconf 90' lang='lat' dir='ltr'><strong><em>enim</em></strong></span> <span class='ocrx_word' id='word_1_450' title='bbox 1099 3278 1237 3349; x_wconf 83' lang='lat' dir='ltr'><strong><em>pontificis</em></strong></span> <span class='ocrx_word' id='word_1_451' title='bbox 1262 3279 1333 3349; x_wconf 88' lang='lat' dir='ltr'><strong><em>jugo</em></strong></span> <span class='ocrx_word' id='word_1_452' title='bbox 1359 3295 1520 3351; x_wconf 86' lang='lat' dir='ltr'><strong><em>oppressam</em></strong></span> <span class='ocrx_word' id='word_1_453' title='bbox 1548 3278 1670 3350; x_wconf 81' lang='lat' dir='ltr'><strong><em>graviter</em></strong></span> <span class='ocrx_word' id='word_1_454' title='bbox 1692 3279 1876 3349; x_wconf 84' lang='lat' dir='ltr'><strong><em>ingemuisse,</em></strong></span> <span class='ocrx_word' id='word_1_455' title='bbox 1902 3297 1933 3336; x_wconf 89' lang='lat' dir='ltr'><strong><em>ac</em></strong></span> 
     </span>
     <span class='ocr_line' id='line_1_36' title="bbox 234 3361 1932 3436; baseline 0.002 -18"><span class='ocrx_word' id='word_1_456' title='bbox 234 3364 412 3436; x_wconf 88' lang='lat' dir='ltr'><strong><em>pontificibus</em></strong></span> <span class='ocrx_word' id='word_1_457' title='bbox 443 3362 521 3417; x_wconf 90' lang='lat' dir='ltr'><strong><em>dedit</em></strong></span> <span class='ocrx_word' id='word_1_458' title='bbox 551 3361 626 3416; x_wconf 90' lang='lat' dir='ltr'><strong><em>illam</em></strong></span> <span class='ocrx_word' id='word_1_459' title='bbox 655 3368 834 3432; x_wconf 84' lang='lat' dir='ltr'><strong><em>potestatem,</em></strong></span> <span class='ocrx_word' id='word_1_460' title='bbox 867 3372 898 3418; x_wconf 87' lang='lat' dir='ltr'><strong><em>ut</em></strong></span> <span class='ocrx_word' id='word_1_461' title='bbox 926 3365 1072 3420; x_wconf 89' lang='lat' dir='ltr'><strong><em>concilium</em></strong></span> <span class='ocrx_word' id='word_1_462' title='bbox 1098 3363 1254 3419; x_wconf 87' lang='lat' dir='ltr'><strong><em>testimonio</em></strong></span> <span class='ocrx_word' id='word_1_463' title='bbox 1278 3364 1387 3419; x_wconf 91' lang='lat' dir='ltr'><strong><em>illorum</em></strong></span> <span class='ocrx_word' id='word_1_464' title='bbox 1410 3371 1522 3435; x_wconf 87' lang='lat' dir='ltr'><strong><em>patrum</em></strong></span> <span class='ocrx_word' id='word_1_465' title='bbox 1545 3363 1629 3419; x_wconf 88' lang='lat' dir='ltr'><strong><em>fidem</em></strong></span> <span class='ocrx_word' id='word_1_466' title='bbox 1656 3363 1823 3419; x_wconf 80' lang='lat' dir='ltr'><strong><em>catholicam</em></strong></span> <span class='ocrx_word' id='word_1_467' title='bbox 1849 3366 1932 3422; x_wconf 81' lang='lat' dir='ltr'><strong><em>riolh·</em></strong></span> 
     </span>
     <span class='ocr_line' id='line_1_37' title="bbox 234 3448 1932 3524; baseline 0.002 -20"><span class='ocrx_word' id='word_1_468' title='bbox 234 3451 354 3523; x_wconf 87' lang='lat' dir='ltr'><strong><em>probent</em></strong></span> <span class='ocrx_word' id='word_1_469' title='bbox 378 3467 410 3504; x_wconf 86' lang='lat' dir='ltr'><strong><em>ex</em></strong></span> <span class='ocrx_word' id='word_1_470' title='bbox 436 3456 515 3520; x_wconf 87' lang='lat' dir='ltr'><strong><em>parte</em></strong></span> <span class='ocrx_word' id='word_1_471' title='bbox 539 3466 609 3516; x_wconf 89' lang='lat' dir='ltr'><strong><em>una,</em></strong></span> <span class='ocrx_word' id='word_1_472' title='bbox 635 3467 690 3520; x_wconf 91' lang='lat' dir='ltr'><strong><em>qua</em></strong></span> <span class='ocrx_word' id='word_1_473' title='bbox 711 3450 765 3504; x_wconf 90' lang='lat' dir='ltr'><strong><em>illis</em></strong></span> <span class='ocrx_word' id='word_1_474' title='bbox 782 3450 888 3523; x_wconf 81' lang='lat' dir='ltr'><strong><em>placet,</em></strong></span> <span class='ocrx_word' id='word_1_475' title='bbox 916 3450 1073 3522; x_wconf 89' lang='lat' dir='ltr'><strong><em>improbent</em></strong></span> <span class='ocrx_word' id='word_1_476' title='bbox 1099 3458 1156 3505; x_wconf 87' lang='lat' dir='ltr'><strong><em>tam</em></strong></span> <span class='ocrx_word' id='word_1_477' title='bbox 1175 3456 1204 3504; x_wconf 88' lang='lat' dir='ltr'><strong><em>et</em></strong></span> <span class='ocrx_word' id='word_1_478' title='bbox 1222 3448 1382 3503; x_wconf 86' lang='lat' dir='ltr'><strong><em>subversam</em></strong></span> <span class='ocrx_word' id='word_1_479' title='bbox 1401 3449 1435 3503; x_wconf 88' lang='lat' dir='ltr'><strong><em>iri</em></strong></span> <span class='ocrx_word' id='word_1_480' title='bbox 1453 3466 1486 3503; x_wconf 89' lang='lat' dir='ltr'><strong><em>ac</em></strong></span> <span class='ocrx_word' id='word_1_481' title='bbox 1503 3448 1677 3506; x_wconf 87' lang='lat' dir='ltr'><strong><em>Antichristo</em></strong></span> <span class='ocrx_word' id='word_1_482' title='bbox 1697 3451 1771 3505; x_wconf 68' lang='lat' dir='ltr'><strong><em>mam</em></strong></span> <span class='ocrx_word' id='word_1_483' title='bbox 1789 3452 1892 3524; x_wconf 86' lang='lat' dir='ltr'><strong><em>parari,</em></strong></span> <span class='ocrx_word' id='word_1_484' title='bbox 1910 3451 1932 3507; x_wconf 88' lang='lat' dir='ltr'><strong><em>si</em></strong></span> 
     </span>
     <span class='ocr_line' id='line_1_38' title="bbox 236 3534 1933 3610; baseline 0.002 -20"><span class='ocrx_word' id='word_1_485' title='bbox 236 3555 300 3591; x_wconf 88' lang='lat' dir='ltr'><strong><em>vero</em></strong></span> <span class='ocrx_word' id='word_1_486' title='bbox 321 3555 354 3590; x_wconf 88' lang='lat' dir='ltr'><strong><em>ex</em></strong></span> <span class='ocrx_word' id='word_1_487' title='bbox 375 3542 456 3606; x_wconf 85' lang='lat' dir='ltr'><strong><em>parte</em></strong></span> <span class='ocrx_word' id='word_1_488' title='bbox 474 3536 571 3604; x_wconf 89' lang='lat' dir='ltr'><strong><em>altera,</em></strong></span> <span class='ocrx_word' id='word_1_489' title='bbox 591 3537 727 3606; x_wconf 83' lang='lat' dir='ltr'><strong><em>queipsis</em></strong></span> <span class='ocrx_word' id='word_1_490' title='bbox 740 3536 891 3606; x_wconf 83' lang='lat' dir='ltr'><strong><em>displicet?</em></strong></span> <span class='ocrx_word' id='word_1_491' title='bbox 918 3538 1072 3594; x_wconf 81' lang='lat' dir='ltr'><strong><em>Concilium</em></strong></span> <span class='ocrx_word' id='word_1_492' title='bbox 1099 3536 1163 3589; x_wconf 87' lang='lat' dir='ltr'><strong><em>talis</em></strong></span> <span class='ocrx_word' id='word_1_493' title='bbox 1189 3534 1345 3590; x_wconf 88' lang='lat' dir='ltr'><strong><em>dominatus</em></strong></span> <span class='ocrx_word' id='word_1_494' title='bbox 1369 3535 1494 3606; x_wconf 86' lang='lat' dir='ltr'><strong><em>pontifici</em></strong></span> <span class='ocrx_word' id='word_1_495' title='bbox 1518 3536 1700 3605; x_wconf 86' lang='lat' dir='ltr'><strong><em>concedatur,</em></strong></span> <span class='ocrx_word' id='word_1_496' title='bbox 1726 3541 1759 3590; x_wconf 88' lang='lat' dir='ltr'><strong><em>ut</em></strong></span> <span class='ocrx_word' id='word_1_497' title='bbox 1785 3538 1824 3592; x_wconf 87' lang='lat' dir='ltr'><strong><em>sit</em></strong></span> <span class='ocrx_word' id='word_1_498' title='bbox 1851 3554 1933 3610; x_wconf 89' lang='lat' dir='ltr'><strong><em>supra</em></strong></span> 
     </span>
     <span class='ocr_line' id='line_1_39' title="bbox 236 3619 1932 3694; baseline 0.002 -19"><span class='ocrx_word' id='word_1_499' title='bbox 236 3621 333 3677; x_wconf 88' lang='lat' dir='ltr'><strong><em>definit</em></strong></span> <span class='ocrx_word' id='word_1_500' title='bbox 350 3629 482 3691; x_wconf 86' lang='lat' dir='ltr'><strong><em>tanquam</em></strong></span> <span class='ocrx_word' id='word_1_501' title='bbox 503 3619 640 3675; x_wconf 87' lang='lat' dir='ltr'><strong><em>catholica</em></strong></span> <span class='ocrx_word' id='word_1_502' title='bbox 657 3620 712 3676; x_wconf 88' lang='lat' dir='ltr'><strong><em>fide</em></strong></span> <span class='ocrx_word' id='word_1_503' title='bbox 730 3622 893 3687; x_wconf 84' lang='lat' dir='ltr'><strong><em>tenendum,</em></strong></span> <span class='ocrx_word' id='word_1_504' title='bbox 914 3624 989 3694; x_wconf 88' lang='lat' dir='ltr'><strong><em>quod</em></strong></span> <span class='ocrx_word' id='word_1_505' title='bbox 1007 3642 1072 3679; x_wconf 88' lang='lat' dir='ltr'><strong><em>con·</em></strong></span> <span class='ocrx_word' id='word_1_506' title='bbox 1099 3621 1246 3677; x_wconf 87' lang='lat' dir='ltr'><strong><em>concilium</em></strong></span> <span class='ocrx_word' id='word_1_507' title='bbox 1272 3638 1306 3676; x_wconf 89' lang='lat' dir='ltr'><strong><em>ac</em></strong></span> <span class='ocrx_word' id='word_1_508' title='bbox 1333 3627 1450 3693; x_wconf 79' lang='lat' dir='ltr'><strong><em>negetur</em></strong></span> <span class='ocrx_word' id='word_1_509' title='bbox 1467 3639 1559 3677; x_wconf 87' lang='lat' dir='ltr'><strong><em>errare</em></strong></span> <span class='ocrx_word' id='word_1_510' title='bbox 1575 3640 1666 3693; x_wconf 88' lang='lat' dir='ltr'><strong><em>posse.</em></strong></span> <span class='ocrx_word' id='word_1_511' title='bbox 1701 3623 1833 3680; x_wconf 88' lang='lat' dir='ltr'><strong><em>Profecto</em></strong></span> <span class='ocrx_word' id='word_1_512' title='bbox 1850 3625 1875 3679; x_wconf 87' lang='lat' dir='ltr'><strong><em>ai</em></strong></span> <span class='ocrx_word' id='word_1_513' title='bbox 1893 3624 1932 3678; x_wconf 88' lang='lat' dir='ltr'><strong><em>illi</em></strong></span> 
     </span>
     <span class='ocr_line' id='line_1_40' title="bbox 235 3708 1932 3780; baseline 0.002 -18"><span class='ocrx_word' id='word_1_514' title='bbox 235 3708 330 3762; x_wconf 88' lang='lat' dir='ltr'><strong><em>cilium</em></strong></span> <span class='ocrx_word' id='word_1_515' title='bbox 355 3708 392 3761; x_wconf 94' lang='lat' dir='ltr'><strong><em>sit</em></strong></span> <span class='ocrx_word' id='word_1_516' title='bbox 415 3723 500 3776; x_wconf 84' lang='lat' dir='ltr'><strong><em>supra</em></strong></span> <span class='ocrx_word' id='word_1_517' title='bbox 518 3723 621 3776; x_wconf 82' lang='lat' dir='ltr'><strong><em>papam</em></strong></span> <span class='ocrx_word' id='word_1_518' title='bbox 641 3713 668 3761; x_wconf 91' lang='lat' dir='ltr'><strong><em>et</em></strong></span> <span class='ocrx_word' id='word_1_519' title='bbox 687 3708 866 3778; x_wconf 86' lang='lat' dir='ltr'><strong><em>pertinaciter</em></strong></span> <span class='ocrx_word' id='word_1_520' title='bbox 883 3710 946 3765; x_wconf 89' lang='lat' dir='ltr'><strong><em>huie</em></strong></span> <span class='ocrx_word' id='word_1_521' title='bbox 962 3711 1073 3767; x_wconf 86' lang='lat' dir='ltr'><strong><em>veritati</em></strong></span> <span class='ocrx_word' id='word_1_522' title='bbox 1098 3715 1191 3780; x_wconf 88' lang='lat' dir='ltr'><strong><em>patres</em></strong></span> <span class='ocrx_word' id='word_1_523' title='bbox 1211 3714 1314 3763; x_wconf 86' lang='lat' dir='ltr'><strong><em>statum</em></strong></span> <span class='ocrx_word' id='word_1_524' title='bbox 1331 3708 1481 3764; x_wconf 86' lang='lat' dir='ltr'><strong><em>hodiernae</em></strong></span> <span class='ocrx_word' id='word_1_525' title='bbox 1499 3708 1633 3764; x_wconf 88' lang='lat' dir='ltr'><strong><em>ecclesiae</em></strong></span> <span class='ocrx_word' id='word_1_526' title='bbox 1645 3709 1785 3765; x_wconf 85' lang='lat' dir='ltr'><strong><em>Romanae</em></strong></span> <span class='ocrx_word' id='word_1_527' title='bbox 1798 3711 1932 3775; x_wconf 82' lang='lat' dir='ltr'><strong><em>riderent,</em></strong></span> 
     </span>
     <span class='ocr_line' id='line_1_41' title="bbox 234 3794 1931 3869; baseline 0.001 -19"><span class='ocrx_word' id='word_1_528' title='bbox 234 3800 437 3866; x_wconf 85' lang='lat' dir='ltr'><strong><em>repugnantem</em></strong></span> <span class='ocrx_word' id='word_1_529' title='bbox 466 3794 632 3849; x_wconf 87' lang='lat' dir='ltr'><strong><em>censendum</em></strong></span> <span class='ocrx_word' id='word_1_530' title='bbox 658 3811 718 3850; x_wconf 85' lang='lat' dir='ltr'><strong><em>esse</em></strong></span> <span class='ocrx_word' id='word_1_531' title='bbox 741 3795 925 3862; x_wconf 85' lang='lat' dir='ltr'><strong><em>haereticum,</em></strong></span> <span class='ocrx_word' id='word_1_532' title='bbox 952 3815 1018 3869; x_wconf 86' lang='lat' dir='ltr'><strong><em>ergo</em></strong></span> <span class='ocrx_word' id='word_1_533' title='bbox 1045 3805 1074 3854; x_wconf 88' lang='lat' dir='ltr'><strong><em>et</em></strong></span> <span class='ocrx_word' id='word_1_534' title='bbox 1098 3796 1126 3850; x_wconf 92' lang='lat' dir='ltr'><strong><em>in</em></strong></span> <span class='ocrx_word' id='word_1_535' title='bbox 1150 3810 1207 3866; x_wconf 90' lang='lat' dir='ltr'><strong><em>qua</em></strong></span> <span class='ocrx_word' id='word_1_536' title='bbox 1229 3794 1361 3865; x_wconf 85' lang='lat' dir='ltr'><strong><em>dogmate</em></strong></span> <span class='ocrx_word' id='word_1_537' title='bbox 1380 3795 1429 3850; x_wconf 89' lang='lat' dir='ltr'><strong><em>illa</em></strong></span> <span class='ocrx_word' id='word_1_538' title='bbox 1446 3795 1482 3850; x_wconf 89' lang='lat' dir='ltr'><strong><em>de</em></strong></span> <span class='ocrx_word' id='word_1_539' title='bbox 1500 3802 1660 3864; x_wconf 87' lang='lat' dir='ltr'><strong><em>suprematu</em></strong></span> <span class='ocrx_word' id='word_1_540' title='bbox 1678 3795 1817 3867; x_wconf 86' lang='lat' dir='ltr'><strong><em>pontificis</em></strong></span> <span class='ocrx_word' id='word_1_541' title='bbox 1837 3797 1931 3852; x_wconf 83' lang='lat' dir='ltr'><strong><em>deien-</em></strong></span> 
     </span>
     <span class='ocr_line' id='line_1_42' title="bbox 235 3880 1932 3953; baseline 0.002 -18"><span class='ocrx_word' id='word_1_542' title='bbox 235 3880 288 3935; x_wconf 92' lang='lat' dir='ltr'><strong><em>bcc</em></strong></span> <span class='ocrx_word' id='word_1_543' title='bbox 312 3882 454 3935; x_wconf 89' lang='lat' dir='ltr'><strong><em>decretum</em></strong></span> <span class='ocrx_word' id='word_1_544' title='bbox 481 3896 544 3933; x_wconf 90' lang='lat' dir='ltr'><strong><em>cnm</em></strong></span> <span class='ocrx_word' id='word_1_545' title='bbox 567 3881 604 3935; x_wconf 84' lang='lat' dir='ltr'><strong><em>ad</em></strong></span> <span class='ocrx_word' id='word_1_546' title='bbox 627 3882 769 3936; x_wconf 87' lang='lat' dir='ltr'><strong><em>materiam</em></strong></span> <span class='ocrx_word' id='word_1_547' title='bbox 792 3881 857 3938; x_wconf 86' lang='lat' dir='ltr'><strong><em>fidei</em></strong></span> <span class='ocrx_word' id='word_1_548' title='bbox 878 3883 1030 3953; x_wconf 85' lang='lat' dir='ltr'><strong><em>pertineat,</em></strong></span> <span class='ocrx_word' id='word_1_549' title='bbox 1055 3902 1073 3939; x_wconf 89' lang='lat' dir='ltr'><strong><em>a</em></strong></span> <span class='ocrx_word' id='word_1_550' title='bbox 1100 3883 1204 3937; x_wconf 90' lang='lat' dir='ltr'><strong><em>duntur</em></strong></span> <span class='ocrx_word' id='word_1_551' title='bbox 1221 3887 1249 3936; x_wconf 89' lang='lat' dir='ltr'><strong><em>et</em></strong></span> <span class='ocrx_word' id='word_1_552' title='bbox 1266 3888 1485 3951; x_wconf 73' lang='lat' dir='ltr'><strong><em>propugnarent,</em></strong></span> <span class='ocrx_word' id='word_1_553' title='bbox 1501 3899 1557 3937; x_wconf 93' lang='lat' dir='ltr'><strong><em>non</em></strong></span> <span class='ocrx_word' id='word_1_554' title='bbox 1575 3881 1738 3938; x_wconf 87' lang='lat' dir='ltr'><strong><em>dubitanter</em></strong></span> <span class='ocrx_word' id='word_1_555' title='bbox 1755 3881 1932 3952; x_wconf 80' lang='lat' dir='ltr'><strong><em>affirmarent,</em></strong></span> 
     </span>
     <span class='ocr_line' id='line_1_43' title="bbox 235 3965 1934 4039; baseline 0.002 -18"><span class='ocrx_word' id='word_1_556' title='bbox 235 3966 352 4021; x_wconf 87' lang='lat' dir='ltr'><strong><em>Nicolao</em></strong></span> <span class='ocrx_word' id='word_1_557' title='bbox 378 3965 413 4021; x_wconf 90' lang='lat' dir='ltr'><strong><em>V.</em></strong></span> <span class='ocrx_word' id='word_1_558' title='bbox 443 3966 610 4020; x_wconf 87' lang='lat' dir='ltr'><strong><em>censendum</em></strong></span> <span class='ocrx_word' id='word_1_559' title='bbox 639 3974 682 4023; x_wconf 89' lang='lat' dir='ltr'><strong><em>est</em></strong></span> <span class='ocrx_word' id='word_1_560' title='bbox 709 3967 878 4031; x_wconf 86' lang='lat' dir='ltr'><strong><em>confirmari,</em></strong></span> <span class='ocrx_word' id='word_1_561' title='bbox 908 3970 1073 4039; x_wconf 86' lang='lat' dir='ltr'><strong><em>generaliter</em></strong></span> <span class='ocrx_word' id='word_1_562' title='bbox 1098 3967 1182 4022; x_wconf 89' lang='lat' dir='ltr'><strong><em>fidem</em></strong></span> <span class='ocrx_word' id='word_1_563' title='bbox 1206 3965 1371 4022; x_wconf 86' lang='lat' dir='ltr'><strong><em>catholicam</em></strong></span> <span class='ocrx_word' id='word_1_564' title='bbox 1398 3983 1431 4021; x_wconf 84' lang='lat' dir='ltr'><strong><em>ex</em></strong></span> <span class='ocrx_word' id='word_1_565' title='bbox 1457 3982 1492 4021; x_wconf 85' lang='lat' dir='ltr'><strong><em>ea</em></strong></span> <span class='ocrx_word' id='word_1_566' title='bbox 1510 3967 1617 4036; x_wconf 88' lang='lat' dir='ltr'><strong><em>pulsam</em></strong></span> <span class='ocrx_word' id='word_1_567' title='bbox 1636 3975 1663 4024; x_wconf 90' lang='lat' dir='ltr'><strong><em>et</em></strong></span> <span class='ocrx_word' id='word_1_568' title='bbox 1681 3967 1885 4024; x_wconf 86' lang='lat' dir='ltr'><strong><em>Antichristnm</em></strong></span> <span class='ocrx_word' id='word_1_569' title='bbox 1906 3969 1934 4024; x_wconf 90' lang='lat' dir='ltr'><strong><em>in</em></strong></span> 
     </span>
     <span class='ocr_line' id='line_1_44' title="bbox 237 4052 1934 4126; baseline 0.002 -19"><span class='ocrx_word' id='word_1_570' title='bbox 237 4053 310 4107; x_wconf 90' lang='lat' dir='ltr'><strong><em>enim</em></strong></span> <span class='ocrx_word' id='word_1_571' title='bbox 329 4052 452 4122; x_wconf 85' lang='lat' dir='ltr'><strong><em>loquitur</em></strong></span> <span class='ocrx_word' id='word_1_572' title='bbox 471 4053 549 4107; x_wconf 90' lang='lat' dir='ltr'><strong><em>bulla</em></strong></span> <span class='ocrx_word' id='word_1_573' title='bbox 574 4059 602 4107; x_wconf 89' lang='lat' dir='ltr'><strong><em>et</em></strong></span> <span class='ocrx_word' id='word_1_574' title='bbox 621 4053 715 4108; x_wconf 90' lang='lat' dir='ltr'><strong><em>omnia</em></strong></span> <span class='ocrx_word' id='word_1_575' title='bbox 734 4053 783 4109; x_wconf 91' lang='lat' dir='ltr'><strong><em>illa</em></strong></span> <span class='ocrx_word' id='word_1_576' title='bbox 801 4054 912 4109; x_wconf 82' lang='lat' dir='ltr'><strong><em>decreta</em></strong></span> <span class='ocrx_word' id='word_1_577' title='bbox 929 4057 1073 4126; x_wconf 84' lang='lat' dir='ltr'><strong><em>approbat,</em></strong></span> <span class='ocrx_word' id='word_1_578' title='bbox 1099 4069 1133 4108; x_wconf 88' lang='lat' dir='ltr'><strong><em>ea</em></strong></span> <span class='ocrx_word' id='word_1_579' title='bbox 1158 4053 1305 4107; x_wconf 91' lang='lat' dir='ltr'><strong><em>sublimem</em></strong></span> <span class='ocrx_word' id='word_1_580' title='bbox 1330 4069 1461 4123; x_wconf 87' lang='lat' dir='ltr'><strong><em>regnare,</em></strong></span> <span class='ocrx_word' id='word_1_581' title='bbox 1492 4070 1547 4125; x_wconf 87' lang='lat' dir='ltr'><strong><em>quo</em></strong></span> <span class='ocrx_word' id='word_1_582' title='bbox 1573 4054 1663 4125; x_wconf 86' lang='lat' dir='ltr'><strong><em>elogio</em></strong></span> <span class='ocrx_word' id='word_1_583' title='bbox 1689 4055 1748 4124; x_wconf 86' lang='lat' dir='ltr'><strong><em>jam</em></strong></span> <span class='ocrx_word' id='word_1_584' title='bbox 1772 4054 1881 4124; x_wconf 84' lang='lat' dir='ltr'><strong><em>pridem</em></strong></span> <span class='ocrx_word' id='word_1_585' title='bbox 1898 4055 1934 4111; x_wconf 83' lang='lat' dir='ltr'><strong><em>ab</em></strong></span> 
     </span>
     <span class='ocr_line' id='line_1_45' title="bbox 237 4137 1933 4213; baseline 0.002 -20"><span class='ocrx_word' id='word_1_586' title='bbox 237 4154 309 4209; x_wconf 87' lang='lat' dir='ltr'><strong><em>quae</em></strong></span> <span class='ocrx_word' id='word_1_587' title='bbox 334 4137 370 4192; x_wconf 89' lang='lat' dir='ltr'><strong><em>ab</em></strong></span> <span class='ocrx_word' id='word_1_588' title='bbox 395 4137 448 4192; x_wconf 89' lang='lat' dir='ltr'><strong><em>hoe</em></strong></span> <span class='ocrx_word' id='word_1_589' title='bbox 472 4138 589 4193; x_wconf 91' lang='lat' dir='ltr'><strong><em>concilio</em></strong></span> <span class='ocrx_word' id='word_1_590' title='bbox 614 4138 642 4193; x_wconf 93' lang='lat' dir='ltr'><strong><em>in</em></strong></span> <span class='ocrx_word' id='word_1_591' title='bbox 667 4140 789 4195; x_wconf 90' lang='lat' dir='ltr'><strong><em>materiis</em></strong></span> <span class='ocrx_word' id='word_1_592' title='bbox 814 4140 880 4194; x_wconf 86' lang='lat' dir='ltr'><strong><em>fidei</em></strong></span> <span class='ocrx_word' id='word_1_593' title='bbox 902 4147 967 4195; x_wconf 90' lang='lat' dir='ltr'><strong><em>sunt</em></strong></span> <span class='ocrx_word' id='word_1_594' title='bbox 988 4141 1071 4197; x_wconf 87' lang='lat' dir='ltr'><strong><em>iacta.</em></strong></span> <span class='ocrx_word' id='word_1_595' title='bbox 1098 4138 1261 4195; x_wconf 87' lang='lat' dir='ltr'><strong><em>Eberhardo</em></strong></span> <span class='ocrx_word' id='word_1_596' title='bbox 1293 4137 1422 4210; x_wconf 87' lang='lat' dir='ltr'><strong><em>episcopo</em></strong></span> <span class='ocrx_word' id='word_1_597' title='bbox 1451 4137 1668 4211; x_wconf 74' lang='lat' dir='ltr'><strong><em>salisburgensi,</em></strong></span> <span class='ocrx_word' id='word_1_598' title='bbox 1701 4139 1849 4211; x_wconf 82' lang='lat' dir='ltr'><strong><em>Arnulpho</em></strong></span> <span class='ocrx_word' id='word_1_599' title='bbox 1877 4143 1933 4213; x_wconf 91' lang='lat' dir='ltr'><strong><em>epi-</em></strong></span> 
     </span>
     <span class='ocr_line' id='line_1_46' title="bbox 237 4221 1933 4302; baseline 0.004 -24"><span class='ocrx_word' id='word_1_600' title='bbox 237 4223 366 4279; x_wconf 83' lang='lat' dir='ltr'><strong><em>Ceterum</em></strong></span> <span class='ocrx_word' id='word_1_601' title='bbox 389 4229 422 4278; x_wconf 91' lang='lat' dir='ltr'><strong><em>ut</em></strong></span> <span class='ocrx_word' id='word_1_602' title='bbox 444 4224 562 4294; x_wconf 86' lang='lat' dir='ltr'><strong><em>gretiam</em></strong></span> <span class='ocrx_word' id='word_1_603' title='bbox 586 4223 709 4296; x_wconf 88' lang='lat' dir='ltr'><strong><em>aliquam</em></strong></span> <span class='ocrx_word' id='word_1_604' title='bbox 726 4225 894 4281; x_wconf 89' lang='lat' dir='ltr'><strong><em>Bellarminc</em></strong></span> <span class='ocrx_word' id='word_1_605' title='bbox 912 4226 1071 4291; x_wconf 86' lang='lat' dir='ltr'><strong><em>referamus,</em></strong></span> <span class='ocrx_word' id='word_1_606' title='bbox 1084 4221 1087 4302; x_wconf 64' lang='lat' dir='ltr'><strong><em>i</em></strong></span> <span class='ocrx_word' id='word_1_607' title='bbox 1100 4242 1184 4298; x_wconf 90' lang='lat' dir='ltr'><strong><em>scopo</em></strong></span> <span class='ocrx_word' id='word_1_608' title='bbox 1203 4225 1412 4290; x_wconf 69' lang='lat' dir='ltr'><strong><em>hermianensi,</em></strong></span> <span class='ocrx_word' id='word_1_609' title='bbox 1437 4225 1568 4298; x_wconf 89' lang='lat' dir='ltr'><strong><em>episcopo</em></strong></span> <span class='ocrx_word' id='word_1_610' title='bbox 1587 4228 1707 4299; x_wconf 88' lang='lat' dir='ltr'><strong><em>quodam</em></strong></span> <span class='ocrx_word' id='word_1_611' title='bbox 1726 4228 1889 4284; x_wconf 85' lang='lat' dir='ltr'><strong><em>Florentino</em></strong></span> <span class='ocrx_word' id='word_1_612' title='bbox 1906 4235 1933 4284; x_wconf 92' lang='lat' dir='ltr'><strong><em>et</em></strong></span> 
     </span>
     <span class='ocr_line' id='line_1_47' title="bbox 238 4309 1672 4382; baseline 0.002 -18"><span class='ocrx_word' id='word_1_613' title='bbox 238 4309 285 4382; x_wconf 89' lang='lat' dir='ltr'><strong><em>qui</em></strong></span> <span class='ocrx_word' id='word_1_614' title='bbox 315 4310 351 4363; x_wconf 91' lang='lat' dir='ltr'><strong><em>de</em></strong></span> <span class='ocrx_word' id='word_1_615' title='bbox 375 4314 451 4363; x_wconf 87' lang='lat' dir='ltr'><strong><em>statu</em></strong></span> <span class='ocrx_word' id='word_1_616' title='bbox 474 4309 607 4364; x_wconf 86' lang='lat' dir='ltr'><strong><em>eeclesiae</em></strong></span> <span class='ocrx_word' id='word_1_617' title='bbox 629 4317 753 4381; x_wconf 87' lang='lat' dir='ltr'><strong><em>tempore</em></strong></span> <span class='ocrx_word' id='word_1_618' title='bbox 779 4311 890 4367; x_wconf 91' lang='lat' dir='ltr'><strong><em>concilii</em></strong></span> <span class='ocrx_word' id='word_1_619' title='bbox 910 4312 1073 4368; x_wconf 88' lang='lat' dir='ltr'><strong><em>Basiliensis</em></strong></span> <span class='ocrx_word' id='word_1_620' title='bbox 1099 4311 1161 4367; x_wconf 86' lang='lat' dir='ltr'><strong><em>eliis</em></strong></span> <span class='ocrx_word' id='word_1_621' title='bbox 1177 4311 1320 4367; x_wconf 84' lang='lat' dir='ltr'><strong><em>Romanus</em></strong></span> <span class='ocrx_word' id='word_1_622' title='bbox 1336 4310 1459 4382; x_wconf 85' lang='lat' dir='ltr'><strong><em>pontifex</em></strong></span> <span class='ocrx_word' id='word_1_623' title='bbox 1478 4310 1533 4367; x_wconf 86' lang='lat' dir='ltr'><strong><em>fuit</em></strong></span> <span class='ocrx_word' id='word_1_624' title='bbox 1550 4318 1672 4368; x_wconf 88' lang='lat' dir='ltr'><strong><em>ornatus.</em></strong></span> 
     </span>
    </p>

    <p class='ocr_par' dir='ltr' id='par_1_3' title="bbox 129 4396 1998 5636">
     <span class='ocr_line' id='line_1_48' title="bbox 129 4396 1997 4469; baseline 0.002 -21"><span class='ocrx_word' id='word_1_625' title='bbox 129 4406 167 4446; x_wconf 80' lang='lat'><strong><em>11.</em></strong></span> <span class='ocrx_word' id='word_1_626' title='bbox 180 4404 224 4448; x_wconf 74' lang='lat' dir='ltr'><strong><em>itt</em></strong></span> <span class='ocrx_word' id='word_1_627' title='bbox 237 4396 265 4451; x_wconf 91' lang='lat' dir='ltr'><strong><em>in</em></strong></span> <span class='ocrx_word' id='word_1_628' title='bbox 289 4396 342 4451; x_wconf 86' lang='lat' dir='ltr'><strong><em>hoe</em></strong></span> <span class='ocrx_word' id='word_1_629' title='bbox 365 4400 528 4467; x_wconf 87' lang='lat' dir='ltr'><strong><em>argumento</em></strong></span> <span class='ocrx_word' id='word_1_630' title='bbox 552 4397 718 4453; x_wconf 88' lang='lat' dir='ltr'><strong><em>mentionem</em></strong></span> <span class='ocrx_word' id='word_1_631' title='bbox 740 4398 830 4454; x_wconf 83' lang='lat' dir='ltr'><strong><em>iacere</em></strong></span> <span class='ocrx_word' id='word_1_632' title='bbox 854 4399 984 4466; x_wconf 81' lang='lat' dir='ltr'><strong><em>voluerit,</em></strong></span> <span class='ocrx_word' id='word_1_633' title='bbox 1008 4399 1072 4455; x_wconf 92' lang='lat' dir='ltr'><strong><em>sub·</em></strong></span> <span class='ocrx_word' id='word_1_634' title='bbox 1134 4403 1175 4454; x_wconf 89' lang='grc'><strong><em>93.</em></strong></span> <span class='ocrx_word' id='word_1_635' title='bbox 1209 4405 1233 4454; x_wconf 80' lang='grc'><strong><em>7.</em></strong></span> <span class='ocrx_word' id='word_1_636' title='bbox 1251 4397 1406 4468; x_wconf 83' lang='lat' dir='ltr'><strong><em>Septimum</em></strong></span> <span class='ocrx_word' id='word_1_637' title='bbox 1432 4405 1628 4469; x_wconf 88' lang='lat' dir='ltr'><strong><em>argumentum</em></strong></span> <span class='ocrx_word' id='word_1_638' title='bbox 1653 4398 1838 4455; x_wconf 86' lang='lat' dir='ltr'><strong><em>Bellarminus</em></strong></span> <span class='ocrx_word' id='word_1_639' title='bbox 1866 4400 1933 4456; x_wconf 90' lang='lat' dir='ltr'><strong><em>dicit</em></strong></span> <span class='ocrx_word' id='word_1_640' title='bbox 1943 4411 1961 4454; x_wconf 80' lang='lat' dir='ltr'><strong><em>t.</em></strong></span> <span class='ocrx_word' id='word_1_641' title='bbox 1973 4411 1997 4452; x_wconf 80' lang='lat' dir='ltr'><strong><em>m</em></strong></span> 
     </span>
     <span class='ocr_line' id='line_1_49' title="bbox 238 4469 1998 4556; baseline 0.003 -20"><span class='ocrx_word' id='word_1_642' title='bbox 238 4488 380 4537; x_wconf 86' lang='lat' dir='ltr'><strong><em>nectemus</em></strong></span> <span class='ocrx_word' id='word_1_643' title='bbox 404 4480 595 4551; x_wconf 79' lang='lat' dir='ltr'><strong><em>gravissimam</em></strong></span> <span class='ocrx_word' id='word_1_644' title='bbox 617 4483 670 4537; x_wconf 92' lang='lat' dir='ltr'><strong><em>bac</em></strong></span> <span class='ocrx_word' id='word_1_645' title='bbox 695 4483 730 4537; x_wconf 91' lang='lat' dir='ltr'><strong><em>de</em></strong></span> <span class='ocrx_word' id='word_1_646' title='bbox 749 4501 779 4539; x_wconf 89' lang='lat' dir='ltr'><strong><em>re</em></strong></span> <span class='ocrx_word' id='word_1_647' title='bbox 799 4485 998 4555; x_wconf 89' lang='lat' dir='ltr'><strong><em>querimoniam</em></strong></span> <span class='ocrx_word' id='word_1_648' title='bbox 1017 4502 1073 4540; x_wconf 88' lang='lat' dir='ltr'><strong><em>non</em></strong></span> <span class='ocrx_word' id='word_1_649' title='bbox 1099 4503 1149 4541; x_wconf 88' lang='lat' dir='ltr'><strong><em>noa</em></strong></span> <span class='ocrx_word' id='word_1_650' title='bbox 1168 4484 1307 4540; x_wconf 88' lang='lat' dir='ltr'><strong><em>deducere</em></strong></span> <span class='ocrx_word' id='word_1_651' title='bbox 1324 4500 1358 4538; x_wconf 85' lang='lat' dir='ltr'><strong><em>ex</em></strong></span> <span class='ocrx_word' id='word_1_652' title='bbox 1376 4483 1541 4538; x_wconf 87' lang='lat' dir='ltr'><strong><em>testimoniis</em></strong></span> <span class='ocrx_word' id='word_1_653' title='bbox 1558 4491 1676 4556; x_wconf 83' lang='lat' dir='ltr'><strong><em>petrum.</em></strong></span> <span class='ocrx_word' id='word_1_654' title='bbox 1711 4485 1837 4541; x_wconf 86' lang='lat' dir='ltr'><strong><em>Hilarius</em></strong></span> <span class='ocrx_word' id='word_1_655' title='bbox 1860 4486 1931 4542; x_wconf 89' lang='lat' dir='ltr'><strong><em>libro</em></strong></span> <span class='ocrx_word' id='word_1_656' title='bbox 1945 4469 1998 4514; x_wconf 49' lang='grc' dir='ltr'><strong><em>ΡΜ</em></strong></span> 
     </span>
     <span class='ocr_line' id='line_1_50' title="bbox 237 4566 1932 4642; baseline 0.002 -20"><span class='ocrx_word' id='word_1_657' title='bbox 237 4567 431 4622; x_wconf 87' lang='lat' dir='ltr'><strong><em>Waldensinm</em></strong></span> <span class='ocrx_word' id='word_1_658' title='bbox 449 4574 498 4622; x_wconf 90' lang='lat' dir='ltr'><strong><em>ant</em></strong></span> <span class='ocrx_word' id='word_1_659' title='bbox 517 4566 736 4633; x_wconf 87' lang='lat' dir='ltr'><strong><em>Wieleritsrum,</em></strong></span> <span class='ocrx_word' id='word_1_660' title='bbox 756 4570 806 4626; x_wconf 89' lang='lat' dir='ltr'><strong><em>sed</em></strong></span> <span class='ocrx_word' id='word_1_661' title='bbox 824 4570 911 4641; x_wconf 87' lang='lat' dir='ltr'><strong><em>ipsius</em></strong></span> <span class='ocrx_word' id='word_1_662' title='bbox 931 4570 1073 4628; x_wconf 69' lang='lat' dir='ltr'><strong><em>Romanam</em></strong></span> <span class='ocrx_word' id='word_1_663' title='bbox 1098 4577 1195 4627; x_wconf 79' lang='lat' dir='ltr'><strong><em>contm</em></strong></span> <span class='ocrx_word' id='word_1_664' title='bbox 1210 4571 1380 4626; x_wconf 87' lang='lat' dir='ltr'><strong><em>Auxentium</em></strong></span> <span class='ocrx_word' id='word_1_665' title='bbox 1396 4570 1470 4625; x_wconf 88' lang='lat' dir='ltr'><strong><em>circe</em></strong></span> <span class='ocrx_word' id='word_1_666' title='bbox 1486 4570 1586 4627; x_wconf 90' lang='lat' dir='ltr'><strong><em>finem:</em></strong></span> <span class='ocrx_word' id='word_1_667' title='bbox 1615 4573 1697 4627; x_wconf 87' lang='lat' dir='ltr'><strong><em>Male</em></strong></span> <span class='ocrx_word' id='word_1_668' title='bbox 1719 4590 1768 4626; x_wconf 87' lang='lat' dir='ltr'><strong><em>uos</em></strong></span> <span class='ocrx_word' id='word_1_669' title='bbox 1789 4574 1932 4642; x_wconf 83' lang='lat' dir='ltr'><strong><em>parietum</em></strong></span> 
     </span>
     <span class='ocr_line' id='line_1_51' title="bbox 237 4652 1932 4730; baseline 0.003 -22"><span class='ocrx_word' id='word_1_670' title='bbox 237 4653 370 4708; x_wconf 87' lang='lat' dir='ltr'><strong><em>ecclesiae</em></strong></span> <span class='ocrx_word' id='word_1_671' title='bbox 396 4652 449 4707; x_wconf 92' lang='lat' dir='ltr'><strong><em>sub</em></strong></span> <span class='ocrx_word' id='word_1_672' title='bbox 472 4652 638 4709; x_wconf 73' lang='lat' dir='ltr'><strong><em>Antichrimi</em></strong></span> <span class='ocrx_word' id='word_1_673' title='bbox 652 4656 724 4725; x_wconf 86' lang='lat' dir='ltr'><strong><em>juge</em></strong></span> <span class='ocrx_word' id='word_1_674' title='bbox 742 4671 775 4709; x_wconf 85' lang='lat' dir='ltr'><strong><em>ac</em></strong></span> <span class='ocrx_word' id='word_1_675' title='bbox 792 4656 940 4726; x_wconf 85' lang='lat' dir='ltr'><strong><em>tyrannide</em></strong></span> <span class='ocrx_word' id='word_1_676' title='bbox 959 4673 1072 4727; x_wconf 86' lang='lat' dir='ltr'><strong><em>pressae</em></strong></span> <span class='ocrx_word' id='word_1_677' title='bbox 1099 4676 1179 4711; x_wconf 88' lang='lat' dir='ltr'><strong><em>amor</em></strong></span> <span class='ocrx_word' id='word_1_678' title='bbox 1196 4657 1284 4726; x_wconf 86' lang='lat' dir='ltr'><strong><em>cepit,</em></strong></span> <span class='ocrx_word' id='word_1_679' title='bbox 1303 4657 1378 4710; x_wconf 89' lang='lat' dir='ltr'><strong><em>male</em></strong></span> <span class='ocrx_word' id='word_1_680' title='bbox 1397 4658 1542 4711; x_wconf 85' lang='lat' dir='ltr'><strong><em>ecclesiam</em></strong></span> <span class='ocrx_word' id='word_1_681' title='bbox 1564 4659 1623 4713; x_wconf 86' lang='lat' dir='ltr'><strong><em>Dei</em></strong></span> <span class='ocrx_word' id='word_1_682' title='bbox 1639 4659 1670 4712; x_wconf 89' lang='lat' dir='ltr'><strong><em>in</em></strong></span> <span class='ocrx_word' id='word_1_683' title='bbox 1689 4659 1769 4711; x_wconf 88' lang='lat' dir='ltr'><strong><em>tectis</em></strong></span> <span class='ocrx_word' id='word_1_684' title='bbox 1782 4660 1932 4730; x_wconf 74' lang='lat' dir='ltr'><strong><em>aedeficiis-</em></strong></span> 
     </span>
     <span class='ocr_line' id='line_1_52' title="bbox 237 4739 1931 4814; baseline 0.003 -19"><span class='ocrx_word' id='word_1_685' title='bbox 237 4746 265 4795; x_wconf 90' lang='lat' dir='ltr'><strong><em>et</em></strong></span> <span class='ocrx_word' id='word_1_686' title='bbox 284 4739 337 4794; x_wconf 88' lang='lat' dir='ltr'><strong><em>hoc</em></strong></span> <span class='ocrx_word' id='word_1_687' title='bbox 354 4740 465 4795; x_wconf 90' lang='lat' dir='ltr'><strong><em>nomine</em></strong></span> <span class='ocrx_word' id='word_1_688' title='bbox 483 4740 607 4811; x_wconf 89' lang='lat' dir='ltr'><strong><em>graviter</em></strong></span> <span class='ocrx_word' id='word_1_689' title='bbox 623 4741 838 4812; x_wconf 89' lang='lat' dir='ltr'><strong><em>ingemiscentis.</em></strong></span> <span class='ocrx_word' id='word_1_690' title='bbox 874 4742 921 4798; x_wconf 82' lang='lat' dir='ltr'><strong><em>Sic</em></strong></span> <span class='ocrx_word' id='word_1_691' title='bbox 939 4743 1072 4809; x_wconf 72' lang='lat' dir='ltr'><strong><em>enimiHi,</em></strong></span> <span class='ocrx_word' id='word_1_692' title='bbox 1098 4761 1150 4813; x_wconf 89' lang='lat' dir='ltr'><strong><em>que</em></strong></span> <span class='ocrx_word' id='word_1_693' title='bbox 1172 4744 1359 4813; x_wconf 84' lang='lat' dir='ltr'><strong><em>veneramini,</em></strong></span> <span class='ocrx_word' id='word_1_694' title='bbox 1385 4744 1458 4798; x_wconf 89' lang='lat' dir='ltr'><strong><em>male</em></strong></span> <span class='ocrx_word' id='word_1_695' title='bbox 1481 4746 1531 4798; x_wconf 86' lang='lat' dir='ltr'><strong><em>sub</em></strong></span> <span class='ocrx_word' id='word_1_696' title='bbox 1548 4745 1592 4800; x_wconf 78' lang='lat' dir='ltr'><strong><em>itis</em></strong></span> <span class='ocrx_word' id='word_1_697' title='bbox 1607 4745 1692 4814; x_wconf 89' lang='lat' dir='ltr'><strong><em>pacis</em></strong></span> <span class='ocrx_word' id='word_1_698' title='bbox 1710 4762 1809 4799; x_wconf 90' lang='lat' dir='ltr'><strong><em>nomen</em></strong></span> <span class='ocrx_word' id='word_1_699' title='bbox 1829 4746 1931 4814; x_wconf 74' lang='lat' dir='ltr'><strong><em>ingeri·</em></strong></span> 
     </span>
     <span class='ocr_line' id='line_1_53' title="bbox 237 4826 1931 4901; baseline 0.001 -19"><span class='ocrx_word' id='word_1_700' title='bbox 237 4827 285 4898; x_wconf 90' lang='lat' dir='ltr'><strong><em>qui</em></strong></span> <span class='ocrx_word' id='word_1_701' title='bbox 303 4826 332 4881; x_wconf 90' lang='lat' dir='ltr'><strong><em>in</em></strong></span> <span class='ocrx_word' id='word_1_702' title='bbox 349 4826 465 4882; x_wconf 86' lang='lat' dir='ltr'><strong><em>concilio</em></strong></span> <span class='ocrx_word' id='word_1_703' title='bbox 478 4826 626 4882; x_wconf 89' lang='lat' dir='ltr'><strong><em>Basiliensi</em></strong></span> <span class='ocrx_word' id='word_1_704' title='bbox 639 4835 834 4895; x_wconf 78' lang='lat' dir='ltr'><strong><em>convenerant,</em></strong></span> <span class='ocrx_word' id='word_1_705' title='bbox 853 4829 881 4883; x_wconf 90' lang='lat' dir='ltr'><strong><em>in</em></strong></span> <span class='ocrx_word' id='word_1_706' title='bbox 892 4830 971 4899; x_wconf 87' lang='lat' dir='ltr'><strong><em>epist.</em></strong></span> <span class='ocrx_word' id='word_1_707' title='bbox 990 4846 1072 4901; x_wconf 85' lang='lat' dir='ltr'><strong><em>syno-</em></strong></span> <span class='ocrx_word' id='word_1_708' title='bbox 1098 4831 1147 4898; x_wconf 88' lang='lat' dir='ltr'><strong><em>tis,</em></strong></span> <span class='ocrx_word' id='word_1_709' title='bbox 1173 4837 1279 4883; x_wconf 88' lang='lat' dir='ltr'><strong><em>montes</em></strong></span> <span class='ocrx_word' id='word_1_710' title='bbox 1299 4831 1371 4883; x_wconf 79' lang='lat' dir='ltr'><strong><em>milti</em></strong></span> <span class='ocrx_word' id='word_1_711' title='bbox 1393 4839 1419 4884; x_wconf 89' lang='lat' dir='ltr'><strong><em>et</em></strong></span> <span class='ocrx_word' id='word_1_712' title='bbox 1446 4831 1527 4884; x_wconf 84' lang='lat' dir='ltr'><strong><em>laeua</em></strong></span> <span class='ocrx_word' id='word_1_713' title='bbox 1544 4839 1570 4886; x_wconf 90' lang='lat' dir='ltr'><strong><em>et</em></strong></span> <span class='ocrx_word' id='word_1_714' title='bbox 1590 4847 1717 4886; x_wconf 86' lang='lat' dir='ltr'><strong><em>carceres</em></strong></span> <span class='ocrx_word' id='word_1_715' title='bbox 1736 4839 1762 4884; x_wconf 74' lang='lat' dir='ltr'><strong><em>m</em></strong></span> <span class='ocrx_word' id='word_1_716' title='bbox 1783 4832 1931 4900; x_wconf 79' lang='lat' dir='ltr'><strong><em>sorapines</em></strong></span> 
     </span>
     <span class='ocr_line' id='line_1_54' title="bbox 236 4912 1932 4985; baseline 0.002 -17"><span class='ocrx_word' id='word_1_717' title='bbox 236 4912 293 4968; x_wconf 83' lang='lat' dir='ltr'><strong><em>deli</em></strong></span> <span class='ocrx_word' id='word_1_718' title='bbox 311 4914 347 4969; x_wconf 89' lang='lat' dir='ltr'><strong><em>ad</em></strong></span> <span class='ocrx_word' id='word_1_719' title='bbox 364 4913 506 4968; x_wconf 83' lang='lat' dir='ltr'><strong><em>universos</em></strong></span> <span class='ocrx_word' id='word_1_720' title='bbox 519 4912 622 4968; x_wconf 86' lang='lat' dir='ltr'><strong><em>Christi</em></strong></span> <span class='ocrx_word' id='word_1_721' title='bbox 640 4912 736 4969; x_wconf 87' lang='lat' dir='ltr'><strong><em>fideles</em></strong></span> <span class='ocrx_word' id='word_1_722' title='bbox 747 4914 912 4985; x_wconf 88' lang='lat' dir='ltr'><strong><em>loquuntur:</em></strong></span> <span class='ocrx_word' id='word_1_723' title='bbox 932 4917 1072 4970; x_wconf 84' lang='lat' dir='ltr'><strong><em>Animad-</em></strong></span> <span class='ocrx_word' id='word_1_724' title='bbox 1098 4924 1161 4969; x_wconf 87' lang='lat' dir='ltr'><strong><em>sunt</em></strong></span> <span class='ocrx_word' id='word_1_725' title='bbox 1185 4917 1314 4979; x_wconf 86' lang='lat' dir='ltr'><strong><em>tutiores,</em></strong></span> <span class='ocrx_word' id='word_1_726' title='bbox 1339 4916 1387 4972; x_wconf 92' lang='lat' dir='ltr'><strong><em>ubi</em></strong></span> <span class='ocrx_word' id='word_1_727' title='bbox 1408 4916 1488 4981; x_wconf 89' lang='lat' dir='ltr'><strong><em>dicit,</em></strong></span> <span class='ocrx_word' id='word_1_728' title='bbox 1511 4933 1603 4972; x_wconf 86' lang='lat' dir='ltr'><strong><em>reram</em></strong></span> <span class='ocrx_word' id='word_1_729' title='bbox 1623 4917 1769 4972; x_wconf 87' lang='lat' dir='ltr'><strong><em>ecclesiam</em></strong></span> <span class='ocrx_word' id='word_1_730' title='bbox 1793 4917 1864 4972; x_wconf 89' lang='lat' dir='ltr'><strong><em>adeo</em></strong></span> <span class='ocrx_word' id='word_1_731' title='bbox 1882 4934 1932 4972; x_wconf 89' lang='lat' dir='ltr'><strong><em>sno</em></strong></span> 
     </span>
     <span class='ocr_line' id='line_1_55' title="bbox 235 5000 1933 5073; baseline 0.002 -19"><span class='ocrx_word' id='word_1_732' title='bbox 235 5002 331 5054; x_wconf 84' lang='lat' dir='ltr'><strong><em>vertite</em></strong></span> <span class='ocrx_word' id='word_1_733' title='bbox 349 5000 480 5070; x_wconf 87' lang='lat' dir='ltr'><strong><em>inprimis</em></strong></span> <span class='ocrx_word' id='word_1_734' title='bbox 499 5021 515 5054; x_wconf 92' lang='lat' dir='ltr'><strong><em>o</em></strong></span> <span class='ocrx_word' id='word_1_735' title='bbox 536 5001 719 5055; x_wconf 74' lang='lat' dir='ltr'><strong><em>Christicolae</em></strong></span> <span class='ocrx_word' id='word_1_736' title='bbox 738 5009 765 5054; x_wconf 92' lang='lat' dir='ltr'><strong><em>et</em></strong></span> <span class='ocrx_word' id='word_1_737' title='bbox 782 5010 847 5055; x_wconf 89' lang='lat' dir='ltr'><strong><em>ante</em></strong></span> <span class='ocrx_word' id='word_1_738' title='bbox 860 5002 1072 5057; x_wconf 85' lang='lat' dir='ltr'><strong><em>oculosoestros</em></strong></span> <span class='ocrx_word' id='word_1_739' title='bbox 1098 5009 1221 5073; x_wconf 87' lang='lat' dir='ltr'><strong><em>tempore</em></strong></span> <span class='ocrx_word' id='word_1_740' title='bbox 1245 5002 1331 5059; x_wconf 83' lang='lat' dir='ltr'><strong><em>fuisse</em></strong></span> <span class='ocrx_word' id='word_1_741' title='bbox 1350 5003 1538 5070; x_wconf 86' lang='lat' dir='ltr'><strong><em>obscuratam,</em></strong></span> <span class='ocrx_word' id='word_1_742' title='bbox 1565 5010 1597 5059; x_wconf 86' lang='lat' dir='ltr'><strong><em>ut</em></strong></span> <span class='ocrx_word' id='word_1_743' title='bbox 1615 5004 1704 5059; x_wconf 88' lang='lat' dir='ltr'><strong><em>solum</em></strong></span> <span class='ocrx_word' id='word_1_744' title='bbox 1722 5004 1751 5057; x_wconf 91' lang='lat' dir='ltr'><strong><em>in</em></strong></span> <span class='ocrx_word' id='word_1_745' title='bbox 1771 5003 1887 5059; x_wconf 83' lang='lat' dir='ltr'><strong><em>latebris</em></strong></span> <span class='ocrx_word' id='word_1_746' title='bbox 1904 5009 1933 5059; x_wconf 86' lang='lat' dir='ltr'><strong><em>et</em></strong></span> 
     </span>
     <span class='ocr_line' id='line_1_56' title="bbox 230 5086 1932 5162; baseline 0.005 -24"><span class='ocrx_word' id='word_1_747' title='bbox 230 5086 329 5155; x_wconf 88' lang='lat' dir='ltr'><strong><em>ponite</em></strong></span> <span class='ocrx_word' id='word_1_748' title='bbox 360 5088 552 5141; x_wconf 82' lang='lat' dir='ltr'><strong><em>miserandum</em></strong></span> <span class='ocrx_word' id='word_1_749' title='bbox 583 5094 611 5140; x_wconf 90' lang='lat' dir='ltr'><strong><em>et</em></strong></span> <span class='ocrx_word' id='word_1_750' title='bbox 635 5088 760 5157; x_wconf 82' lang='lat' dir='ltr'><strong><em>flebilem</em></strong></span> <span class='ocrx_word' id='word_1_751' title='bbox 787 5096 889 5143; x_wconf 72' lang='lat' dir='ltr'><strong><em>statium</em></strong></span> <span class='ocrx_word' id='word_1_752' title='bbox 925 5090 1072 5157; x_wconf 79' lang='lat' dir='ltr'><strong><em>reliqionis</em></strong></span> <span class='ocrx_word' id='word_1_753' title='bbox 1098 5089 1224 5144; x_wconf 88' lang='lat' dir='ltr'><strong><em>cavernis</em></strong></span> <span class='ocrx_word' id='word_1_754' title='bbox 1235 5090 1411 5146; x_wconf 88' lang='lat' dir='ltr'><strong><em>inveniretur.</em></strong></span> <span class='ocrx_word' id='word_1_755' title='bbox 1430 5090 1539 5147; x_wconf 87' lang='lat' dir='ltr'><strong><em>Deinde</em></strong></span> <span class='ocrx_word' id='word_1_756' title='bbox 1548 5087 1848 5162; x_wconf 84' lang='lat' dir='ltr'><strong><em>Hieronymueindial.</em></strong></span> <span class='ocrx_word' id='word_1_757' title='bbox 1859 5098 1932 5147; x_wconf 87' lang='lat' dir='ltr'><strong><em>cont.</em></strong></span> 
     </span>
     <span class='ocr_line' id='line_1_57' title="bbox 236 5170 1934 5248; baseline 0.004 -24"><span class='ocrx_word' id='word_1_758' title='bbox 236 5170 429 5239; x_wconf 71' lang='lat' dir='ltr'><strong><em>Christianae,</em></strong></span> <span class='ocrx_word' id='word_1_759' title='bbox 457 5174 484 5226; x_wconf 88' lang='lat' dir='ltr'><strong><em>si</em></strong></span> <span class='ocrx_word' id='word_1_760' title='bbox 508 5190 541 5227; x_wconf 89' lang='lat' dir='ltr'><strong><em>eo</em></strong></span> <span class='ocrx_word' id='word_1_761' title='bbox 566 5177 684 5228; x_wconf 78' lang='lat' dir='ltr'><strong><em>redacto</em></strong></span> <span class='ocrx_word' id='word_1_762' title='bbox 711 5176 815 5243; x_wconf 80' lang='lat' dir='ltr'><strong><em>fuerit,</em></strong></span> <span class='ocrx_word' id='word_1_763' title='bbox 845 5184 876 5231; x_wconf 83' lang='lat' dir='ltr'><strong><em>nt</em></strong></span> <span class='ocrx_word' id='word_1_764' title='bbox 902 5176 1018 5246; x_wconf 71' lang='lat' dir='ltr'><strong><em>quisquc</em></strong></span> <span class='ocrx_word' id='word_1_765' title='bbox 1041 5175 1072 5228; x_wconf 86' lang='lat' dir='ltr'><strong><em>in</em></strong></span> <span class='ocrx_word' id='word_1_766' title='bbox 1098 5175 1290 5231; x_wconf 83' lang='lat' dir='ltr'><strong><em>Luciferianos</em></strong></span> <span class='ocrx_word' id='word_1_767' title='bbox 1315 5176 1350 5230; x_wconf 84' lang='lat' dir='ltr'><strong><em>de</em></strong></span> <span class='ocrx_word' id='word_1_768' title='bbox 1375 5178 1471 5233; x_wconf 84' lang='lat' dir='ltr'><strong><em>eodem</em></strong></span> <span class='ocrx_word' id='word_1_769' title='bbox 1488 5181 1612 5243; x_wconf 77' lang='lat' dir='ltr'><strong><em>tempore</em></strong></span> <span class='ocrx_word' id='word_1_770' title='bbox 1630 5175 1761 5248; x_wconf 82' lang='lat' dir='ltr'><strong><em>loquens:</em></strong></span> <span class='ocrx_word' id='word_1_771' title='bbox 1793 5177 1934 5246; x_wconf 82' lang='lat' dir='ltr'><strong><em>Inqemuit</em></strong></span> 
     </span>
     <span class='ocr_line' id='line_1_58' title="bbox 235 5260 1932 5330; baseline 0.006 -22"><span class='ocrx_word' id='word_1_772' title='bbox 235 5273 339 5311; x_wconf 90' lang='lat' dir='ltr'><strong><em>summo</em></strong></span> <span class='ocrx_word' id='word_1_773' title='bbox 363 5260 508 5326; x_wconf 78' lang='lat' dir='ltr'><strong><em>pontificio</em></strong></span> <span class='ocrx_word' id='word_1_774' title='bbox 535 5261 645 5328; x_wconf 83' lang='lat' dir='ltr'><strong><em>positus</em></strong></span> <span class='ocrx_word' id='word_1_775' title='bbox 666 5261 731 5329; x_wconf 85' lang='lat' dir='ltr'><strong><em>jam</em></strong></span> <span class='ocrx_word' id='word_1_776' title='bbox 756 5270 899 5315; x_wconf 88' lang='lat' dir='ltr'><strong><em>assecutus</em></strong></span> <span class='ocrx_word' id='word_1_777' title='bbox 916 5262 967 5330; x_wconf 82' lang='lat' dir='ltr'><strong><em>rit,</em></strong></span> <span class='ocrx_word' id='word_1_778' title='bbox 995 5263 1072 5330; x_wconf 81' lang='lat' dir='ltr'><strong><em>qnod</em></strong></span> <span class='ocrx_word' id='word_1_779' title='bbox 1098 5262 1175 5315; x_wconf 84' lang='lat' dir='ltr'><strong><em>orbis</em></strong></span> <span class='ocrx_word' id='word_1_780' title='bbox 1204 5271 1347 5317; x_wconf 87' lang='lat' dir='ltr'><strong><em>terrarum</em></strong></span> <span class='ocrx_word' id='word_1_781' title='bbox 1377 5271 1403 5316; x_wconf 91' lang='lat' dir='ltr'><strong><em>et</em></strong></span> <span class='ocrx_word' id='word_1_782' title='bbox 1433 5278 1463 5315; x_wconf 87' lang='lat' dir='ltr'><strong><em>se</em></strong></span> <span class='ocrx_word' id='word_1_783' title='bbox 1489 5260 1630 5315; x_wconf 80' lang='lat' dir='ltr'><strong><em>Arionem</em></strong></span> <span class='ocrx_word' id='word_1_784' title='bbox 1658 5279 1718 5317; x_wconf 87' lang='lat' dir='ltr'><strong><em>esse</em></strong></span> <span class='ocrx_word' id='word_1_785' title='bbox 1743 5264 1862 5317; x_wconf 84' lang='lat' dir='ltr'><strong><em>miratus</em></strong></span> <span class='ocrx_word' id='word_1_786' title='bbox 1886 5271 1932 5318; x_wconf 89' lang='lat' dir='ltr'><strong><em>est.</em></strong></span> 
     </span>
     <span class='ocr_line' id='line_1_59' title="bbox 235 5342 1933 5421; baseline 0.005 -27"><span class='ocrx_word' id='word_1_787' title='bbox 235 5342 340 5395; x_wconf 86' lang='lat' dir='ltr'><strong><em>nnllam</em></strong></span> <span class='ocrx_word' id='word_1_788' title='bbox 367 5346 565 5400; x_wconf 87' lang='lat' dir='ltr'><strong><em>correctionem</em></strong></span> <span class='ocrx_word' id='word_1_789' title='bbox 590 5364 609 5399; x_wconf 90' lang='lat' dir='ltr'><strong><em>a</em></strong></span> <span class='ocrx_word' id='word_1_790' title='bbox 629 5346 756 5401; x_wconf 75' lang='lat' dir='ltr'><strong><em>concilies</em></strong></span> <span class='ocrx_word' id='word_1_791' title='bbox 775 5348 953 5414; x_wconf 85' lang='lat' dir='ltr'><strong><em>qeneralibus</em></strong></span> <span class='ocrx_word' id='word_1_792' title='bbox 971 5346 1072 5400; x_wconf 82' lang='lat' dir='ltr'><strong><em>babeat</em></strong></span> <span class='ocrx_word' id='word_1_793' title='bbox 1096 5348 1168 5403; x_wconf 88' lang='lat' dir='ltr'><strong><em>Item</em></strong></span> <span class='ocrx_word' id='word_1_794' title='bbox 1199 5349 1319 5404; x_wconf 88' lang='lat' dir='ltr'><strong><em>Basilius</em></strong></span> <span class='ocrx_word' id='word_1_795' title='bbox 1350 5348 1430 5421; x_wconf 84' lang='lat' dir='ltr'><strong><em>epist.</em></strong></span> <span class='ocrx_word' id='word_1_796' title='bbox 1454 5351 1495 5403; x_wconf 79' lang='grc'><strong><em>69.</em></strong></span> <span class='ocrx_word' id='word_1_797' title='bbox 1526 5349 1554 5400; x_wconf 80' lang='lat' dir='ltr'><strong><em>et</em></strong></span> <span class='ocrx_word' id='word_1_798' title='bbox 1585 5353 1625 5402; x_wconf 77' lang='lat'><strong><em>70.</em></strong></span> <span class='ocrx_word' id='word_1_799' title='bbox 1652 5353 1705 5403; x_wconf 85' lang='lat' dir='ltr'><strong><em>ete.</em></strong></span> <span class='ocrx_word' id='word_1_800' title='bbox 1752 5348 1933 5405; x_wconf 86' lang='lat' dir='ltr'><strong><em>Bernhardus</em></strong></span> 
     </span>
     <span class='ocr_line' id='line_1_60' title="bbox 230 5428 1932 5505; baseline 0.008 -26"><span class='ocrx_word' id='word_1_801' title='bbox 230 5428 442 5498; x_wconf 86' lang='lat' dir='ltr'><strong><em>pertimescere,</em></strong></span> <span class='ocrx_word' id='word_1_802' title='bbox 469 5440 710 5502; x_wconf 87' lang='lat' dir='ltr'><strong><em>quantumcunque</em></strong></span> <span class='ocrx_word' id='word_1_803' title='bbox 730 5433 877 5487; x_wconf 71' lang='lat' dir='ltr'><strong><em>eccksiam</em></strong></span> <span class='ocrx_word' id='word_1_804' title='bbox 896 5433 1072 5488; x_wconf 82' lang='lat' dir='ltr'><strong><em>scandoliset</em></strong></span> <span class='ocrx_word' id='word_1_805' title='bbox 1097 5450 1177 5490; x_wconf 89' lang='lat' dir='ltr'><strong><em>serm.</em></strong></span> <span class='ocrx_word' id='word_1_806' title='bbox 1198 5439 1239 5491; x_wconf 90' lang='grc'><strong><em>33.</em></strong></span> <span class='ocrx_word' id='word_1_807' title='bbox 1263 5435 1293 5490; x_wconf 90' lang='lat' dir='ltr'><strong><em>in</em></strong></span> <span class='ocrx_word' id='word_1_808' title='bbox 1313 5433 1419 5491; x_wconf 79' lang='lat' dir='ltr'><strong><em>emus.</em></strong></span> <span class='ocrx_word' id='word_1_809' title='bbox 1434 5431 1476 5487; x_wconf 84' lang='lat' dir='ltr'><strong><em>ita</em></strong></span> <span class='ocrx_word' id='word_1_810' title='bbox 1492 5430 1640 5502; x_wconf 85' lang='lat' dir='ltr'><strong><em>deplorant</em></strong></span> <span class='ocrx_word' id='word_1_811' title='bbox 1659 5434 1728 5489; x_wconf 79' lang='lat' dir='ltr'><strong><em>vitia</em></strong></span> <span class='ocrx_word' id='word_1_812' title='bbox 1744 5435 1932 5505; x_wconf 87' lang='lat' dir='ltr'><strong><em>praelatorum</em></strong></span> 
     </span>
     <span class='ocr_line' id='line_1_61' title="bbox 235 5500 1932 5636; baseline 0.006 -69"><span class='ocrx_word' id='word_1_813' title='bbox 235 5513 336 5583; x_wconf 73' lang='lat' dir='ltr'><strong><em>eteius</em></strong></span> <span class='ocrx_word' id='word_1_814' title='bbox 348 5520 451 5568; x_wconf 88' lang='lat' dir='ltr'><strong><em>statum</em></strong></span> <span class='ocrx_word' id='word_1_815' title='bbox 458 5519 605 5586; x_wconf 81' lang='lat' dir='ltr'><strong><em>perturbet</em></strong></span> <span class='ocrx_word' id='word_1_816' title='bbox 617 5535 652 5572; x_wconf 84' lang='lat' dir='ltr'><strong><em>es</em></strong></span> <span class='ocrx_word' id='word_1_817' title='bbox 663 5519 812 5586; x_wconf 64' lang='lat' dir='ltr'><strong><em>dmolmm</em></strong></span> <span class='ocrx_word' id='word_1_818' title='bbox 830 5521 873 5575; x_wconf 84' lang='lat' dir='ltr'><strong><em>ito</em></strong></span> <span class='ocrx_word' id='word_1_819' title='bbox 886 5528 918 5575; x_wconf 89' lang='lat' dir='ltr'><strong><em>ut</em></strong></span> <span class='ocrx_word' id='word_1_820' title='bbox 933 5520 961 5576; x_wconf 86' lang='lat' dir='ltr'><strong><em>si</em></strong></span> <span class='ocrx_word' id='word_1_821' title='bbox 976 5536 1071 5576; x_wconf 71' lang='lat' dir='ltr'><strong><em>omnm</em></strong></span> <span class='ocrx_word' id='word_1_822' title='bbox 1098 5519 1221 5577; x_wconf 88' lang='lat' dir='ltr'><strong><em>omnium</em></strong></span> <span class='ocrx_word' id='word_1_823' title='bbox 1238 5519 1282 5576; x_wconf 85' lang='lat' dir='ltr'><strong><em>sui</em></strong></span> <span class='ocrx_word' id='word_1_824' title='bbox 1298 5500 1490 5636; x_wconf 44' lang='lat' dir='ltr'><strong><em>rebmag</em></strong></span> <span class='ocrx_word' id='word_1_825' title='bbox 1510 5516 1579 5572; x_wconf 81' lang='lat' dir='ltr'><strong><em>satis</em></strong></span> <span class='ocrx_word' id='word_1_826' title='bbox 1590 5519 1747 5586; x_wconf 86' lang='lat' dir='ltr'><strong><em>ostendant,</em></strong></span> <span class='ocrx_word' id='word_1_827' title='bbox 1761 5537 1794 5575; x_wconf 89' lang='lat' dir='ltr'><strong><em>eo</em></strong></span> <span class='ocrx_word' id='word_1_828' title='bbox 1808 5531 1932 5593; x_wconf 84' lang='lat' dir='ltr'><strong><em>tempore</em></strong></span> 
     </span>
    </p>
   </div>
   <div class='ocr_carea' id='block_1_3' title="bbox 0 0 2006 6021">
    <p class='ocr_par' dir='ltr' id='par_1_4' title="bbox 0 0 2006 6021">
     <span class='ocr_line' id='line_1_62' title="bbox 0 0 2006 6021; baseline 0 0"><span class='ocrx_word' id='word_1_829' title='bbox 0 0 2006 6021; x_wconf 95' lang='lat' dir='ltr'><strong><em> </em></strong></span> 
     </span>
    </p>
   </div>
  </div>
 </body>
</html>
