4004 6022
179 213 240 277 bii
743 204 866 265 Locus
882 204 1086 264 vibremus
1103 202 1302 265 SECUNDUS

177 367 246 420 cant
267 363 410 419 domimum
430 380 525 434 mm,
548 363 782 433 rtp'innm,'gssos
794 363 907 434 praesb
924 362 1011 425 Filio,
1037 363 1182 432 spiritibus
1200 359 1491 417 moriutdoctrimis
1509 358 1731 428 daemoniorum,
1751 376 1778 412 v.
1792 362 1825 416 i:
1844 359 1871 413 is

181 449 380 517 mediatrices,
398 450 484 504 sitam
501 467 535 504 ac
549 467 627 520 spem
639 468 728 519 suam,
746 466 863 521 eamque
875 448 1011 517 invocant,
1037 449 1182 517 hypocrisi
1198 448 1368 517 lapsanti-am
1384 447 1560 501 mendacium
1576 455 1602 500 et
1619 445 1812 500 cauteriatum
1826 446 1872 499 la·

180 544 212 598 stt
235 537 271 589 ab
292 537 370 591 berte
388 544 522 607 protopat
541 544 568 591 et
596 538 626 591 im
649 538 719 591 bora
743 537 841 590 mortis
866 536 1012 606 suscipiat,
1038 534 1373 598 beatiamcmsscimtiam,
1391 551 1417 590 v.
1431 539 1461 588 3:
1476 534 1683 603 prohibentium
1696 533 1811 599 ssime
1830 534 1873 586 ab·

182 638 239 693 qus
266 621 373 679 ratione
397 623 571 679 committunt
596 626 832 696 Mspaoterpstev.
873 621 1012 693 Imagines
1038 620 1140 674 stimme
1154 621 1259 684 acibis,
1269 638 1338 690 quos
1347 623 1426 674 Dsm
1438 620 1544 675 creavit
1552 625 1603 675 etc.
1616 619 1645 673 id
1654 619 1873 689 veroinpspstu

183 708 316 779 quasdam
337 709 455 764 adorant
471 710 548 765 cultu
559 709 664 775 latriae,
682 709 803 764 Thomas
816 713 888 779 part.
899 714 922 764 3.
934 724 960 778 q.
973 712 1012 761 25.
1039 706 1171 776 compleri
1187 706 1251 760 viva
1268 705 1360 775 praxis
1378 707 1507 761 ostendit
1542 710 1566 762 4.
1586 708 1738 774 Haereses,
1757 703 1875 760 ostendis

181 801 234 852 art.
252 799 275 850 3.
295 794 334 848 sic
355 797 529 852 committunt
547 800 775 868 siroselmprtov,
794 793 874 850 Coru
888 794 1014 864 Agrippa
1040 810 1100 847 mus
1119 792 1193 847 enim
1210 791 1351 862 superius,
1373 799 1508 863 papatum
1527 810 1587 848 esee
1605 793 1761 860 sentinam,
1788 791 1872 844 imre·

183 881 220 936 de
236 881 321 939 veuit.
333 881 436 938 scient.
456 900 481 940 c.
499 890 545 938 et:
564 884 634 937 Dici
650 901 706 938 aon
717 890 817 951 potest,
835 889 941 950 quanto
953 881 1014 934 ido·
1039 879 1095 948 pis
1115 886 1143 959 et
1160 878 1406 951 ἀνακεφαλαίωσιν
1416 881 1553 934 ranarum
1564 878 1734 935 haeresium.
1771 876 1875 931 Castro

182 968 302 1026 lolatria
319 969 417 1023 aleator
435 972 517 1039 apud
533 972 634 1024 radam
649 969 788 1039 populum
795 985 851 1038 per
863 967 1015 1035 imopinam
1040 967 1191 1019 secumdam
1205 974 1387 1036 praeceptam
1404 973 1504 1036 regnat
1521 966 1550 1019 in
1568 972 1687 1037 papatu:
1715 970 1743 1018 1.
1764 964 1873 1033 erupta,

183 1055 293 1108 cultam.
328 1055 434 1111 Panem
452 1056 664 1112 eucharisticum
677 1056 706 1110 in
719 1053 938 1127 processionibus
950 1052 1014 1106 ado·
1040 1068 1129 1123 eaque
1147 1052 1299 1121 multiplex.
1336 1051 1423 1123 Viget
1439 1053 1512 1106 enim
1533 1052 1589 1106 illic
1601 1053 1700 1121 mocio
1710 1051 1874 1117 diminuerit,

182 1147 247 1196 rant
269 1140 353 1196 etiam
377 1149 455 1198 extra
477 1159 558 1197 usum
585 1159 603 1198 a
624 1141 732 1198 Christo
750 1141 906 1196 institutum
924 1157 958 1194 ac
975 1145 1015 1194 to·
1040 1137 1167 1212 μαντική,
1185 1155 1242 1209 qua
1259 1139 1399 1194 revelante
1419 1137 1530 1193 diabolo
1548 1155 1592 1193 res
1609 1137 1724 1192 futurae
1742 1142 1774 1192 et
1789 1136 1875 1191 occul·

183 1232 243 1282 tum
262 1234 463 1282 sacramentum
481 1228 612 1297 adorant,
634 1229 708 1299 quod
729 1235 837 1282 constat
855 1225 1016 1280 nouaclum
1042 1233 1088 1280 tse
1111 1232 1324 1295 cognoscuntur.
1360 1224 1505 1295 Responsa
1527 1233 1665 1295 quaeruut
1690 1230 1722 1279 et
1739 1224 1877 1293 accipiunt

184 1329 215 1369 re
233 1313 354 1378 coelesti,
374 1330 489 1384 corpore
507 1314 614 1369 scilicet
631 1319 659 1369 et
678 1313 812 1385 sangrrine
829 1310 945 1380 Christi,
967 1309 1016 1365 sed
1042 1329 1060 1366 a
1076 1312 1183 1378 statuis,
1201 1328 1271 1383 quae
1282 1311 1364 1366 certis
1376 1312 1479 1365 sanctis
1491 1310 1656 1366 attribuunt.
1686 1310 1875 1380 sylvesterll

185 1399 269 1454 etiam
288 1416 319 1454 re
335 1404 462 1469 terrene,
481 1416 553 1468 pene
573 1399 677 1456 scilieet
692 1407 720 1455 et
738 1400 816 1465 vino,
832 1399 928 1469 sicque
943 1414 1017 1452 com-
1043 1396 1142 1451 habuit
1159 1397 1278 1468 figuram
1296 1398 1374 1453 aenei
1395 1397 1502 1468 eapitis,
1522 1397 1595 1468 quod
1616 1398 1704 1450 instar
1724 1396 1833 1451 oraculi
1850 1394 1876 1449 in

183 1486 299 1543 mittunt
322 1484 528 1556 iprotarpetoa.
562 1485 679 1558 Angelis
701 1487 831 1542 honorem
851 1484 1018 1539 adorationis
1044 1484 1135 1538 dubiis
1154 1483 1274 1554 negotiis
1289 1484 1441 1548 consuluit3
1460 1483 1611 1555 Gregorius
1623 1483 1689 1539 VlI.
1708 1481 1877 1538 Hildebrsa·

187 1572 327 1640 deferunt,
345 1579 374 1625 et
391 1569 444 1626 hac
462 1571 569 1627 ratione
588 1572 762 1626 committunt
776 1571 1017 1642 olyyslotorprtev.
1044 1571 1096 1624 dus
1120 1570 1210 1624 dietus
1236 1588 1268 1625 ex
1294 1588 1366 1642 pane
1389 1576 1548 1626 consecrate
1567 1577 1664 1625 cona-s
1682 1570 1878 1640 imperatorem

187 1656 279 1728 Ligno
296 1658 384 1712 crucis
403 1657 530 1712 deferunt
548 1657 653 1725 ¹cultum
664 1657 770 1726 latriae,
789 1659 883 1728 sicque
897 1656 1018 1711 commit·
1044 1656 1231 1712 adversarium
1245 1674 1325 1711 suum
1343 1672 1477 1727 responsa
1495 1656 1639 1728 quaesivit,
1660 1672 1737 1726 quae
1756 1672 1821 1710 cum
1833 1655 1878 1709 sli-

187 1749 251 1799 tunt
277 1746 516 1814 oroi-polemitas.
554 1738 702 1798 Fiduciam
722 1743 812 1799 cordis
830 1761 864 1798 ac
881 1760 959 1813 spem
976 1758 1019 1795 sa·
1044 1742 1156 1813 quaudo
1177 1760 1232 1797 nou
1255 1744 1449 1810 redderentur,
1475 1742 1504 1796 in
1527 1742 1621 1813 ignem
1645 1741 1727 1795 illum
1747 1742 1878 1811 conjecit3

187 1830 254 1886 lutis
273 1829 400 1902 defigunt
425 1830 454 1883 in
480 1827 559 1885 bonis
578 1828 720 1898 operibus,
743 1826 1019 1901 peregrinationibus,
1044 1830 1201 1886 Alexander
1212 1830 1262 1887 VI.
1282 1847 1297 1886 e
1317 1837 1384 1901 peto
1403 1847 1453 1900 per
1471 1845 1590 1884 errorem
1608 1844 1733 1895 veneno,
1754 1829 1831 1900 quod
1846 1844 1877 1882 ex

185 1916 309 1987 jejuniis,
327 1914 516 1986 eleemosynis,
535 1915 724 1986 indulgentiis,
736 1916 866 1985 operibus
877 1930 1019 1984 superero·
1043 1915 1131 1986 ipsius
1158 1919 1238 1987 jussu
1268 1915 1447 1988 optimatibus
1477 1915 1642 1987 quibusdam
1672 1915 1877 1985 propinandum

187 2002 317 2075 gationis,
335 2002 455 2057 cultibus
473 2000 608 2066 electitiis,
626 2007 702 2056 veste
712 2002 907 2070 Franciscana,
928 2001 1019 2055 cucul-
1045 2010 1112 2066 erat,
1131 2002 1251 2058 letaliter
1269 2009 1416 2074 aegrotans
1435 2001 1588 2056 ministrum
1599 2000 1752 2056 Modeuam
1771 2001 1801 2055 in
1818 2017 1878 2056 ecu-

188 2087 223 2143 lis
248 2087 407 2143 monasticis
432 2092 484 2143 etc.
518 2105 573 2158 qua
597 2088 704 2142 ratione
726 2088 821 2143 itidem
845 2087 1020 2142 committunt
1044 2089 1122 2144 clave
1145 2106 1225 2143 suum
1251 2089 1384 2144 secretius
1402 2088 1491 2156 misit,
1507 2093 1540 2140 ut
1557 2087 1684 2142 libellum
1706 2087 1878 2154 deauratum,

190 2174 388 2242 idololatriam,
411 2174 547 2245 siquidem
565 2172 668 2228 fiducia
686 2174 775 2228 cordis
794 2179 821 2229 et
839 2191 903 2244 spes
920 2173 1018 2227 salutis
1045 2177 1073 2229 in
1096 2192 1151 2247 quo
1168 2176 1262 2246 megia
1277 2175 1434 2245 consumpta
1452 2180 1524 2243 erat,
1543 2174 1669 2236 afferret,
1695 2191 1754 2245 quo
1772 2174 1810 2228 de
1825 2172 1878 2227 tius

188 2260 218 2315 iu
237 2260 297 2316 sola
315 2259 368 2316 Dei
389 2260 576 2315 misericordia
592 2267 621 2317 et
630 2260 732 2315 Christi
744 2261 840 2316 merito
852 2260 1019 2316 collocanda.
1045 2261 1118 2316 vitae
1143 2277 1210 2316 suae
1233 2261 1389 2315 consuleret
1405 2259 1497 2314 Deum
1522 2276 1611 2314 suum.
1646 2259 1777 2314 Minister
1796 2258 1878 2314 offen·

189 2346 331 2418 Reliquias
348 2354 504 2402 sanctorum
522 2347 652 2419 religiose
670 2354 848 2417 venerantur,
875 2365 922 2402 eas
941 2364 1018 2400 oscu·
1045 2347 1086 2402 dit
1110 2348 1240 2402 Satansm
1272 2347 1412 2402 sedentem
1441 2346 1470 2400 in
1496 2345 1642 2400 Pontificis
1670 2348 1751 2414 sede,
1783 2345 1879 2400 babitu

187 2432 280 2502 lando,
299 2449 391 2488 coram
409 2433 463 2486 illis
475 2432 650 2503 procidendo,
667 2435 901 2506 peregrinationes
918 2434 954 2489 ad
972 2450 1018 2488 eas
1045 2434 1198 2506 pontificali
1222 2433 1349 2488 indutum
1375 2449 1409 2487 sc
1432 2434 1580 2489 dicentem:
1611 2435 1675 2500 Epo
1706 2450 1771 2486 sum
1793 2448 1879 2503 popa

187 2518 357 2575 instituendo
383 2519 421 2574 ad
447 2519 564 2590 gratiam
593 2521 669 2590 apud
692 2521 783 2576 Deum
803 2519 1018 2591 promerendam,
1046 2522 1156 2591 Lipsius
1189 2521 1223 2575 de
1247 2520 1328 2575 idolis
1350 2520 1473 2592 Virginis
1497 2519 1638 2575 Hallensis
1663 2526 1693 2574 et
1715 2518 1879 2589 Aspricollis

187 2604 282 2676 sicque
293 2606 469 2660 committunt
481 2610 726 2676 saslsrotorpstos.
755 2607 883 2662 Pontifici
894 2607 1018 2662 Romano
1045 2608 1148 2671 scribit,
1166 2606 1242 2678 quod
1259 2623 1392 2676 responsa
1410 2606 1537 2662 dederint
1553 2614 1583 2661 et
1596 2606 1722 2660 homines
1735 2607 1878 2661 consilium

188 2695 218 2744 et
239 2707 340 2746 nomeu
356 2690 410 2746 Dei
428 2699 457 2746 et
474 2691 590 2747 bonores
610 2693 717 2748 divinos
736 2693 880 2757 deferunt,
903 2710 959 2764 qua
976 2709 1018 2747 rs·
1045 2711 1139 2749 eorum
1156 2692 1328 2762 postulantes
1347 2692 1505 2747 erudierint
1541 2691 1606 2746 Hire
1617 2692 1742 2762 partinet
1752 2700 1879 2760 stepaso»

188 2775 264 2830 tione
276 2776 450 2832 committunt
462 2782 679 2847 monstruosior.
700 2779 1018 2850 Aug.Steuchustom.3.
1045 2781 1168 2851 propitia
1186 2778 1344 2846 trithemii,
1367 2795 1426 2849 qua
1443 2777 1559 2832 consilia
1575 2777 1747 2833 clancularia
1764 2793 1818 2849 per
1836 2778 1879 2833 de-

189 2860 235 2917 lib.
260 2867 283 2917 2.
307 2861 563 2920 detonatcmm.
583 2864 902 2921 asseverantem:
925 2868 1020 2920 Audis
1045 2866 1163 2921 ferentes
1190 2864 1302 2935 spiritus
1328 2865 1435 2920 occulte
1457 2863 1510 2918 sibi
1534 2864 1651 2919 invicem
1674 2852 1883 2919 communicare

93 2982 134 3015 31.
162 2978 170 3009 ;
189 2965 324 3003 maesiam
342 2950 505 3024 poptificem
528 2968 547 3004 o
571 2949 751 3006 Constantino
775 2953 870 3005 Deum
894 2953 1020 3023 appella·
1046 2959 1175 3022 possuut,
1195 2951 1243 3021 qui
1262 2968 1323 3007 eam
1340 2955 1449 3006 norunt.
1489 2951 1558 3006 item
1576 2950 1716 3020 adjuratio
1734 2953 1880 3023 spirituum

190 3040 248 3087 tam
266 3040 292 3086 et
308 3033 430 3087 habitam
444 3053 503 3104 pro
522 3038 604 3105 Deo,·
629 3036 681 3090 boe
699 3037 828 3091 videlicet
838 3040 952 3106 foetam
972 3049 1020 3107 est,
1046 3039 1103 3093 sive
1115 3038 1267 3092 ammarum
1279 3037 1480 3108 apparentium,
1498 3053 1570 3109 quae
1583 3038 1730 3107 quomodo,
1745 3039 1881 3108 quibusve

190 3134 252 3173 eam
276 3137 336 3173 eam
356 3122 511 3190 praeclaro
529 3123 580 3176 illo
597 3124 690 3177 edicto
706 3124 865 3187 decoravit,
888 3127 1021 3179 adoramt
1047 3124 1206 3179 ceremoniis
1230 3124 1400 3178 instituenda
1423 3124 1472 3192 sit,
1498 3124 1578 3178 docet
1597 3123 1712 3179 Wierus
1731 3124 1781 3181 lib.
1806 3125 1880 3180 1.de

190 3209 232 3259 nti
249 3207 355 3270 Deam,
372 3209 416 3283 ati
434 3208 540 3263 Christi
555 3217 582 3263 st
597 3209 680 3263 Petri
694 3227 891 3278 memorem,
910 3212 1021 3266 divisos
1047 3210 1209 3281 praestigiis·
1229 3209 1392 3265 daemonum
1415 3226 1438 3263 c.
1466 3214 1504 3264 13.
1531 3225 1565 3263 ex
1588 3209 1696 3265 Jacobo
1719 3210 1756 3264 de
1780 3209 1880 3267 Chusa.

190 3293 309 3346 bonores
327 3294 361 3357 si,
378 3296 475 3362 quood
491 3295 553 3362 ejas
565 3296 671 3362 potuit,
689 3297 821 3366 contais‘t,
838 3299 913 3351 velat
930 3298 1020 3352 vivom
1047 3297 1155 3351 Deinde
1173 3297 1249 3367 viget
1265 3296 1294 3350 in
1307 3302 1412 3367 papatu
1423 3296 1520 3363 mopio
1529 3297 1880 3365 praeeripiatriuiufasci·

191 3376 298 3433 Cirrrbti
309 3379 615 3446 imapioemoemeratas
627 3391 674 3434 est.
708 3383 778 3439 ”R
791 3383 926 3437 Aemilius
938 3383 985 3439 lib.
996 3392 1020 3439 ’1.
1047 3383 1205 3437 nationibus
1222 3389 1250 3438 et
1266 3383 1439 3438 illusionibus
1457 3382 1518 3435 sita
1554 3381 1672 3445 Quando
1691 3382 1767 3442 euim
1786 3383 1880 3438 deiun-

191 3464 284 3531 reiert,
302 3466 377 3536 quod
397 3482 471 3536 papa
483 3466 589 3538 legatos
601 3466 709 3522 Siculos
722 3467 800 3523 humi
810 3470 1020 3526 venerabundos
1048 3476 1154 3523 ciorum
1165 3469 1271 3523 animas
1283 3476 1448 3539 apparentes
1464 3469 1602 3537 adjurant,
1613 3475 1680 3522 tunc
1694 3468 1763 3524 illae
1775 3469 1813 3525 de
1825 3486 1879 3537 suo,

189 3552 245 3606 sibi
267 3551 420 3607 acelamare
441 3553 610 3622 permiserit:
635 3554 738 3608 Sancte
757 3557 860 3623 Pater,
877 3558 929 3626 qai
944 3559 1022 3612 tolb'a
1048 3572 1129 3626 quem
1146 3557 1175 3611 iu
1193 3557 1354 3626 purgatorio
1366 3555 1431 3626 igne
1442 3556 1603 3623 sustineant,
1623 3555 1751 3610 cruciatu
1764 3572 1880 3627 conque·

187 3647 306 3705 peccato
329 3639 441 3705 mandi,
465 3639 597 3693 ms‘aerers
620 3642 720 3709 nostri,
743 3643 793 3711 qai
810 3643 888 3697 tollis
901 3653 1021 3712 peccato
1047 3649 1159 3712 rantur,
1176 3643 1318 3712 postulant
1336 3641 1477 3712 suffragia,
1496 3647 1602 3696 certum
1619 3659 1768 3697 numerum
1787 3645 1878 3698 misss-

190 3726 297 3793 mandr,
314 3727 392 3778 dona
408 3725 488 3777 nobis
502 3727 655 3793 parerat*
690 3727 874 3783 Bellarmiuus
896 3731 924 3783 in
944 3747 1021 3802 prae
1047 3747 1121 3797 rum,
1142 3729 1326 3799 jejuniorum,
1346 3729 1582 3799 eleemosynarum
1602 3735 1655 3783 etc.
1695 3746 1771 3799 quae
1791 3729 1879 3789 omnis

191 3807 239 3868 iat
277 3809 327 3865 lib.
369 3810 405 3865 de
447 3827 554 3865 summo
587 3812 718 3882 pontifice
756 3814 830 3868 dicta
867 3816 1020 3888 scripturae
1047 3822 1111 3870 suut
1128 3830 1221 3870 merae
1238 3814 1404 3886 praestigiae
1421 3814 1533 3869 diaboli.
1559 3814 1676 3879 Quaado
1689 3815 1800 3871 obsessi
1811 3830 1879 3889 equs

192 3898 228 3959 de
263 3897 363 3965 lapids
394 3897 536 3965 pretioso,
572 3914 644 3968 quae
681 3899 732 3953 soli
766 3899 877 3955 Christo
911 3919 1020 3973 compe·
1047 3901 1153 3955 lustrali
1176 3901 1392 3972 adsperguntur,
1416 3900 1460 3954 rel
1485 3901 1628 3955 exorcismi
1647 3917 1733 3971 super
1751 3901 1817 3957 illos
1836 3903 1877 3957 de·

191 3988 268 4052 tunt,
290 3982 326 4037 ad
346 3981 502 4053 pontificem
525 3985 663 4041 transfert
686 3985 748 4042 Joh.
765 3988 925 4042 Andradius
943 4007 965 4045 a
984 3991 1021 4045 ad
1047 3992 1206 4054 cantantur,
1230 3987 1357 4041 diabolus
1379 3986 1472 4041 illudit
1494 3986 1698 4057 spectatoribus
1724 4005 1759 4043 ac
1780 4004 1812 4043 se
1828 3996 1878 4044 tes

191 4067 321 4123 honorem
339 4069 373 4123 de
391 4076 449 4124 aut.
468 4076 496 4124 et
514 4086 567 4125 usu
583 4071 675 4140 pallii,
696 4071 851 4127 Hostieusis
870 4092 894 4130 c.
911 4076 1021 4139 Quanto
1047 4073 1125 4145 queri
1147 4073 1202 4127 illis
1220 4073 1327 4127 naeniis
1344 4072 1465 4128 simulat.
1500 4073 1564 4127 Huc
1581 4074 1721 4143 pertinent
1739 4074 1885 4135 illusiones,

191 4153 226 4208 de
250 4155 346 4211 usual.
371 4156 453 4226 episc.
478 4163 506 4211 et
525 4156 738 4212 Panormitanus
757 4175 779 4213 c.
800 4159 872 4216 licet
889 4161 925 4216 de
941 4163 1020 4218 elect
1047 4167 1075 4214 et
1110 4159 1305 4214 fascinationes
1340 4159 1480 4213 satanicae
1508 4176 1559 4231 per
1589 4158 1708 4214 conficta
1738 4160 1921 4229 minutulam

191 4239 324 4309 scribunt,
340 4259 447 4310 popam
468 4251 494 4295 st
514 4242 656 4296 Obrimum
673 4245 770 4308 sorore
787 4263 871 4299 anam
890 4250 1021 4304 comisto·
1048 4247 1140 4316 qualia
1163 4246 1250 4300 multa
1271 4245 1300 4299 in
1323 4252 1427 4315 papatu
1445 4245 1558 4301 inerunt
1575 4247 1658 4302 edita
1693 4246 1829 4320 Denique
1843 4247 1881 4302 si·

191 4327 265 4393 rism
287 4335 312 4381 et
337 4337 447 4396 eccepto
460 4336 578 4396 peccato
594 4347 702 4398 popam
719 4332 803 4398 essaei
821 4334 915 4387 ommia
928 4351 1020 4402 posse,
1048 4338 1096 4403 get
1118 4333 1147 4386 in
1171 4339 1277 4402 papatu
1300 4332 1365 4385 talis
1388 4333 1485 4402 mopia
1504 4334 1663 4402 operatrici.
1687 4350 1763 4403 qaae
1781 4352 1836 4406 ope
1854 4336 1881 4390 e

191 4428 263 4482 qaae
277 4421 369 4481 potest
381 4415 468 4482 Deus,
489 4423 515 4466 et
527 4415 664 4469 oramine
676 4416 906 4487 iudicariposae.
937 4420 1021 4477 Prae·
1048 4418 1199 4473 collusione
1223 4417 1327 4472 diaboli
1344 4417 1473 4473 mirificos
1493 4417 1609 4473 effectus
1621 4419 1688 4475 edit
1718 4419 1768 4476 Sic
1781 4419 1881 4477 sacrifi·

191 4503 268 4554 terea
285 4515 348 4553 cum
364 4515 421 4554 non
439 4500 527 4555 solum
544 4500 701 4556 idololatris
716 4502 761 4568 sit,
776 4507 890 4572 quondo
902 4508 936 4560 id
946 4511 1023 4576 qaod
1047 4506 1102 4559 culi
1120 4503 1261 4558 diabolum
1273 4521 1307 4558 ex
1318 4502 1438 4558 obsessis
1450 4504 1572 4574 ejiciunt,
1585 4509 1696 4574 spectra
1707 4522 1744 4561 ex
1756 4507 1882 4563 domibus

191 4603 247 4640 mos
266 4593 307 4639 sat
320 4587 399 4640 Deae
420 4586 524 4640 coliem
542 4587 643 4652 divine,
662 4588 804 4644 sedetiam
817 4595 931 4660 mando
941 4611 1021 4648 serus
1048 4592 1178 4662 abigunt,
1204 4590 1342 4645 mirabilis
1359 4592 1496 4662 quaedam
1511 4596 1672 4660 operantur,
1693 4601 1796 4662 sponte
1813 4593 1882 4648 seili-

192 4673 273 4726 Daras
300 4672 403 4725 coliem
429 4690 485 4726 aon
510 4673 618 4741 divise,
646 4673 698 4728 hoc
721 4683 764 4729 est
789 4678 869 4732 modo
890 4679 920 4732 iu
938 4681 1021 4735 verbo
1048 4684 1093 4732 cet
1110 4677 1225 4731 cedente
1244 4675 1354 4731 diabolo
1374 4683 1402 4731 et
1419 4675 1548 4731 mirificos
1566 4676 1628 4731 illos
1646 4675 1766 4734 effectus
1784 4681 1882 4750 produ·

190 4756 376 4827 praescripto,
409 4757 533 4828 quisquis
560 4759 632 4814 euim
658 4759 713 4814 alia
737 4761 844 4817 ratione
867 4763 958 4819 Deum
979 4783 1021 4821 co·
1049 4764 1144 4826 sendo,
1162 4763 1240 4816 utin
1258 4763 1883 4832 idololatriaetsuperstitionehominsscau·

85 4860 131 4906 m,
143 4861 177 4906 ec,
190 4844 247 4899 lere
263 4843 390 4911 instituit,
408 4861 491 4913 quam
509 4845 538 4897 in
557 4845 641 4900 verbo
659 4849 845 4918 praescripsit,
863 4850 886 4904 is
904 4868 958 4906 non
976 4868 1022 4906 ve-
1048 4850 1144 4904 lirmet
1171 4849 1333 4920 isengrinus
1344 4849 1374 4902 in
1386 4848 1456 4903 libro
1474 4850 1509 4904 de
1520 4849 1609 4904 Maria
1620 4850 1753 4907 inVeteri
1764 4852 1883 4925 Oetings

190 4946 252 4984 rum
278 4929 382 4996 Deum,
410 4929 459 4984 sed
483 4929 587 4985 idolum
610 4932 701 4987 cordis
725 4934 767 4987 sui
786 4937 884 4990 adorat
904 4945 931 4991 et
949 4939 1023 5004 colit,
1048 4937 1145 5004 refert,
1164 4934 1196 4989 P.
1217 4934 1357 4990 Canisium
1376 4935 1497 5005 puellam
1516 4936 1656 5005 quandam
1676 4937 1820 4994 obsessam
1838 4956 1881 5011 ps·

191 5015 254 5072 ideo
279 5017 316 5071 ad
338 5015 522 5070 idololatriam
540 5015 715 5073 Pontificiam
739 5021 836 5076 merito
855 5023 937 5077 etiam
953 5008 1144 5087 refe-leuliari
1167 5021 1249 5090 plane
1272 5021 1354 5075 modo
1372 5038 1390 5074 a
1408 5021 1542 5076 daemone
1558 5020 1697 5075 liberasse.
1735 5021 1829 5080 Juesit
1844 5024 1882 5081 st·

190 5109 288 5157 rantur
305 5103 398 5157 variae
416 5103 655 5172 itstoepouaelm,
679 5123 751 5176 quae
767 5108 913 5163 maximam
931 5110 1021 5164 cultus
1033 5104 1036 5160 ζ
1046 5109 1110 5163 ierri
1122 5108 1257 5162 cariosam
1269 5107 1346 5160 illam
1360 5105 1465 5162 Mariae
1481 5106 1595 5177 virginis
1610 5107 1639 5160 iu
1651 5106 1750 5165 Veteri
1763 5109 1881 5183 Ostiugs

188 5196 296 5257 partem
313 5188 342 5242 in
361 5204 448 5258 reguo
465 5188 611 5244 Pontificio
629 5189 777 5246 absolvunt
796 5198 867 5249 teste
878 5195 1020 5250 Durando.
1032 5184 1035 5243 l
1046 5200 1165 5248 statuam
1184 5202 1212 5249 et
1229 5210 1247 5246 a
1264 5202 1343 5264 tergo
1361 5193 1445 5265 capiti
1463 5194 1573 5263 puellae
1585 5210 1646 5248 eam
1657 5195 1801 5265 imposuit,
1816 5204 1882 5255 tune

188 5276 216 5326 3.
236 5275 391 5342 Apostusiu
409 5292 429 5328 o
446 5276 518 5343 fide,
538 5281 561 5332 l.
580 5275 643 5329 Tim
661 5283 693 5341 4,
713 5295 740 5331 v.
762 5285 790 5334 1:
819 5280 945 5348 Spiritus
962 5300 1020 5335 ma·
1031 5248 1034 5361 ⁴
1045 5280 1162 5336 Satanas
1187 5280 1262 5334 illico
1287 5280 1466 5335 exclamavit:
1490 5282 1608 5334 Dimitte
1632 5298 1676 5334 me
1702 5300 1719 5336 o
1742 5287 1882 5354 merem,

189 5359 291 5426 miscete
309 5362 386 5423 dicit,
405 5363 480 5429 qood
496 5360 525 5414 ιἰι
542 5363 699 5416 maissims's
718 5366 884 5433 temporibus
904 5369 1018 5436 quidam
1044 5375 1070 5421 et
1101 5367 1171 5435 qaid
1198 5382 1240 5418 me
1262 5373 1320 5420 tem
1342 5367 1497 5421 viridantes·
1522 5367 1639 5421 calceii
1677 5369 1728 5423 sed
1757 5369 1882 5426 Garmias

190 5445 432 5516 decedemstidc,
444 5446 647 5518 duernionem
657 5453 702 5517 τῆς
711 5454 836 5519 πίστεως,
844 5455 1017 5508 attendentes
1043 5452 1136 5523 coegit
1159 5452 1338 5523 demensus,
1360 5459 1394 5508 ut
1418 5451 1472 5508 bos
1489 5454 1645 5510 convicium
1669 5456 1882 5514 resorbentes
