4004 6022
195 265 255 319 550
288 202 290 207 Α
750 251 872 308 LOCUS
891 246 1095 307 VIOESIMUS
1113 248 1313 312 SEOUNDUS

197 408 401 465 113.b.1tt.b.
422 406 926 464 1111311).1111111111111
947 404 1029 460 lsleb.
1060 404 1209 462 circumite
1230 408 1293 462 oias
1311 410 1474 463 Jerstsalem
1501 417 1527 464 et
1551 411 1695 480 1111111111
1720 419 1752 465 et
1770 412 1893 466 conside

194 494 214 552 i.
240 494 344 550 mne
395 493 562 562 Campiauus
586 492 721 547 Pistoriae
748 492 973 563 Ungersdorffius
1002 497 1031 546 et
1056 500 1119 545 rate
1137 501 1163 546 et
1186 496 1314 564 qreaerite
1337 497 1368 549 in
1383 496 1497 565 plateis,
1517 514 1555 550 aa
1572 498 1724 551 inveniatis
1742 499 1836 552 uisum
1851 501 1894 564 fa

195 581 293 651 reliqui
314 579 526 635 calumniatores
544 579 666 644 addunt,
684 581 761 646 qnod
771 580 866 645 suerit
884 579 1029 631 meribibu-
1057 577 1170 632 merten
1187 581 1332 647 judiciam
1356 589 1383 634 et
1405 591 1584 650 quaerentem
1604 585 1688 647 fidem
1708 592 1736 638 et
1750 586 1894 654 propritim

195 668 254 733 lna,
274 667 445 719 incestuosas
463 672 514 719 etc.
553 665 680 719 Becanus
698 664 745 719 lib.
763 665 799 719 de
813 665 929 720 eeclesia
943 682 988 734 qu.
1007 670 1029 718 3.
1057 665 1085 717 ei
1103 682 1152 718 ere
1173 672 1225 721 etc.
1261 666 1308 720 Es.
1327 673 1369 731 53,
1388 686 1414 722 r.
1436 676 1463 724 l:
1480 671 1603 723 Domine
1621 671 1685 739 quir
1703 672 1832 724 credidit
1848 690 1893 725 ou-

195 753 283 806 conel.
307 758 344 806 le.
362 769 437 806 uum.
459 757 516 806 105.
540 751 614 821 quod
633 752 718 806 fuerit
735 753 871 819 miamin,-
888 751 976 805 eoncl.
992 755 1031 807 11.
1058 751 1134 803 ditui
1149 755 1321 818 nostrai)**
1356 753 1462 809 Eadem
1481 755 1639 810 testimonie
1657 755 1779 811 Lutberi
1799 758 1894 812 ethiu-

197 857 271 892 num.
295 844 349 893 126.
370 837 445 907 quod
459 839 626 892 concesserit
638 839 779 892 libidines.
804 837 1029 906 Respondemus:
1059 836 1128 889 sculi
1158 839 1260 907 repetit
1290 840 1417 895 Becanus
1447 840 1497 896 lib.
1525 841 1561 896 de
1591 841 1710 896 ecclesia
1737 849 1848 913 quaest.
1872 849 1893 898 1.

196 925 252 979 imo
280 941 345 979 vero
376 924 490 994 quidam
517 941 549 978 ex
572 924 640 994 ipsis
662 923 817 979 Pontifieiis
838 923 942 992 juratis
967 922 1033 976 licet
1060 921 1145 976 conel.
1172 928 1195 978 t.
1218 941 1291 980 num.
1317 931 1341 981 8.
1387 926 1614 996 Respondemus:
1647 934 1668 982 1.
1694 927 1788 981 auius
1812 930 1894 998 partis

197 1010 322 1067 hostibus
348 1010 434 1064 vitam
461 1011 548 1080 ipsius
575 1010 736 1080 probarunt.
772 1010 903 1062 Erasmus
928 1009 957 1060 in
976 1007 1032 1076 epi·
1060 1007 1162 1077 scripta
1173 1009 1263 1080 magis
1275 1016 1401 1065 anement
1411 1010 1539 1065 convitiis
1551 1018 1580 1066 et
1593 1012 1761 1081 maledictis,
1774 1013 1894 1067 omnium

198 1096 270 1151 stola
291 1094 328 1148 ad
345 1094 482 1149 Thomam
507 1095 676 1150 cardinalem
697 1095 900 1149 Eboraoensem
925 1093 972 1146 lib.
994 1098 1032 1146 11.
1061 1092 1106 1161 pie
1124 1094 1295 1149 eruditorum
1313 1095 1421 1165 judicio
1437 1096 1650 1167 committimus,
1668 1115 1713 1154 res
1732 1098 1798 1168 ipsa
1815 1101 1895 1152 maui-

198 1181 305 1250 epistol.
333 1188 359 1236 t:
386 1181 519 1234 Hominis
540 1180 680 1249 (Lutberi)
705 1182 764 1234 uite
786 1198 889 1250 magno
913 1180 1032 1232 omnium
1059 1177 1130 1232 feste
1149 1180 1273 1235 ostendit
1292 1181 1468 1247 Cochlaoum,
1487 1183 1607 1247 Surium,
1625 1181 1780 1238 Pistorium
1798 1192 1853 1242 etc.
1870 1187 1896 1239 iu

197 1283 331 1321 consensa
352 1267 506 1335 probatur,
529 1269 596 1335 jam
622 1267 656 1320 id
674 1285 730 1319 non
748 1268 807 1320 leue
822 1265 1032 1335 praeiudicium
1061 1264 1231 1320 convitiandi
1254 1273 1313 1320 arte
1337 1266 1420 1321 facile
1445 1268 1548 1338 primas
1572 1273 1676 1326 tenere.
1723 1275 1745 1324 t.
1771 1276 1820 1323 An
1837 1285 1897 1324 rere

198 1361 250 1417 eat,
275 1360 384 1406 tantam
403 1369 461 1406 esse
479 1370 588 1405 morum
606 1354 809 1421 integritatem,
827 1360 858 1406 ut
874 1370 924 1405 nec
942 1353 1033 1407 hostes
1061 1356 1156 1419 posset
1178 1351 1293 1422 gratim
1311 1353 1463 1407 ouantium
1481 1353 1535 1408 diei
1555 1371 1638 1425 quam
1658 1355 1734 1425 qued
1757 1355 1897 1412 Bellarmi-

198 1439 355 1506 reperiant,
373 1441 450 1506 queri
467 1440 681 1492 calumnientur.
719 1438 797 1493 Idem
815 1438 844 1491 in
864 1438 980 1507 epistola
997 1438 1032 1492 ad
1060 1453 1112 1489 nus
1137 1436 1189 1492 hoc
1207 1437 1268 1490 loco
1288 1444 1407 1506 eructat,
1430 1440 1538 1492 nullum
1559 1441 1632 1494 inter
1645 1460 1696 1496 nos
1709 1459 1768 1496 esee
1781 1444 1899 1497 1111111111

198 1524 303 1579 cardin.
321 1523 517 1594 Mogontinum
536 1525 583 1581 lib.
609 1530 647 1580 ta.
667 1525 775 1594 epistol.
794 1542 820 1594 p.
843 1530 909 1579 421:
936 1525 971 1580 Si
988 1525 1036 1578 alli
1060 1522 1092 1555 ¹¹*
1101 1522 1216 1592 Repetit
1246 1533 1338 1578 tamen
1371 1525 1433 1579 lac.
1464 1524 1620 1596 Reihingus
1650 1525 1680 1579 in
1708 1528 1798 1582 muris
1828 1529 1897 1583 sirit.

198 1613 325 1673 fauorem
342 1620 372 1664 ut
388 1612 450 1664 uiro
469 1612 546 1679 hono,
565 1614 642 1679 quod
652 1614 786 1677 fatentur
805 1620 831 1664 et
845 1612 944 1680 hostes,
963 1628 1034 1680 qaue
1061 1614 1173 1662 sanctae
1197 1607 1275 1662 fund.
1300 1615 1324 1663 8.
1343 1627 1371 1680 p.
1399 1615 1464 1664 204:
1487 1610 1621 1665 Ecclesia
1637 1613 1781 1667 catholiea
1800 1615 1899 1669 multoe

201 1705 270 1751 essct
288 1697 419 1750 inutilia!
447 1696 586 1751 Roffensis
603 1701 655 1753 art.
676 1702 717 1752 3⁴.
736 1697 799 1754 adv.
817 1697 901 1751 Luth.
920 1696 1035 1752 adducit
1060 1694 1160 1760 melos,
1179 1696 1231 1747 ced
1249 1702 1275 1748 11
1292 1696 1511 1750 innumerabiles
1520 1697 1605 1751 bonos
1617 1706 1645 1751 et
1657 1700 1900 1754 maltoee'ilnstrer

199 1783 275 1853 piam
291 1781 409 1836 Lutheri
426 1781 654 1837 admonitionem:
678 1783 788 1845 Qnmrto
807 1784 910 1837 raetiae
919 1785 1035 1851 faeere-
1061 1787 1173 1832 sanctos
1197 1781 1291 1849 habet,
1317 1789 1410 1835 vestre
1437 1783 1556 1836 ecelesia
1580 1785 1672 1839 malos
1694 1786 1756 1838 sine
1776 1804 1899 1852 numae,

201 1887 272 1937 mus,
286 1869 314 1922 si
323 1869 449 1936 primum
468 1870 650 1939 erationibsn,
672 1870 728 1923 imo
748 1871 832 1923 totins
843 1870 1035 1924 eitaemutata
1062 1866 1171 1918 nudum
1197 1875 1324 1921 sanctum
1346 1869 1436 1925 babet.
1472 1869 1602 1935 costerus
1629 1869 1660 1924 in
1687 1871 1796 1927 enchir.
1823 1889 1848 1926 c.
1876 1879 1898 1929 t.

97 1961 188 2004 11111.
201 1954 312 2008 ratione
329 1956 423 2007 Deum
445 1953 600 2023 propitium
616 1955 797 2020 saceraotem!
828 1961 856 2010 et
874 1954 1035 2025 subjungit:
1062 1969 1089 2021 p.
1111 1957 1173 2006 1052
1201 1953 1348 2006 Haeretici
1369 1961 1495 2007 sanetum
1515 1956 1651 2010 nemim
1668 1957 1838 2012 1111111111
1859 1959 1900 2012 eei

202 2041 291 2093 Nemo
310 2041 361 2108 oui
376 2039 469 2108 sapit,
487 2048 552 2093 tuae
572 2039 884 2107 (hottmannessum
901 2042 1035 2110 refrepa-
1063 2039 1227 2102 habuerunt,
1240 2042 1898 2110 neumanenorsamadcoeloepraemiaerant.“

201 2128 284 2179 111111.
320 2124 499 2181 Ostendimus
516 2132 609 2180 autem
629 2125 710 2194 alibi,
734 2126 864 2180 videlicet
881 2125 910 2180 in
929 2126 1037 2196 praeia-
1064 2123 1137 2188 Quid
1165 2141 1230 2179 vero
1259 2124 1308 2178 fiet
1337 2125 1372 2179 de
1400 2126 1550 2196 baptisatis
1575 2127 1732 2182 infantibus
1754 2128 1785 2182 iu
1809 2136 1900 2183 nostra

202 2212 277 2266 110111
302 2211 372 2266 libro
391 2212 427 2265 D.
447 2212 548 2266 Johan.
566 2212 666 2279 Fabri,
690 2213 738 2283 qui
755 2213 878 2267 confluet
895 2212 1037 2268 refutatio·
1064 2210 1189 2279 ecclesie,
1208 2227 1276 2264 num
1297 2217 1325 2266 et
1342 2210 1382 2265 illi
1399 2229 1455 2266 nou
1474 2219 1538 2267 sunt
1557 2213 1643 2268 beni?
1680 2212 1772 2285 Atqui
1791 2215 1816 2267 si
1835 2216 1899 2284 legi·

203 2316 266 2353 uem
282 2298 412 2368 papistici
431 2298 570 2352 discursus
583 2305 635 2354 etc.
654 2299 785 2370 praefixa,
800 2299 875 2371 qnod
893 2299 1037 2354 calumniis
1064 2298 1146 2351 fimus
1176 2296 1206 2350 in
1236 2303 1333 2350 nostra
1357 2297 1476 2352 ecclesia
1502 2298 1714 2353 administratur
1736 2298 1900 2370 baptismus,

202 2385 230 2438 in
251 2384 403 2439 Lutberum
425 2389 453 2438 et
471 2383 558 2454 ipsius
577 2385 680 2453 scripta
698 2386 829 2455 proJectis
848 2386 981 2439 adversus
993 2401 1037 2439 ee·
1064 2383 1139 2453 quod
1157 2383 1268 2452 ipsimet
1285 2381 1424 2437 Pontifieii
1438 2391 1594 2454 agnoscunt
1607 2384 1786 2454 aciatentur,
1807 2388 1901 2458 utique

203 2470 349 2525 closiarum
379 2476 535 2523 nostrarum
562 2471 715 2524 doctrinam
738 2487 836 2541 parum
862 2471 1036 2540 proficiatur:
1065 2468 1183 2539 Spiritus
1208 2477 1320 2523 sauctus
1343 2486 1394 2540 per
1416 2469 1494 2523 illum
1511 2470 1540 2523 in
1556 2469 1686 2524 cordibus
1706 2471 1849 2526 infantum
1867 2472 1901 2526 ad

207 2564 227 2611 1.
248 2557 314 2627 quia
333 2556 481 2626 scriptores
501 2556 645 2625 papistici,
670 2558 717 2626 qui
738 2557 849 2611 virente
870 2557 1037 2612 1111111111-
1065 2554 1313 2626 regenerationem·
1329 2572 1362 2608 ae
1389 2555 1596 2610 renovationem
1617 2555 1717 2610 efficax
1737 2560 1795 2625 est,
1821 2558 1899 2612 adeo

202 2644 281 2696 thero
300 2643 329 2695 in
347 2649 487 2697 certamen
504 2660 567 2696 cum
589 2644 648 2713 ipso
663 2644 874 2706 descenderunt,
894 2643 970 2705 nihil,
982 2645 1039 2699 tale
1066 2658 1119 2711 que
1143 2641 1231 2695 bonos
1253 2640 1315 2694 illos
1339 2640 1433 2695 efficit.
1473 2640 1576 2710 *lipsi
1592 2640 1720 2695 Jesuitae
1738 2641 1810 2696 alibi
1828 2643 1900 2697 testi·

205 2730 239 2782 do
257 2729 317 2797 ipso
336 2734 498 2795 memorant,
515 2747 570 2783 nou
590 2730 811 2798 praetermissuri
830 2729 907 2799 illud,
926 2729 949 2783 si
970 2729 1037 2800 quid
1068 2727 1188 2780 monium
1207 2725 1339 2782 bonitatis
1357 2726 1581 2780 Protestantibus
1594 2726 1739 2796 praebent.
1774 2726 1901 2783 Castam

203 2814 328 2868 veritatis
350 2813 495 2867 calumniis
518 2814 573 2866 illis
593 2814 728 2870 subesset.
764 2822 788 2870 2.
809 2814 1039 2879 Quiaauditores
1066 2811 1093 2864 in
1111 2812 1215 2867 enchir.
1236 2828 1260 2866 c.
1281 2818 1305 2866 2.
1325 2830 1352 2882 p.
1373 2818 1438 2867 20¹:
1458 2814 1557 2866 Edant
1575 2813 1623 2866 ilii
1639 2814 1759 2867 moralia
1777 2832 1901 2869 nonnam

204 2918 269 2955 suos
297 2918 314 2954 a
338 2899 458 2954 lectione
480 2900 614 2954 librorum
631 2900 747 2955 Lutheri
767 2906 871 2968 arcent,
889 2919 938 2955 cur
955 2902 1040 2972 igitur
1067 2915 1151 2967 patrm
1184 2898 1268 2964 bono,
1300 2898 1463 2968 largirentur
1493 2899 1695 2966 elemosynae,
1726 2903 1903 2956 senodochia

206 2992 265 3041 tam
292 2993 398 3041 atroces
422 2987 613 3040 accusationes
631 2987 684 3056 ipsi
704 2988 856 3050 intentant,
883 2988 929 3041 cui
948 2988 1040 3043 omnia
1067 2987 1185 3053 eriount,
1206 2985 1350 3037 moderate
1368 3000 1463 3036 eoram
1482 2984 1598 3053 1111111111
1615 2985 1718 3047 oiormt,
1737 3003 1756 3038 a
1770 2988 1903 3041 1111111111

205 3090 255 3143 pro
280 3089 310 3126 se
333 3071 520 3140 respondendi
544 3063 636 3127 media
654 3072 682 3126 in
700 3073 798 3127 animis
817 3073 974 3127 auditorum
993 3074 1038 3127 de·
1066 3079 1091 3123 et
1102 3071 1277 3139 juramentis
1289 3069 1435 3125 abstinent.
1458 3069 1786 3128 Maldonatusiuliatth.
1796 3079 1901 3141 i,v.15:

206 3158 330 3229 negant?
363 3159 397 3211 Si
422 3175 569 3211 accusasse
592 3159 713 3227 crrJ'ficit,
736 3159 799 3227 areis
816 3161 949 3213 innocens
966 3161 1041 3214 erit?
1068 3157 1150 3209 Nihil
1168 3157 1199 3209 in
1219 3174 1313 3210 eonem
1331 3172 1380 3211 ore
1397 3157 1455 3209 nisi
1471 3156 1560 3210 Pater
1577 3163 1672 3210 noster
1690 3157 1829 3228 coelestin
1848 3161 1905 3214 niei

206 3254 231 3301 :t
250 3244 322 3309 Quia
345 3259 378 3297 ex
399 3243 519 3314 propriis
540 3244 661 3313 ipserum
681 3245 817 3300 historicis
837 3253 952 3312 constat,
972 3263 1039 3316 qua·
1068 3243 1209 3311 Christus,
1235 3243 1293 3296 nisi
1303 3243 1395 3311 fides,
1415 3244 1610 3311 juramentum
1628 3244 1807 3313 inauditnm,
1834 3247 1905 3300 nitri

207 3332 269 3385 litor
288 3329 415 3400 plerique
432 3329 576 3399 pontifices
591 3331 690 3386 seculis
703 3333 900 3401 posterioribus
912 3332 1040 3396 vixerint,
1067 3332 1097 3382 in
1121 3345 1216 3382 eoram
1232 3329 1328 3396 sactis
1344 3328 1402 3381 nisi
1420 3329 1605 3396 eleemosyna,
1632 3328 1689 3380 nisi
1706 3332 1904 3399 temperantia,

209 3434 272 3470 cum
298 3432 414 3486 quorum
439 3415 553 3486 flagitiis
577 3416 599 3470 si
617 3426 812 3488 comparentur
830 3436 870 3487 ea,
892 3436 965 3490 quae
989 3422 1040 3473 l.u-
1069 3417 1125 3468 11111
1154 3416 1300 3470 orodestie.
1320 3418 1335 3442 ⁰
1349 3413 1493 3469 Sandaeus
1519 3415 1549 3468 in
1576 3413 1706 3484 emtigat.
1735 3415 1771 3470 de
1795 3417 1902 3489 prodig.

207 3502 286 3556 thero
312 3501 453 3566 tribuunt,
477 3501 575 3554 ludum
602 3519 635 3555 ae
655 3504 751 3572 jocum
778 3503 888 3558 dixeris.
925 3511 949 3562 1.
968 3506 1042 3571 Quia
1068 3502 1124 3556 Jcs.
1152 3499 1270 3554 liberal:
1300 3500 1390 3552 Multi
1413 3500 1636 3553 Protectontiam
1658 3502 1818 3569 probitates
1840 3521 1904 3556 non·

208 3586 362 3641 Lutherum
389 3603 441 3640 nec
464 3603 514 3655 pro
532 3587 657 3656 apostolo
675 3588 834 3644 immediate
852 3596 963 3657 vocato,
990 3608 1042 3645 nee
1068 3586 1619 3655 111711111111111,1111111111111111111”11’11“1
1636 3587 1736 3655 officia
1756 3605 1904 3659 1111111111-

207 3690 259 3743 pro
283 3670 415 3742 pontifice
432 3670 637 3726 infallibilitatis
657 3673 729 3727 dono
746 3675 881 3730 instructo
898 3676 1041 3746 habemus,
1069 3682 1128 3738 tar,
1152 3672 1274 3725 morolio
1291 3674 1430 3740 1111111111
1452 3689 1539 3741 opera
1556 3690 1612 3726 non
1631 3673 1711 3726 malo
1732 3678 1905 3729 exerente*

209 3759 258 3812 sed
278 3774 330 3828 pro
349 3756 463 3810 salutari
481 3763 509 3810 et
529 3757 617 3812 electo
636 3776 755 3829 organo,
774 3778 829 3829 quo
848 3761 925 3814 Deus
946 3762 982 3816 ad
1002 3781 1042 3818 re·
1070 3765 1093 3813 3.
1113 3758 1236 3814 Verbum
1260 3757 1315 3812 Dei
1338 3757 1375 3811 ab
1393 3758 1520 3812 omnibus
1546 3758 1709 3828 corruptelis
1727 3763 1757 3813 et
1776 3762 1905 3832 supersti-

208 3844 401 3899 formationem
429 3842 571 3898 doctrinae
603 3850 632 3897 et
657 3845 854 3901 revelationem
878 3847 1042 3903 Antichristi
1069 3844 1192 3898 tionibus
1228 3843 1355 3897 humanis
1390 3849 1569 3914 repurgatum
1599 3845 1774 3900 auditoribus
1807 3847 1906 3901 nostris

210 3948 277 3984 usus
303 3936 352 3985 est.
393 3936 416 3984 5.
443 3929 515 3992 Quia
537 3930 626 3983 multa
650 3932 678 3983 in
704 3930 849 3985 ecclesiam
873 3933 947 3987 bona
967 3935 1043 3990 Deus
1069 3931 1262 4001 proponimus,
1294 3928 1353 3983 fieri
1382 3945 1449 3999 ergo
1478 3930 1588 3999 nequit,
1619 3934 1651 3983 ut
1677 3929 1708 3984 in
1732 3933 1905 4002 quorundam

210 4036 259 4088 per
278 4015 431 4071 liutherum
450 4015 575 4084 contulit,
594 4033 648 4085 quo
660 4016 750 4069 minus
764 4017 932 4087 dubitamus,
953 4020 1043 4089 ipsum
1070 4016 1201 4072 cordibus
1219 4031 1274 4067 nou
1291 4013 1363 4069 ferat
1382 4013 1513 4077 fructum,
1531 4014 1631 4070 Esaiae
1651 4021 1696 4079 55,
1714 4033 1739 4072 r.
1763 4023 1809 4072 10:
1835 4019 1906 4081 Quo-
1918 4017 1952 4057 m

210 4111 243 4157 ut
260 4102 378 4173 Spiritus
399 4101 487 4156 sancti
507 4118 642 4173 organum
664 4108 692 4157 et
711 4102 844 4158 salutaria
863 4105 1005 4175 scripsisse
1017 4114 1045 4163 et
1071 4106 1154 4158 modo
1175 4102 1319 4155 descondit
1337 4102 1424 4153 imber
1444 4108 1470 4153 et
1490 4101 1538 4153 nie
1558 4103 1689 4155 (1111111
1708 4110 1732 4155 et
1748 4104 1816 4157 iilic
1831 4106 1907 4158 altra

211 4191 257 4259 pie
273 4189 359 4242 vitam
378 4188 475 4259 egisse,
495 4190 576 4257 cujus
594 4187 634 4242 rei
647 4194 732 4243 testes
745 4189 878 4243 niro‘nrru
890 4176 1127 4262 Philippouinon
1151 4187 1301 4241 reuertitur
1322 4187 1381 4240 nisi
1402 4188 1583 4241 inebriaverit
1610 4196 1715 4241 terrum
1740 4197 1769 4242 et
1788 4193 1906 4256 fervean-

212 4273 372 4340 llathesius,
388 4273 585 4329 JustusJouas
599 4273 686 4328 etalii
699 4275 870 4331 luculentum
883 4277 936 4348 ipsi
952 4279 1046 4333 ferunt
1072 4279 1123 4330 dat
1152 4290 1214 4327 earn
1239 4282 1266 4326 et
1291 4274 1450 4342 preminere
1474 4290 1534 4326 eone
1549 4274 1630 4342 facit
1656 4279 1724 4339 etc·
1750 4293 1777 4329 r.
1807 4284 1846 4333 11.
1868 4279 1906 4331 rie

211 4359 407 4417 testimouium.
1073 4363 1127 4415 erit
1151 4362 1263 4413 verbum
1284 4377 1387 4427 merim,
1422 4363 1498 4428 osred
1524 4361 1683 4428 egredietur
1705 4363 1740 4414 cle
1765 4381 1817 4417 ore
1841 4381 1906 4431 meo,

86 4453 172 4493 nsrur·
248 4452 306 4501 210.
342 4446 369 4499 A
394 4443 517 4498 Lutbero
540 4445 717 4516 progreditur
736 4446 919 4502 Bellarminus
936 4449 972 4502 ad
992 4452 1017 4503 I
1017 4469 1046 4501 11
1072 4466 1127 4501 non
1152 4454 1304 4499 revertetur
1329 4447 1371 4500 acl
1392 4463 1433 4498 me
1457 4463 1581 4499 1111111111.
1620 4446 1724 4516 Legem
1741 4447 1799 4504 Dei
1822 4451 1906 4505 omnis

86 4504 191 4595 ffli'mu
213 4533 353 4598 tieronoa
371 4531 486 4601 quasin
504 4531 629 4585 doctores
652 4537 735 4601 atque
753 4533 894 4587 auditores
908 4534 1047 4604 dispescit.
1074 4532 1241 4587 sanctitatis.
1255 4549 1287 4586 ae
1311 4532 1401 4601 pietat
1402 4532 1425 4584 is
1450 4547 1574 4585 normam
1599 4532 1706 4587 sincere
1728 4534 1862 4591 docemus
1882 4541 1907 4591 et

87 4607 199 4647 dmm
216 4621 259 4671 De
279 4618 440 4671 doctoribus
458 4618 628 4687 pronuntiat,
650 4621 726 4686 111111
743 4620 769 4670 ei
782 4635 814 4670 ea
827 4620 952 4687 ipsorum
965 4621 1048 4674 libris
1074 4618 1247 4672 auditoribus
1271 4617 1457 4684 inculcamus,
1480 4624 1512 4671 ut
1537 4617 1764 4688 adagnitionem
1782 4629 1907 4691 peccato·

86 4670 125 4749 bio
126 4659 199 4749 dbbi
208 4704 734 4773 1111111111,1111111111111111111111,
750 4705 1047 4758 nraledictaeteonui·
1074 4723 1135 4758 rum
1154 4704 1282 4774 perducti
1300 4709 1328 4757 et
1345 4702 1400 4758 fide
1417 4703 1520 4757 Christi
1538 4702 1677 4758 beneficia
1695 4706 1908 4780 amplexijuxta

87 4763 188 4853 iifrffl,
215 4792 256 4844 tio
278 4790 455 4853 tollerentur,
480 4806 512 4841 eo
536 4791 666 4843 menimis
690 4791 876 4843 uoluminibus
894 4793 940 4844 oin
958 4792 1051 4845 libelli
1075 4807 1198 4845 normam
1218 4789 1289 4860 legis
1307 4789 1381 4843 bona
1399 4806 1484 4859 opera
1500 4789 1651 4860 proferant.
1687 4790 1845 4862 Docemus,
1868 4812 1909 4849 re

211 4877 359 4945 perexigua
355 4875 588 4943 efficipossent;
602 4876 637 4929 de
652 4877 1049 4946 arretitoriinsorpressaasse·
1076 4895 1135 4932 ram
1159 4883 1186 4930 et
1212 4875 1363 4930 salvificam
1388 4875 1471 4930 fidem
1495 4893 1550 4930 non
1575 4877 1911 4949 esseutiosam,sed1n

215 4963 260 5027 rit,
280 4962 354 5032 qued
374 4962 446 5013 inter
466 4960 532 5014 illos
550 4962 646 5014 111ιὶ1111
663 4963 700 5014 sit
720 4963 815 5026 1111111,
833 4981 888 5032 quo
900 4961 956 5019 fine
970 4965 1051 5018 affert
1077 4962 1169 5017 studio
1193 4962 1329 5016 bonorum
1355 4979 1469 5031 operum
1492 4960 1650 5029 efficacem,
1675 4980 1708 5016 ae
1727 4921 1847 5033 proinde
1866 4965 1911 5020 ubi

216 5047 373 5102 testimonia
392 5045 521 5115 Lutberi,
541 5045 631 5099 Andr.
652 5046 780 5113 Musculi,
802 5048 901 5102 iacobi
920 5050 1051 5103 Andreae
1077 5067 1162 5119 opera
1178 5066 1234 5103 uon
1252 5054 1388 5118 apparent
1407 5054 1492 5113 11111,
1510 5048 1548 5103 ibi
1567 5065 1659 5103 veram
1676 5048 1762 5104 tidem
1781 5070 1838 5106 non
1856 5070 1912 5106 esse

217 5143 245 5189 ct
264 5133 380 5202 Erasmi,
399 5133 500 5204 quibus
521 5135 557 5185 cie
575 5135 743 5202 cormrpteiie
761 5135 834 5187 vitoe
851 5151 884 5187 ae
902 5154 1009 5188 moram
1022 5135 1051 5188 in
1079 5136 1163 5199 intra3
1191 5135 1335 5196 docemus,
1361 5151 1411 5203 per
1431 5141 1547 5205 peccata
1566 5142 1662 5190 contra
1680 5137 1913 5192 conscicntiama

219 5218 344 5274 ecclesiis
375 5218 544 5289 evangelicis
576 5227 789 5288 conqueruntur.
838 5221 869 5254 **
880 5220 962 5284 (Sunt
987 5238 1052 5277 vero
1078 5221 1182 5275 renatis
1200 5220 1291 5274 excuti
1307 5219 1440 5290 Spiritum
1459 5226 1585 5275 sanctum
1602 5229 1630 5276 et
1648 5220 1732 5276 fidem
1748 5224 1913 5291 salvificam

220 5309 349 5371 ,aeternae
368 5312 510 5375 pasterum
523 5304 653 5373 querelae
670 5320 726 5358 non
744 5304 992 5362 Rhadamantheae
1007 5309 1053 5377 ju·
1079 5307 1258 5378 proponimus
1281 5305 1454 5360 auditoribus
1482 5307 1583 5361 nostris
1607 5307 1788 5378 gravissimas
1818 5316 1848 5366 et
1872 5328 1912 5364 ur·

219 5390 310 5442 ‹tioum
338 5391 499 5445 sententias.
539 5390 663 5446 Eaedem
688 5391 816 5460 querelae
841 5391 875 5446 de
899 5393 956 5447 suis
975 5394 1053 5447 audi·
1080 5391 1257 5460 gentissimas
1277 5408 1388 5455 causas,
1409 5397 1523 5461 propter
1537 5401 1606 5463 quas
1626 5393 1699 5448 bona
1717 5411 1806 5464 opera
1824 5414 1914 5452 neees-

219 5475 325 5530 toribus
347 5480 495 5532 occurrunt
513 5476 588 5546 apud
607 5477 763 5547 prophetas.
799 5476 904 5532 ierem:
919 5485 949 5546 5,
976 5497 1001 5534 v.
1022 5486 1050 5534 l:
1081 5478 1154 5532 sario
1170 5477 1300 5534 iacienda
1316 5477 1379 5548 sint,
1398 5478 1529 5533 videlicet
1545 5483 1660 5549 propter
1676 5479 1786 5552 Deum,
1804 5490 1915 5555 propter
